3684 5567
610 236 729 300 142
1062 232 1392 303 [ΑΠΟΡΙΩΝ
1441 233 1561 289 ΚΑΙ
1601 233 1868 291 ΛΥΣΕΩΝ
1905 233 2189 291 ΒΙΒΛΙΟΝ
2228 234 2597 291 ΤΕΤΑΡΤΟΝ
2636 236 2866 305 21-23]

713 406 902 489 μένοις
949 410 1032 494 μὴ
1080 413 1275 480 καλῶς
1326 410 1588 492 γίνεσθαι
1634 409 1856 493 μόνοις,
1912 410 2063 474 ἀλλὰ
2109 411 2202 473 καὶ
2257 414 2375 478 τοῖς
2420 406 2908 493 ὑποπτευομένοις
2959 411 3056 473 καὶ
3099 414 3219 477 τοῖς

717 511 1105 595 διαβληθῆναι
1149 513 1513 594 δυναμένοις,
1568 514 1606 576 ἃ
1652 516 1900 595 μάλιστα
1947 515 2137 599 ἰσχύει
2182 512 2338 597 παρὰ
2387 510 2394 597 Ι
2444 517 2561 582 τοῖς
2605 514 2925 595 ἀγνοοῦσιν.
3017 514 3070 576 εἰ
3114 514 3180 576 δὲ
3222 518 3324 575 272

711 612 925 694 γίνεταί
973 638 1053 683 τις
1108 616 1206 678 καὶ
1258 616 1356 678 ἐπὶ
1400 620 1519 684 τοῖς
1572 617 1852 684 τοιούτοις
1902 616 2132 691 ἀδοξία,
2186 615 2292 679 οὐκ
2336 615 2780 679 ἀποκέκλεισται
2834 616 2866 678 6
2913 616 3092 698 μηδὲν
3136 615 3219 677 αἰ·

718 718 899 799 σχρὸν
946 718 1194 802 ποιήσας
1238 722 1341 781 τοῦ
1387 720 1447 783 ἐν
1481 719 1678 803 ἀδοξίᾳ
1724 720 2006 783 δύνασθαι
2050 719 2336 803 γενέσθαι.
2406 720 2476 803 ἢν
2523 718 2750 788 ἀδοξίαν
2795 718 2848 781 εἰ
2893 720 2986 782 δεῖ
3026 718 3214 802 φοβεῖ-

642 837 671 885 5
709 818 881 894 σθαι,
936 821 976 904 ἣ
1022 820 1188 883 οὐδὲν
1235 819 1472 884 ἔλαττον
1520 822 1587 883 ἐκ
1633 823 1917 906 διαβολῶν
1962 823 2002 906 ἦ
2050 823 2116 886 ἐκ
2161 822 2424 907 πράξεων
2468 822 2680 904 γίνεται
2725 822 2785 903 [6
2831 822 2896 884 δὲ
2941 826 3044 905 τῆς
3089 821 3217 884 ἀδο·
3267 834 3298 877 5

709 920 831 990 ξίας
874 922 1057 1008 φόβος
1102 924 1327 1006 αἰδώς],
1374 924 1479 987 οὐκ
1519 925 1819 1009 ἀλλότριον
1867 930 2033 988 τοῦτο
2079 923 2197 1009 <τὸ>
2241 926 2432 995 πάθος
2477 924 2615 989 οὐδὲ
2657 930 2774 987 τῶν
2805 925 3075 989 ἐπιεικῶν
3119 924 3214 1008 εἴη

710 1022 780 1087 ἄν
827 1027 925 1089 καὶ
971 1026 1117 1089 κατὰ
1172 1028 1275 1111 τὴν
1318 1029 1545 1111 ἠλικίαν
1600 1028 2079 1114 προβεβηκότων,
2131 1030 2271 1093 οὐδὲ
2327 1027 2454 1093 κατ’
2510 1028 2712 1105 αὐτόν,
2767 1026 2930 1111 εἴγε
2975 1029 3068 1091 δεῖ
3109 1027 3213 1111 μὲν

710 1128 1108 1210 φυλάττεσθαι
1162 1131 1257 1193 καὶ
1302 1132 1613 1215 φοβεῖσθαι
1666 1134 1769 1216 τὴν
1817 1132 2076 1209 ἀδοξίαν,
2131 1138 2304 1196 τοῦτο
2360 1131 2413 1196 δ’
2479 1133 2630 1196 ἐστιν
2677 1132 2877 1202 αἰδώς.
2965 1129 3048 1194 ἔτι
3092 1134 3210 1200 τοῖς
3238 1146 3294 1189 1⁰

704 1234 899 1301 καλῶς
943 1256 1007 1295 τε
1051 1234 1148 1297 καὶ
1194 1240 1419 1317 σεμνῶς
1465 1235 1683 1320 βιοῦσιν
1716 1241 1800 1321 τῷ
1834 1239 2023 1299 πάντα
2065 1237 2287 1322 αἰσχρὰ
2315 1236 2361 1321 †
2391 1237 2576 1301 πάντα
2621 1234 3048 1319 διαβεβλῆσθαι
3095 1234 3211 1316 μεί-

609 1353 671 1400 10
711 1336 825 1404 ζων
873 1335 905 1396 6
950 1341 1053 1420 τῆς
1098 1334 1192 1401 ἐπ’
1234 1336 1427 1408 αὐτοῖς
1475 1338 1704 1408 ἀδοξίας
1748 1338 1950 1425 φόβος,
1995 1341 2092 1403 καὶ
2126 1342 2404 1424 μειζόνως
2447 1339 2622 1403 αὐτὸν
2668 1340 3070 1423 φυλάττονται,
3115 1339 3204 1401 διὸ

706 1441 803 1502 καὶ
847 1439 1213 1525 συμβέβηκεν
1258 1442 1481 1510 τούτοις
1524 1443 1814 1507 αἰδεῖσθαι
1860 1445 2130 1528 μάλιστα,
2178 1444 2264 1513 οἷς
2312 1443 2537 1528 σφόδρα
2581 1442 2704 1506 ἐστὶ
2747 1442 2818 1505 τὰ
2863 1440 3082 1526 αἰσχρὰ
3127 1465 3214 1524 μι·
3243 1454 3296 1497 15

708 1543 876 1626 σητά.
967 1545 1005 1625 ἣ
1050 1544 1160 1628 γὰρ
1215 1545 1394 1614 αἰδὼς
1439 1546 1543 1609 οὐκ
1598 1544 1783 1610 ἔοικεν
1837 1548 2041 1617 ἁπλῶς
2099 1546 2245 1610 εἶναι
2299 1546 2483 1631 φόβος
2537 1545 2796 1623 ἀδοξίας,
2859 1546 3012 1607 ἀλλὰ
3065 1544 3210 1607 πολὺ

706 1643 982 1731 πρότερον
1029 1648 1403 1732 ἀλλοτριότης
1449 1653 1594 1735 πρὸς
1638 1650 1709 1713 τὰ
1754 1651 1994 1735 αἰσχρά,
2043 1648 2114 1713 δι’
2170 1651 2241 1734 ἣν
2287 1652 2342 1713 οἱ
2386 1650 2573 1719 οὕτως
2617 1647 2852 1734 ἔχοντες
2897 1650 3212 1733 φοβοῦνται

703 1749 805 1832 τὴν
862 1747 953 1812 ἐπ’
1011 1750 1207 1821 αὐτοῖς
1259 1751 1509 1821 ἀδοξίαν.
1599 1754 1652 1817 εἰ
1706 1750 1756 1817 δ’
1822 1754 1976 1817 ἐστὶν
2032 1758 2286 1817 τοιοῦτον
2340 1754 2380 1837 ἡ
2435 1755 2637 1832 αἰδώς,
2703 1750 2894 1815 οὐκέτ’
2952 1751 3019 1814 ἂν
3077 1751 3295 1815 οὐδὲω

606 1872 665 1921 15
704 1853 895 1923 πάθος
940 1855 1141 1923 ἁπλῶς
1186 1854 1307 1939 εἴη,
1363 1854 1483 1919 ἀλλ’
1539 1856 1649 1927 ἕξις
1694 1882 1777 1926 τις
1832 1858 1930 1921 καὶ
1985 1858 2271 1936 διάθεσις,
2323 1852 2366 1940 ᾗ
2425 1857 2491 1920 τὸ
2547 1856 2964 1941 προειρημένον
3010 1854 3210 1918 ἕπεται

705 1956 912 2026 πάθος.
1001 1962 1116 2021 τῶν
1160 1962 1297 2041 γοῦν
1342 1960 1491 2023 κατὰ
1535 1962 1640 2043 τὴν
1692 1962 1919 2044 ἠλικίαν
1973 1960 2420 2047 προβεβηκότων
2474 1959 2606 2029 τοὺς
2660 1960 2764 2043 μὲν
2810 1958 2878 2023 ού
2923 1962 3210 2044 φυλασσο-

706 2060 916 2143 μένους
960 2062 1029 2125 τὰ
1084 2061 1301 2147 αἰσχρὰ
1347 2063 1471 2127 οὐδ’
1524 2062 1674 2134 ὅλως
1727 2063 1797 2128 ἂν
1847 2064 1956 2128 ἴδοι
2001 2088 2084 2133 τις
2127 2063 2534 2147 αἰδουμένους·
2590 2063 2688 2127 διὰ
2729 2062 2840 2147 γὰρ
2887 2062 3200 2146 συνήθειαν

706 2168 822 2226 τῶν
868 2166 1277 2249 πραττομένων
1323 2167 1520 2237 αὐτοῖς
1562 2171 2138 2253 καταπεφρονήκασιν
2184 2174 2288 2253 τῆς
2332 2166 2426 2231 ἐπ’
2481 2166 2677 2236 αὐτοῖς
2721 2165 2968 2236 ἀδοξίας.
3043 2168 3098 2229 οἱ
3143 2168 3210 2231 δὲ
3235 2182 3290 2224 25

700 2266 1121 2351 καθαρεύοντες
1166 2270 1283 2333 ἀπὸ
1314 2276 1430 2334 τῶν
1468 2272 1743 2335 τοιούτων
1791 2275 2011 2355 μᾶλλον
2056 2272 2350 2335 αἰδοῦνται
2392 2270 2553 2351 τότε,
2600 2270 2724 2356 ὅσῳ
2776 2268 2782 2355 Ι
2832 2269 3167 2334 πεπείκασιν
3213 2276 3314 2332 273

595 2390 661 2436 20
698 2371 793 2433 καὶ
838 2372 1049 2441 αὑτοὺς
1100 2372 1476 2459 αἰσχρότερον
1530 2374 1674 2438 εἶναι
1729 2378 1851 2443 τοῖς
1903 2374 2115 2459 ταύτην
2173 2376 2276 2458 τὴν
2333 2375 2556 2459 ἡλικίαν
2611 2374 2903 2458 γεγονόσιν
2956 2373 3060 2457 τὴν
3115 2373 3211 2435 ἐπὶ

702 2477 821 2542 τοῖς
865 2474 1134 2561 αἰσχροῖς
1178 2476 1408 2546 ἀδοξίαν
1454 2476 1493 2560 ἢ
1540 2482 1659 2545 τοῖς
1702 2478 1870 2546 νέοις.

702 2768 901 2835 XXII.
979 2764 1120 2834 Ὅτι
1164 2768 1812 2835 ἀντακολουθοῦσιν
1859 2772 1927 2835 αἱ
1975 2771 2238 2856 ἀρεταί.

854 2956 978 3023 Ὅτι
1022 2958 1546 3022 ἀντακολουθοῦσιν
1607 2960 1664 3022 αἱ
1709 2959 1913 3043 ἠθικαὶ
1959 2960 2187 3044 ἀρεταί,
2247 2960 2501 3024 δεικτέον
2557 2962 2655 3023 καὶ
2710 2960 2826 3023 ἀπὸ
2871 2964 2975 3043 τῆς
3019 2981 3211 3042 προαι-
3263 2973 3292 3015 5

701 3062 935 3145 ρέσεως.
1012 3063 1064 3125 εἰ
1108 3060 1218 3146 γὰρ
1262 3064 1300 3144 ἡ
1347 3062 1526 3145 ἀρετὴ
1574 3063 1825 3143 μάλιστα
1869 3067 1946 3145 τῇ
1993 3064 2322 3147 προαιρέσει
2369 3064 2638 3147 κρίνεται,
2680 3064 2718 3145 ἢ
2766 3063 2831 3125 δὲ
2877 3062 3029 3147 ὀρθὴ
3077 3083 3208 3144 προ·

595 3184 659 3234 25
698 3166 913 3249 αίρεσις
972 3163 1038 3228 ἔκ
1082 3188 1145 3227 τε
1190 3166 1527 3249 φρονήσεως
1572 3162 1617 3244 †
1648 3164 1841 3227 εἵπετο
1889 3166 2271 3249 βουλεύεσθαι
2318 3172 2421 3249 τῆς
2471 3166 2811 3251 φρονήσεως
2855 3165 2952 3228 καὶ
2997 3164 3212 3249 ἠθικῆς

702 3272 944 3352 ἀρετῆς,
1004 3265 1067 3331 εἴ
1102 3292 1167 3352 γε
1214 3269 1308 3331 δεῖ
1348 3268 1452 3350 μὲν
1498 3272 1582 3352 τῷ
1630 3270 1821 3337 καλῶς
1877 3268 2280 3353 βουλευομένῳ
2325 3270 2423 3332 τὸν
2468 3270 2684 3333 σκοπὸν
2731 3268 2909 3353 ὀρθὸν
2955 3267 3203 3342 κεῖσθαι,
3237 3282 3293 3324 1⁰

702 3372 785 3440 εἰς
830 3370 891 3434 ὃν
940 3372 1072 3455 περὶ
1115 3376 1229 3434 τῶν
1277 3371 1697 3434 συντελούντων
1743 3372 1826 3440 εἰς
1871 3371 2043 3435 αὐτὸν
2090 3372 2442 3456 βουλεύεται,
2497 3372 2746 3457 ὁρίζεται
2799 3372 2865 3435 δὲ
2915 3372 2947 3434 6
2994 3372 3210 3439 σκοπὸς

703 3474 814 3537 ὑπὸ
860 3480 965 3559 τῆς
1011 3474 1227 3557 ἠθικῆς
1286 3474 1497 3557 ἀρετῆς
1556 3472 1654 3555 (οὗ
1702 3475 1808 3558 γὰρ
1856 3473 2174 3559 ἐφιέμεθα,
2235 3477 2364 3560 περὶ
2418 3476 2623 3539 τούτου
2671 3473 3114 3560 βουλευόμεθα,
3169 3476 3207 3557 ἡ

704 3580 768 3641 δὲ
813 3583 928 3641 τῶν
974 3577 1386 3661 προσηκόντων
1433 3574 1631 3661 ἔφεσις
1676 3576 1792 3639 ἀπὸ
1838 3582 1944 3661 τῆς
1989 3578 2199 3662 ἠθικῆς
2232 3579 2462 3663 ἀρετῆς,
2509 3579 2706 3663 ὥσπερ
2753 3577 2912 3641 εἶπεν
2953 3575 3208 3662 Ἀριστο·
3237 3592 3292 3636 15

595 3701 662 3749 30
700 3680 927 3764 τέλης),
981 3678 1089 3744 οὐκ
1134 3676 1287 3743 ἔστιν
1342 3680 1382 3763 ἡ
1427 3680 1757 3764 προαίρεσις
1811 3681 1961 3763 ὀρθὴ
2019 3680 2156 3743 ἄνευ
2212 3683 2553 3765 φρονήσεως
2606 3678 2726 3745 οὐδ’
2784 3680 2921 3744 ἄνευ
2977 3682 3207 3765 ἀρετῆς.

698 3786 736 3869 ἢ
786 3785 889 3866 μὲν
934 3784 1042 3867 γὰρ
1086 3784 1151 3845 τὸ
1184 3782 1368 3858 τέλος,
1414 3784 1451 3866 ἡ
1500 3783 1565 3846 δὲ
1609 3783 1681 3846 τὰ
1712 3784 1857 3867 πρὸς
1900 3784 1964 3845 τὸ
2010 3782 2173 3853 τέλος
2219 3790 2375 3847 ποιεῖ
2399 3786 2686 3869 πράττειν.
2757 3782 2841 3847 ἔτι
2885 3785 2938 3847 εἰ
2983 3785 3205 3870 ἀνάγκη

594 4070 627 4123 3
664 4068 1045 4123 ἀποκέκλεισται
1083 4068 1210 4123 13²S¹
1252 4068 1423 4123 vict?
1462 4072 1577 4136 Sp.:
1617 4068 1963 4138 ἀποκέκληται
1990 4069 2179 4121 VFB¹=
2217 4068 2571 4123 ἀποκέκλιιται
2609 4072 2686 4125 G:
2725 4068 3115 4123 ἀποκέκλεισθαι
3151 4070 3250 4123 S¹a

592 4158 627 4210 4
665 4158 707 4209 εἰ
742 4156 816 4209 δεῖ
852 4156 923 4207 V²
959 4158 1097 4209 vict.
1134 4160 1249 4222 Sp.:
1290 4156 1406 4209 εἰδει
1442 4158 1530 4208 V¹:
1570 4156 1667 4209 ἔδει
1702 4160 1779 4210 Fa
2050 4157 2082 4210 5
2119 4156 2152 4227 ἣ
2191 4156 2266 4208 V²
2301 4174 2430 4211 corr.
2467 4175 2533 4213 ex
2569 4158 2601 4227 ἢ
2888 4157 2938 4211 5.
2977 4158 3008 4211 6
3045 4154 3320 4217 ὁ-αἰδώς

595 4246 983 4311 circumscripsi
1198 4244 1228 4296 6
1266 4248 1416 4296 τοῦτο
1456 4244 1558 4308 (τὸ)
1595 4246 1729 4297 coni.
1771 4247 1887 4310 Sp.:
1925 4249 2016 4297 τοῦ
2057 4244 2194 4297 Vict.
2433 4243 2624 4304 πάθους
2661 4246 2798 4299 vict.
3017 4242 3154 4310 οὐδὲ]
3190 4244 3321 4298 fort-

592 4338 731 4384 tasse
770 4330 930 4384 οὐδενὶ
1144 4331 1173 4382 7
1213 4330 1365 4385 αὐτὸν
1403 4333 1483 4399 (in
1520 4348 1623 4401 mg.
1649 4334 1787 4401 οἶμαι
1817 4327 2146 4403 Ἀριστοτέλη
2174 4332 2270 4398 ΥΙ)
2313 4334 2642 4388 v¹FS¹B¹G2
2681 4332 2834 4386 αὑτὸν
2869 4332 2957 4385 τὸν
2989 4328 3321 4403 Ἀριστοτέλη

590 4417 801 4488 λέγοντα
838 4420 1107 4489 (δηλοῦντα
1144 4418 1235 4487 13²)
1271 4419 1442 4473 B²S²a
1478 4422 1567 4486 Sp.
1780 4419 1812 4471 8
1852 4418 2010 4489 ἐστιν]
2049 4435 2108 4471 στ
2143 4420 2201 4471 in
2236 4419 2312 4471 lit.
2351 4424 2402 4471 V
2598 4420 2629 4473 9
2668 4421 2848 4491 αἰσχρὰ
2884 4421 3048 4473 πάντα
3072 4420 3318 4474 VFB¹S¹=

595 4508 659 4560 τὰ
696 4507 877 4578 αἰσχρὰ
912 4502 1026 4577 παρ’
1068 4506 1235 4564 αὺτοῖς
1261 4506 1423 4561 S²B²a
1450 4510 1538 4573 Sp.
1724 4507 1787 4559 10
1824 4506 1937 4576 τῆς]
1978 4527 2001 4565 ς
2036 4509 2090 4558 in
2131 4508 2208 4559 lit.
2249 4512 2296 4559 V
2475 4508 2542 4561 23
2579 4506 2778 4579 ἠθικαὶ]
2819 4506 2870 4561 θι
2909 4524 2949 4562 s.
2977 4525 3025 4561 v.
3052 4510 3100 4559 V

594 4592 661 4648 25
717 4612 773 4646 τε
809 4596 1147 4647 VSB¹FML2
1188 4595 1286 4647 del.
1322 4594 1417 4647 B²z
1456 4610 1556 4647 om.
1594 4612 1627 4645 a
1662 4596 1749 4661 Sp.
1965 4594 2132 4647 εἵπετο
2171 4596 2317 4647 vB¹=
2367 4596 2426 4647 ἔκ
2461 4614 2515 4649 τε
2553 4600 2644 4649 τοῦ
2681 4598 2892 4650 S'FLM
2931 4596 3041 4663 (τοῦ
3080 4609 3207 4647 corr.
3254 4610 3320 4646 ex

591 4681 698 4749 acio:
736 4682 904 4734 εἵπετο
942 4682 1109 4749 (ἕπετο
1148 4700 1201 4734 a:
1240 4681 1410 4735 ἕπεται
1438 4680 1550 4749 Sp.)
1586 4680 1644 4732 τὸ
1680 4683 1773 4751 γὰρ
1801 4679 1969 4734 S2B²a
1993 4684 2082 4749 Sp.
2259 4682 2476 4736 fortasse
2513 4682 2802 4754 φρονήσεως
2837 4684 2946 4747 (καὶ
2981 4679 3167 4752 ἠθικῆς
3203 4680 3321 4750 ἀρε-

594 4772 707 4839 τῆς)
744 4767 804 4820 εἴ
834 4787 899 4838 γε
935 4769 1001 4821 τὸ
1217 4770 1283 4823 26
1331 4770 1543 4834 σκοπὸν]
1580 4770 1718 4822 inter
1756 4786 1781 4820 ο
1820 4774 1873 4821 et
1909 4788 1945 4821 π
1980 4770 2136 4835 pauli.
2176 4786 2306 4823 eras.
2346 4775 2394 4821 V
2607 4769 2783 4839 αὐτὸν]
2823 4769 2982 4840 αὐτὴν
3019 4788 3052 4821 a
3087 4770 3176 4837 Sp.

591 4856 658 4908 28
696 4855 959 4927 ἐφιέμεθα]
997 4876 1013 4908 ι
1050 4873 1091 4910 s.
1119 4874 1165 4909 v.
1192 4862 1241 4909 V
1464 4858 1529 4909 29
1568 4874 1633 4911 ex
1670 4872 1747 4926 gr.
1788 4858 1906 4910 Eth.
1947 4857 2154 4923 Nie.11‚
2186 4858 2234 4910 9.
2267 4856 2517 4911 1109820
2537 4872 2647 4927 sqq.
