3684 5567
548 263 628 330 18
1269 256 1729 316 ΑΛΕΞΑΝΔΡΟΥ
1767 256 2074 315 ΑΙΙΟΡΙΩΝ
2114 257 2235 313 ΚΑΙ
2272 254 2537 312 ΛΥΣΕΩΝ

1581 391 1605 414 .

649 434 801 518 αὐτῇ
847 437 912 498 τὸ
957 435 1109 504 εἶδος
1153 437 1218 498 τὸ
1263 435 1327 498 ὃν
1375 437 1432 499 ἐν
1479 435 1630 518 αὐτῇ
1689 437 1770 502 ὡς
1816 433 1991 518 μέρος
2042 434 2162 496 ἐστὶ
2208 436 2310 496 τοῦ
2358 430 2815 514 συναμφοτέρου.
2907 430 3003 492 καὶ
3048 429 3153 511 γὰρ

649 540 686 619 ἡ
733 539 895 623 ψυχὴ
943 538 1001 600 ἐν
1047 543 1133 623 τῷ
1180 539 1465 622 ὀργανικῷ
1513 541 1770 619 σώματι,
1825 537 1886 598 ἐν
1935 531 1984 620 ᾧ
2034 535 2218 610 ἐστιν,
2264 536 2452 604 οὕτως
2496 535 2649 597 ἐστὶν
2697 535 2778 602 ὡς
2826 532 3016 615 μέρος.
3105 531 3156 593 εἰ

649 639 700 702 δ’
757 644 840 710 ὡς
883 639 1084 723 μέρος,
1133 639 1238 703 οὐκ
1284 640 1351 705 ἄν
1397 639 1488 723 εἴη
1538 644 1620 708 ὥς
1665 641 1725 703 ἐν
1771 637 2136 724 ὑποκειμένῳ
2186 637 2248 700 ὂν
2294 637 2513 720 τούτῳ,
2566 637 2628 699 ἐν
2674 629 2725 722 ᾧ
2775 635 2928 698 ἐστιν
2974 635 3238 702 effrenas

647 740 882 825 [ἔστιν],
937 741 1066 806 οὔθ’
1124 745 1162 826 ἢ
1209 744 1375 828 ψυχὴ
1426 742 1560 806 οὔτε
1605 767 1658 806 τι
1709 741 1863 810 εἶδος
1906 740 2077 810 ὅλως.
2168 740 2207 823 ἢ
2255 741 2381 823 ἐρεῖ
2420 763 2501 808 τις
2548 740 2643 802 καὶ
2688 740 2753 802 τὸ
2798 737 3007 800 λευκὸν
3054 739 3152 798 τοῦ

574 865 604 912 5
647 846 749 926 μὲν
794 849 1007 909 λευκοῦ
1052 849 1324 928 σώματος
1374 846 1521 908 εἷναι
1569 845 1770 927 μέρος,
1831 844 1892 906 ἐν
1940 843 2325 930 ὑποῐκειμένῳ
2382 841 2432 904 δ’
2488 842 2635 905 εἶναι
2690 846 2775 926 τῷ
2825 843 3052 922 σώματι
3100 834 3149 924 ᾧ
3191 845 3260 900 39

646 951 906 1012 συντελεῖ
946 949 1090 1032 πρὸς
1133 949 1200 1011 τὸ
1247 947 1391 1011 εἶναι
1446 949 1506 1010 ἐν
1553 948 1895 1020 ὑποστάσει,
1952 948 2042 1009 διὸ
2090 949 2186 1010 καὶ
2237 947 2303 1008 τὸ
2349 945 2501 1014 εἶδος
2556 950 2663 1028 τῆς
2716 945 2819 1026 μὲν
2866 965 3153 1025 συναμφο·

641 1049 813 1134 τέρου
861 1049 1060 1120 οὐσίαις
1106 1049 1282 1133 μέρος
1327 1049 1587 1126 ἔσεσθαι,
1634 1050 1694 1112 ἐν
1739 1051 1805 1114 δὲ
1842 1055 1921 1133 τῇ
1968 1050 2080 1133 ὕλῃ
2122 1045 2164 1133 ᾗ
2218 1050 2481 1112 συντελεῖ
2520 1048 2661 1131 πρὸς
2708 1044 2962 1128 ὕπαρξιν,
3006 1044 3154 1108 εἶναι

643 1152 703 1215 ἐν
750 1152 1132 1236 ὑποκειμένῳ.
1224 1151 1317 1236 ἄρ’
1372 1151 1474 1216 οὖν
1529 1154 1646 1238 χρὴ
1703 1151 1887 1234 λέγειν
1942 1155 2058 1215 δεῖν
2105 1153 2209 1234 μὲν
2264 1151 2329 1214 τὸ
2384 1151 2444 1214 ἐν
2490 1145 2539 1238 ᾧ
2594 1153 2877 1235 ζητεῖται,
2932 1147 2995 1210 εἴ
3032 1147 3157 1211 ἐστι’
3206 1163 3235 1204 5

641 1279 693 1317 τι
739 1258 820 1324 ὡς
864 1256 924 1317 ἐν
971 1255 1357 1338 ὑποκειμένῳ,
1405 1256 1636 1324 πάντως
1679 1253 1825 1317 εἶναι
1869 1253 2003 1318 τόδε
2047 1279 2100 1317 τι
2144 1255 2240 1317 καὶ
2284 1254 2543 1338 ἐνεργείᾳ
2588 1249 2995 1336 ὑπάρχον-(οὐ
3041 1249 3149 1334 γὰρ

541 1378 602 1425 10
641 1357 712 1440 δὴ
761 1357 821 1420 ἐν
867 1362 950 1442 τῷ
1002 1359 1082 1441 μὴ
1132 1355 1249 1420 ὄντι
1296 1355 1417 1420 οἷόν
1464 1357 1528 1420 τέ
1573 1381 1624 1420 τι
1672 1355 1818 1420 εἶναι
1864 1357 1924 1419 ἐν
1971 1356 2398 1442 ὑποκειμένῳ),
2454 1363 2571 1419 τῶν
2618 1356 2682 1418 δὲ
2726 1353 2915 1438 τούτῳ
2962 1374 3153 1417 συντε·

641 1460 897 1523 λούντων
940 1461 1086 1542 πρὸς
1129 1459 1194 1520 τὸ
1242 1458 1387 1522 εἶναι
1433 1458 1493 1520 ἐν
1535 1460 1848 1522 ὑποστάσει
1893 1481 1953 1521 τε
1995 1460 2091 1522 καὶ
2136 1457 2261 1521 κατ’
2304 1459 2591 1543 ἐνέργειαν
2637 1462 2722 1543 τῷ
2756 1457 2903 1520 εἶναι
2948 1455 3006 1518 ἐν
3053 1455 3147 1518 αὖ·
3178 1471 3232 1513 ιο

639 1568 756 1647 τῷ,
819 1561 932 1625 ὅσα
976 1561 1079 1644 μὲν
1127 1561 1185 1623 ἐν
1232 1561 1392 1644 αὐτῷ
1443 1559 1615 1644 μόνον
1660 1561 1743 1628 εἰς
1786 1560 1852 1623 τὸ
1898 1557 2013 1644 (ἐν)
2058 1561 2371 1624 ὑποστάσει
2416 1559 2563 1622 εἶναι
2608 1563 2894 1634 συντελεῖ,
2942 1557 3149 1642 μηκέτι

639 1665 704 1727 δὲ
747 1665 845 1726 καὶ
890 1664 954 1726 τὸ
1001 1663 1156 1746 τῷδέ
1201 1687 1305 1726 τινι
1337 1662 1502 1742 εἶναι,
1547 1661 1753 1746 (ταῦτα
1798 1663 1859 1724 ἐν
1907 1663 2271 1747 ὑποκειμένῳ
2317 1662 2485 1747 αὐτῷ
2530 1661 2702 1746 εἶναι)
2744 1659 2913 1744 (καθ’
2954 1661 2992 1723 ἃ
3040 1662 3147 1742 γάρ

636 1789 689 1828 τι
721 1770 910 1839 σῶζον
955 1765 1058 1848 τὴν
1093 1765 1306 1828 οἰκείαν
1337 1766 1507 1848 φύσιν
1554 1763 1676 1827 οἶόν
1721 1787 1784 1826 τε
1817 1765 2219 1848 μεταβάλλειν,
2265 1769 2446 1828 ταῦτα
2487 1765 2546 1828 ἐν
2582 1763 2949 1846 ὑποκειμένῳ
2992 1763 3147 1825 ἐστὶν
3176 1777 3229 1818 15

535 1889 594 1937 15
633 1868 848 1954 αὐτῷ),
893 1867 1004 1931 ὅσα
1049 1867 1113 1929 δὲ
1145 1867 1224 1949 μὴ
1261 1865 1432 1950 μόνον
1465 1868 1546 1936 εἰς
1578 1868 1641 1929 τὸ
1675 1868 2010 1949 ὑφεστάναι,
2054 1866 2204 1928 ἀλλὰ
2248 1867 2398 1930 πολὺ
2444 1866 2724 1951 πρότερον
2768 1866 2854 1935 εἰς
2891 1867 2956 1928 τὸ
2995 1865 3149 1948 τῷδέ

633 1996 738 2034 τινι
783 1969 929 2033 εἶναι
974 1973 1236 2034 συντελεῖ
1269 1994 1396 2047 τινι,
1451 1968 1584 2032 καθ’
1643 1969 1680 2032 ἃ
1728 1971 2163 2052 μεταβάλλοντα
2208 1968 2409 2032 οὐκέθ’
2466 1969 2588 2032 οἷόν
2634 1993 2697 2032 τε
2742 1967 2931 2051 μένειν
2977 1971 3145 2030 τοῦτο

634 2074 664 2136 ὃ
713 2073 804 2156 ἦν,
851 2078 1032 2136 ταῦτα
1077 2074 1142 2134 δὲ
1189 2071 1395 2156 μηκέτι
1439 2072 1499 2133 ἐν
1532 2070 1692 2155 αὐτῷ
1741 2070 1887 2134 εἶναι
1932 2075 2013 2141 ὡς
2056 2071 2117 2133 ἐν
2150 2071 2537 2156 ὑποκειμένῳ.
2608 2077 2735 2140 πῶς
2776 2072 2885 2155 γὰρ
2934 2068 3001 2132 ἂν
3048 2067 3139 2152 εἴη
3169 2084 3227 2127 2⁰

635 2176 694 2238 ἐν
743 2163 1106 2259 ὑποκειμένῳ
1153 2175 1452 2258 ἀνθρώπῳ
1499 2178 1668 2236 τοῦτο
1715 2172 1782 2236 οὔ
1837 2176 1877 2256 ἡ
1928 2173 2182 2237 ἀπουσία
2228 2175 2457 2258 φθείρει
2508 2175 2606 2237 τὸν
2653 2173 2997 2258 ἄνθρωπον;
3051 2174 3139 2235 διὸ

631 2278 669 2361 ἡ
721 2278 823 2361 μὲν
867 2278 1238 2360 γραμματικὴ
1294 2278 1353 2339 ἐν
1401 2275 1765 2361 ὑποκειμένῳ
1819 2281 1913 2360 τῷ
1962 2277 2262 2360 ἀνθρώπῳ
2316 2282 2401 2360 τῷ
2451 2272 2648 2360 ἔχοντι
2690 2274 2903 2358 αὐτήν,
2958 2274 3143 2336 καίτοι

525 2399 592 2445 20
632 2382 1018 2442 συντελοῦσαν
1065 2379 1226 2463 αὐτῷ
1278 2379 1421 2461 πρὸς
1466 2378 1530 2440 τὸ
1577 2383 1962 2462 γραμματικῷ
2010 2377 2155 2442 εἶναι
2208 2378 2307 2460 (οὐ
2352 2378 2459 2462 γὰρ
2506 2378 2566 2440 ἐν
2610 2381 2689 2460 τῇ
2734 2381 2839 2459 τῆς
2882 2399 3145 2461 γραμμα-

631 2487 794 2564 τικῆς
839 2483 1091 2562 ἀπουσίᾳ
1145 2483 1241 2543 καὶ
1287 2479 1595 2564 ἄνθρωπος
1652 2479 1798 2543 εἶναι
1856 2481 2157 2564 παύεται),
2221 2483 2260 2564 ἡ
2316 2483 2381 2544 δὲ
2434 2481 2598 2566 ψυχὴ
2653 2478 2847 2543 οὐκέτ’
2901 2479 2963 2541 ἐν
3010 2479 3225 2541 ὑπο-25

627 2583 879 2668 κειμένῳ
926 2585 1122 2669 αὐτῷ,
1179 2583 1266 2646 ὅτι
1313 2585 1457 2666 πρὸς
1511 2583 1576 2644 τὸ
1631 2581 1780 2645 εἶναι
1835 2584 2135 2668 ἀνθρώπῳ
2190 2584 2227 2667 ἡ
2276 2582 2574 2646 συντέλεια
2628 2584 2840 2666 αὐτῆς,
2896 2581 3015 2644 ἀλλ’
3072 2581 3140 2644 οὐ

627 2687 771 2769 πρὸς
817 2687 881 2748 τὸ
927 2693 1078 2771 ποιῷ
1126 2687 1163 2768 ἢ
1211 2690 1376 2770 ποσῷ
1427 2683 1571 2747 εἶναι
1628 2685 1664 2768 ἢ
1723 2687 1834 2747 ποῦ
1894 2685 1935 2768 ἤ
1979 2709 2084 2748 τινι
2138 2691 2255 2748 τῶν
2308 2685 2583 2748 τοιούτων
2642 2685 2821 2748 ὄντων
2878 2686 2943 2747 τὸ
2988 2683 3141 2752 εἶδος

626 2791 692 2851 τὸ
743 2787 749 2874 Ι
799 2789 1065 2872 φυσικόν,
1111 2789 1258 2871 εἴγε
1301 2789 1448 2852 κατὰ
1493 2789 1559 2850 τὸ
1605 2787 1757 2855 εἶδος
1803 2788 2035 2872 ἑκάστῳ
2085 2789 2149 2850 τὸ
2190 2787 2337 2850 εἶναι
2380 2792 2550 2850 τοῦτο
2598 2787 2633 2850 ὅ
2676 2787 2848 2851 ἐστιν.
2917 2788 2980 2850 ἐν
3028 2790 3132 2867 μὲν
3169 2796 3245 2852 4⁰

519 2911 584 2959 ⁴25
625 2889 726 2954 οὖν
771 2899 857 2978 τῷ
891 2891 1311 2976 συναμφοτέρῳ
1358 2915 1418 2952 τε
1465 2892 1560 2953 καὶ
1593 2891 1747 2972 τῷδέ
1792 2913 1899 2952 τινι
1946 2889 2063 2952 ὄντι
2110 2889 2204 2953 διὰ
2234 2895 2405 2953 τοῦτο
2448 2890 2515 2953 τὸ
2556 2889 2709 2958 εἶδος
2756 2889 2865 2953 οὐκ
2910 2891 2970 2953 ἐν
3004 2892 3138 2954 ὑπο·

625 2995 896 3078 κειμένῳ.
968 2995 1142 3078 μέρος
1185 2993 1293 3077 γὰρ
1339 2999 1446 3076 τῆς
1490 2991 1692 3060 οὐσίας
1734 2997 1840 3074 τῆς
1888 2993 2135 3054 ἑκάστου
2182 2993 2367 3062 οὕτως
2413 2992 2473 3054 ἐν
2514 2991 2715 3060 αὐτοῖς
2760 2989 2845 3067 ὄν,
2894 2994 3031 3058 οὐδὲ
3077 2995 3137 3058 ἐν
3190 3012 3220 3055 6

621 3103 700 3180 τῇ
749 3098 859 3180 ὕλῃ
907 3098 972 3158 δὲ
1021 3097 1225 3178 μόνον,
1289 3095 1376 3157 ὅτι
1425 3096 1574 3178 μηδὲ
1619 3095 1723 3177 τὴν
1773 3095 1965 3178 ἀρχὴν
2011 3095 2157 3177 αὕτη
2214 3095 2399 3163 οὕτως
2445 3095 2820 3176 ὑποκείμενον
2876 3099 2959 3165 ὡς
3002 3097 3138 3162 τόδε

622 3223 702 3274 τι,
760 3200 841 3283 μὴ
889 3197 1112 3282 ἔχουσά
1157 3222 1251 3260 πω
1298 3199 1359 3260 ἐν
1405 3198 1556 3280 αὑτῇ
1602 3197 1667 3260 τὸ
1715 3197 1897 3272 εἶδος,
1964 3197 2025 3258 ἐν
2072 3197 2139 3258 δὲ
2190 3201 2309 3264 τοῖς
2362 3196 2548 3265 οὕτως
2592 3194 2721 3261 οὖσι
2772 3200 2837 3261 τὸ
2885 3199 2945 3261 ἐν
3002 3202 3137 3264 ὑπο-

621 3303 891 3385 κειμένῳ.
981 3302 1032 3362 τὶ
1079 3299 1189 3384 γὰρ
1235 3301 1327 3362 δεῖ
1367 3298 1510 3362 εἶναι
1563 3300 1660 3362 καὶ
1705 3299 1838 3361 τόδε
1884 3322 1935 3360 τι
1981 3299 2042 3360 ἐν
2089 3295 2139 3382 ᾧ
2197 3299 2261 3361 τὸ
2310 3299 2369 3360 ἐν
2418 3297 2813 3384 ὑποκειμένῳ·
2879 3307 3137 3368 τοιοῦτον

518 3423 586 3470 30
619 3403 728 3486 γὰρ
776 3405 840 3465 τὸ
895 3404 1042 3486 μέρη
1089 3401 1248 3486 ἔχον.
1339 3400 1422 3464 ἔτι
1468 3403 1519 3463 εἰ
1575 3403 1640 3464 τὸ
1687 3402 1790 3482 μὲν
1848 3401 2227 3481 ὑποκείμενον
2281 3405 2381 3462 τοῦ
2440 3401 2501 3463 ἐν
2558 3403 2926 3489 ὑποκειμένῳ
2973 3403 3135 3476 ὄντος
3163 3423 3220 3466 ιο

623 3505 784 3590 αὐτῷ
836 3503 1094 3588 διαφέρει
1140 3509 1224 3588 τῷ
1269 3505 1334 3566 τὸ
1392 3505 1495 3586 μὲν
1543 3504 1919 3586 ὑποκείμενον
1976 3503 2259 3566 δύνασθαι
2312 3504 2409 3566 καὶ
2454 3502 2593 3566 ἄνευ
2640 3511 2755 3568 τῶν
2802 3507 2863 3569 ἐν
2912 3509 3135 3572 ὑποκει-

625 3608 782 3692 μένῳ
831 3605 1010 3669 ὅντων
1065 3606 1228 3690 αὐτῷ
1274 3603 1420 3668 εἶναι
1476 3606 1603 3688 (καὶ
1647 3605 1754 3688 γὰρ
1800 3606 1855 3666 εἰ
1910 3605 1991 3687 μὴ
2048 3603 2170 3667 οἷόν
2218 3628 2279 3666 τε
2334 3607 2513 3689 κηρὸν
2558 3606 2705 3670 εἶναι
2759 3611 2943 3694 χωρὶς
2988 3615 3135 3696 σχή-

623 3734 827 3793 ματος,
885 3709 1035 3771 ἀλλὰ
1079 3709 1264 3792 χωρίς
1306 3731 1372 3790 γε
1433 3708 1634 3770 τούτου
1687 3711 1789 3769 τοῦ
1846 3707 2181 3790 σχήματος,
2238 3707 2269 3770 ὃ
2322 3712 2419 3770 νῦν
2466 3705 2620 3793 ἔχει,
2675 3709 2799 3773 οἷόν
2852 3735 2916 3775 τε
2960 3713 3133 3778 αὐτὸν
3162 3731 3216 3774 ιδ

623 3810 816 3893 εἶναι),
863 3812 928 3873 τὸ
975 3811 1040 3872 δὲ
1085 3811 1145 3872 ἐν
1187 3809 1550 3893 ὑποκειμένῳ
1599 3808 1661 3872 ὂν
1710 3810 1790 3892 μὴ
1827 3809 2110 3872 δύνασθαι
2156 3809 2549 3894 χωρισθέντος
2593 3817 2697 3875 τοῦ
2744 3813 3129 3900 ὑποκειμένου

514 3931 580 3981 35
618 3913 780 3996 αὐτῷ
826 3912 974 3976 εἶναι
1027 3913 1162 3997 (τὴν
1209 3913 1272 3974 δὲ
1317 3913 1454 3994 ὕλην
1503 3913 1598 3974 καὶ
1641 3913 1707 3974 τὸ
1760 3911 1915 3980 εἶδος
1960 3913 2237 3976 ἀδύνατον
2292 3914 2476 3998 χωρὶς
2521 3915 2793 3998 ἀλλήλων
2848 3919 2995 3983 εἶναι
3040 3925 3129 4006 τῷ

518 4145 540 4195 l
581 4143 740 4212 ταύτῃ
781 4143 917 4194 coni.
943 4141 1030 4209 Sp.
1245 4141 1316 4200 ὡς
1357 4145 1481 4194 VB:
1519 4141 1576 4194 τὸ
1615 4141 1670 4194 ὃν
1709 4141 1780 4199 ὡς
1818 4145 1983 4196 GFSa
2019 4143 2133 4209 Sp.=
2170 4143 2227 4194 τὸ
2266 4143 2322 4196 ὃν
2359 4145 2411 4197 ἐν
2448 4148 2491 4196 L
2709 4148 2743 4199 4
2782 4147 2913 4200 ἔστιν
2952 4149 3050 4202 del.
3076 4151 3162 4218 Sp.

512 4230 629 4283 οὔτε
653 4249 699 4282 τι
723 4229 795 4283 13⁹
815 4231 951 4282 vict.
977 4229 1092 4298 Sp.:
1131 4229 1297 4282 οὐκέτι
1318 4233 1464 4282 VFa:
1504 4229 1702 4283 οὑκέστι
1726 4235 1770 4282 L
1954 4230 1984 4282 7
2023 4228 2193 4304 ᾖνῐΐι
2233 4232 2347 4300 ἠὸε
2386 4231 2417 4300 ἢ
2456 4236 2536 4284 La
2570 4233 2659 4300 Sp.
2854 4234 2919 4286 10
2956 4236 3237 4292 oro-eroum

510 4323 658 4384 (corr.
679 4317 774 4380 Ἦ)
959 4317 1018 4368 12
1057 4317 1109 4370 ἐν
1148 4317 1264 4369 add.
1291 4317 1426 4369 vict.
1454 4317 1542 4384 Sp.
1716 4317 1778 4370 13
1815 4317 1948 4387 τῷδέ
1982 4333 2080 4370 τινι
2108 4319 2251 4370 WB:
2288 4319 2367 4388 τῷ
2402 4319 2455 4371 δέ
2490 4333 2566 4373 τιν
2590 4315 2690 4371 'V¹:
2726 4319 2839 4374 τόδε
2876 4339 2923 4373 τι
2960 4326 3083 4378 GSa
3118 4325 3237 4395 Sp.:

510 4404 568 4457 τὸ
608 4402 660 4456 δ’
701 4405 773 4457 ἔτι
811 4408 850 4456 F
1026 4409 1184 4455 ταῦτα
1222 4405 1272 4455 ἐν
1308 4404 1627 4472 ὑποκειμένῳ
1667 4405 1808 4473 αὐτῷ
1844 4405 1970 4458 εἶναι
2008 4405 2122 4457 add.
2146 4405 2325 4458 B²S²a
2351 4406 2441 4473 Sp.
2621 4405 2751 4459 καθ’
2788 4409 2821 4460 ἃ
2858 4409 3065 4464 v²B¹s²
3100 4413 3237 4466 vict.

511 4495 624 4560 Sp.:
664 4493 795 4544 κατὰ
817 4493 1124 4545 v¹GFS¹La
1306 4492 1383 4543 15.
1417 4493 1477 4542 16
1517 4491 1647 4561 τῷδέ
1673 4509 1764 4544 τινι
1787 4493 1930 4544 WB:
1969 4494 2047 4560 τῷ
2070 4492 2123 4544 δέ
2153 4511 2199 4545 τι
2230 4495 2325 4543 V¹:
2363 4493 2477 4545 τόδε
2512 4511 2559 4545 τι
2586 4496 2750 4546 GFSa
2776 4495 2867 4564 Sp.
3050 4500 3111 4552 16
3148 4519 3237 4569 με-

509 4578 760 4648 ταβάλλον
804 4579 968 4630 3²82..
1006 4579 1118 4646 Sp.:
1175 4578 1550 4647 μεταβάλλοντα
1589 4582 1810 4632 VFB'S'
1996 4579 2063 4630 20
2102 4580 2401 4632 συντελοῦσα
2437 4581 2624 4634 FSB²a
2660 4581 2747 4650 Sp.
2926 4585 2986 4638 τὸ
3023 4589 3237 4655 scripsi:

508 4667 586 4735 τῷ
623 4667 737 4718 libri
941 4664 1007 4716 23
1064 4664 1224 4717 ὄντων
1267 4671 1309 4716 V
1317 4668 1412 4718 B':
1469 4682 1568 4718 om.
1608 4667 1833 4720 GFS¹L=
1892 4665 2057 4719 ὄντων
2091 4671 2318 4720 τοιοῦτον
2354 4669 2445 4739 γὰρ
2482 4669 2671 4722 B²S²a=
2734 4669 2809 4735 ὅν,
2846 4679 2951 4724 τῶν
2988 4673 3236 4727 τοιοὺτων

509 4755 601 4824 γὰρ
627 4753 713 4821 Sp.
911 4752 978 4804 28
1015 4771 1097 4805 πω
1139 4757 1255 4804 VB:
1294 4771 1404 4810 πως
1439 4755 1653 4806 sGFLa
1687 4755 1777 4822 Sp.
1992 4755 2123 4826 αὐτῇ
2164 4759 2210 4806 V
2422 4755 2509 4808 alt.
2548 4755 2606 4808 τὸ
2645 4772 2745 4808 om.
2786 4777 2817 4810 a
3031 4760 3097 4813 29
3136 4760 3238 4828 δεῖ]

508 4837 558 4894 δ’
599 4859 632 4895 a
847 4836 890 4914 ᾦ
934 4839 1048 4893 V²B
1093 4841 1222 4894 vict.
1263 4841 1377 4911 Sp.:
1421 4849 1516 4895 τῶι
1557 4846 1840 4897 v‘GFSLu
2053 4843 2121 4896 35
2159 4841 2323 4913 αὐτῷ]
2362 4842 2486 4896 αὑτὸ
2525 4861 2557 4897 ο
2592 4845 2681 4914 Sp.
