3684 5567
397 287 832 342 VERBORUM

500 461 618 529 τέρᾳ
675 459 837 513 πολλὰ
891 461 1263 531 ἀντιμαρτυρεῖν
1317 465 1423 511 τῶν
1477 459 1698 528 ἐναργῶν

506 548 620 612 164,
635 548 702 600 20
775 548 1000 615 Pet-ipati
1040 548 1102 600 de
1148 548 1256 598 fato
1295 547 1532 599 doctrina
1584 545 1700 610 165,

508 635 832 699 14—171‚17
888 637 1181 689 Stoicorum
1221 635 1284 686 de
1320 634 1429 685 fato
1463 634 1700 686 doctrina

501 723 836 775 adumbratur
877 722 1326 786 171‚18—172‚16
1381 720 1504 773 εἶναί
1534 737 1583 772 τι
1605 721 1699 790 τὴν

503 811 560 864 εὶ.
606 811 791 868 ἱκανῶς
846 810 880 880 ἡ
930 817 1035 862 τῶν
1085 808 1372 880 ἀνθρώπων
1423 807 1700 878 συνίστησιν

497 896 748 968 πρόληψις
805 896 1002 962 165,14
1082 897 1134 950 ἐν
1182 905 1284 956 τοῖς
1332 898 1466 949 κατὰ
1508 915 1554 948 τ.
1601 897 1700 964 εἱμ.

498 985 772 1054 γινομένοις
814 983 988 1057 χώραν
1027 985 1129 1058 ἔχει
1173 986 1238 1038 τὰ
1283 987 1418 1055 παρὰ
1463 985 1556 1054 τὴν
1603 985 1700 1052 εἱμ.

502 1073 664 1135 170,7
739 1073 871 1125 αἰτία
912 1079 1016 1132 τοῖς
1059 1073 1330 1142 γινομένοις
1381 1071 1572 1134 166,15
1644 1073 1696 1124 ἐν

496 1169 602 1218 τοῖς
655 1169 938 1230 ποιητικοῖς
991 1161 1164 1219 αἰτίοις
1224 1161 1414 1224 167,14
1487 1159 1540 1212 ἐν
1593 1167 1697 1218 τοῖς

498 1248 646 1302 ἕνεκά
667 1266 760 1300 του
788 1249 1057 1316 γινομένοις
1089 1247 1240 1312 169,3
1291 1249 1331 1298 ἐ.
1357 1265 1403 1300 τ.
1428 1247 1468 1300 ἕ.
1493 1265 1538 1299 τ.
1565 1249 1698 1299 κατὰ

496 1335 638 1406 φύσιν
684 1355 728 1405 γ.
785 1336 981 1398 169,18
1050 1335 1233 1389 ταύτὸν
1280 1337 1378 1406 εἱμ.
1426 1339 1512 1390 καὶ
1557 1336 1698 1407 φΰσις

503 1425 686 1488 169,19
757 1425 844 1476 καὶ
880 1423 1034 1492 νόμος
1068 1423 1263 1476 ἐναντία
1299 1425 1490 1488 209,13

389 1513 541 1582 εἰμι’.
622 1513 680 1565 τὸ
725 1511 774 1564 τί
816 1511 881 1581 ἧν
927 1513 1050 1564 εἶναι
1093 1511 1214 1576 43,4
1287 1513 1406 1566 dist.
1462 1513 1517 1566 εὖ
1573 1515 1698 1568 εἰναι

497 1601 650 1665 63,16
723 1606 824 1652 τῶν
874 1598 1036 1652 ὄντων
1071 1599 1271 1669 ἄριστον
1318 1600 1472 1664 62,28
1545 1601 1602 1654 τὸ
1640 1601 1696 1654 ὄν

496 1687 641 1749 3731
739 1687 772 1756 ἢ
822 1685 1012 1756 ἀγαθὸν
1057 1685 1090 1756 ἢ
1137 1687 1298 1740 κακὸν
1343 1688 1376 1756 ἢ
1425 1687 1694 1760 ἀδιάφορον

502 1775 687 1838 124,10
784 1773 860 1828 ὅτι
905 1777 975 1846 μὴ
1024 1775 1226 1845 ἄπειρον
1279 1777 1691 1840 101,10-107,4

497 1862 523 1915 ὁ
573 1862 722 1933 λόγος
765 1862 1014 1918 δεικνΰναι
1059 1862 1227 1916 θέλων
1279 1863 1481 1933 ἄπειρον
1527 1864 1586 1917 τὸ
1635 1862 1691 1916 ὂν

495 1949 573 2004 διὰ
626 1957 716 2003 τοῦ
771 1952 858 2004 τὸν
914 1953 965 2004 ἐν
1019 1953 1096 2020 τῷ
1141 1955 1231 2002 τοῦ
1276 1949 1471 2018 κόσμου
1518 1951 1693 2020 πέρατι

493 2039 607 2108 ἤτοι
653 2040 872 2092 ἐκτενείν
927 2043 1018 2091 τοῦ
1072 2040 1268 2107 κόσμου
1319 2038 1412 2108 τὴν
1469 2047 1612 2110 χεῖρα
1656 2039 1688 2108 ἢ

493 2125 880 2196 κωλυθήσεσθαι
903 2127 1179 2199 101‚1osq.
1206 2123 1392 2189 102,10
1415 2125 1689 2194 105‚193q.

496 2215 682 2276 106‚3·2
753 2219 812 2267 τὸ
851 2214 1062 2284 μηδέπω
1101 2213 1157 2266 ὄν
1195 2213 1350 2276 37,22
1431 2213 1488 2266 τὸ
1526 2214 1597 2284 μὴ
1635 2214 1691 2268 ὄν

501 2303 650 2364 18,10
687 2301 805 2366 27,6
844 2302 1000 2366 37,23
1053 2301 1233 2366 105‚31
1281 2301 1432 2365 10733
1513 2302 1572 2354 ἐκ
1619 2304 1690 2371 μὴ

491 2389 634 2447 ὄντος
669 2389 887 2459 γίνεσθαι
908 2413 974 2433 --
993 2389 1223 2447 ἀναιτίως
1248 2389 1466 2458 γίνεσθαι
1507 2390 1691 2456 192,15

491 2478 584 2547 τὴν
623 2476 862 2547 ἀλήθειαν
907 2477 1001 2546 τὴν
1048 2478 1100 2529 ἐν
1137 2484 1240 2536 τοῖς
1286 2477 1421 2530 οὖσιν
1459 2479 1690 2550 μετέρχε-

492 2563 606 2618 σθαι
639 2565 821 2628 171,24
887 2563 1012 2617 εἶναί
1035 2583 1181 2632 τινος,
1221 2565 1342 2635 πρός
1365 2585 1413 2618 τι
1438 2565 1586 2629 54,21
1615 2583 1690 2634 sq.

490 2671 586 2705 τινι
651 2653 816 2716 18,13.
839 2653 904 2705 22
925 2670 1000 2722 sq.
1057 2652 1213 2718 34,ae
1268 2653 1388 2716 35‚8
1443 2659 1542 2706 etc.
1645 2672 1695 2706 τι

491 2741 649 2806 48,13
687 2741 808 2806 35,3
903 2741 1014 2810 περί
1056 2757 1104 2791 τι
1151 2741 1309 2804 2Ο,10
1396 2739 1525 2793 ἔστιν
1579 2741 1691 2805 15,9

492 2828 628 2892 53,9.
651 2828 718 2880 25
757 2829 911 2892 68,29
951 2827 1140 2893 217,16
1213 2827 1342 2880 ἔστιν
1380 2826 1464 2880 ὅτε
1508 2828 1686 2895 135,17

381 2916 599 2986 εἱρμός
643 2916 784 2979 192,1
837 2917 1018 2982 195,Ῑῦ

383 3003 485 3061 εἷς.
569 3003 689 3075 πρὸς
745 3004 798 3056 ἓν
857 3001 1086 3073 λέγεσθαι
1142 3019 1260 3070 opp.
1315 3001 1588 3076 πολλαχῶς
1646 3004 1691 3055 λ.

497 3091 681 3155 128,15

384 3179 616 3247 εἰσάγω
679 3179 858 3243 25,19.
880 3179 948 3230 20
1008 3178 1139 3243 26,2
1207 3179 1379 3239 105,4.
1407 3179 1466 3230 15
1534 3177 1692 3241 174,3

501 3265 646 3330 185,9
690 3266 874 3329 192,13
911 3267 1065 3330 201,5
1104 3267 1258 3331 212,5

385 3354 741 3425 εἰσποίησις
777 3353 966 3419 202,17

384 3443 520 3494 εἶτα
557 3441 671 3504 46,1
717 3439 906 3508 201,25
945 3441 1134 3504 202,25

384 3527 585 3582 εἴωθα
625 3530 776 3594 17,Ι,5

383 3617 662 3675 ἕκαστος.
735 3619 799 3669 τὰ
845 3615 1137 3670 καθέκαστα
1185 3633 1302 3684 opp.
1350 3617 1415 3668 τὰ
1451 3618 1597 3669 κοινά
1643 3615 1692 3680 7,

493 3705 551 3756 21
569 3721 648 3773 sq.
685 3703 806 3768 59‚5
826 3721 902 3773 sq.
941 3705 1094 3770 88,12
1139 3705 1281 3768 132,1
1309 3720 1384 3772 sq.

384 3793 688 3846 ἑκάστοτε
731 3792 860 3856 13,8.
883 3792 947 3844 27
988 3793 1107 3857 30,5
1146 3792 1295 3857 42,31
1339 3790 1488 3854 57,21

385 3878 640 3937 ἔκθεσις
677 3879 866 3944 202,24

383 3968 661 4036 ἐκκρίνω
700 3967 889 4033 223,25
928 3967 1115 4032 231,25
1156 3966 1324 4032 232,9.
1348 3966 1414 4017 29

381 4054 678 4127 ἐκκροὺω
722 4056 906 4120 170‚14

383 4143 662 4212 ἔκλειψις
704 4143 890 4206 193,13

384 4231 684 4288 ἑκούσιος
721 4247 844 4299 opp.
883 4231 1116 4289 ἀκούσιος
1161 4231 1308 4296 130,3
1327 4247 1406 4300 sq.
1443 4231 1541 4284 def.
1575 4231 1692 4296 131,

489 4318 556 4371 33
579 4335 655 4386 sq.
700 4319 880 4382 183,27
921 4321 1041 4372 dist.
1078 4319 1136 4372 τὸ
1174 4318 1264 4388 ἐφ’
1301 4319 1418 4388 ἡμῖν
1463 4318 1645 4383 183,26

383 4407 674 4460 ἐκπίπτω
713 4408 805 4476 τὴν
843 4405 1089 4478 αἰσθητὴν
1125 4405 1270 4476 φυσιν
1314 4405 1497 4471 105,13

382 4494 735 4562 ἐκπυρωσις
773 4495 961 4560 226,17

381 4582 639 4639 ἔκτασις
681 4582 865 4646 16735
910 4582 1086 4646 175‚11
1131 4582 1320 4644 217,ae

381 4668 651 4722 ἐκτείνω
696 4669 872 4734 101,11
924 4669 1109 4734 102,2Ο
1151 4671 1338 4732 105,20
1378 4670 1562 4735 106‚37

382 4755 692 4826 ἐπιτίθημι
739 4756 892 4820 66,22
942 4757 1094 4821 77‚11
1165 4758 1347 4820 192,18
1395 4757 1690 4821 233,23.29

486 4843 638 4898 παῖδα
678 4843 868 4905 202,16

2984 281 3107 345 251

2561 282 2813 350 ἐναντίος

1803 454 2059 512 ἐκτικός
2100 455 2284 517 192,19

1802 545 1986 602 ἐκτός
2023 543 2175 607 33,27
2221 542 2527 606 101‚·21.·23.
2549 542 2617 594 28
2655 540 2843 604 211,13

1916 633 2098 696 101,12
2170 629 2335 700 ἀγαθά
2376 631 2560 692 14139

1803 721 2089 792 ἐκτρέπω
2135 719 2319 782 199,24

1802 808 2082 880 ἐκτροπή
2126 807 2314 870 154,30

1803 897 1970 950 ἑκών
2014 895 2163 957 129,2

2916 538 3110 606 κόσμου

1803 985 2019 1037 ἔλαιον
2058 981 2213 1047 73,15
2250 980 2407 1042 229,2

1801 1071 2029 1129 ἐλατός
2066 1070 2219 1135 73,12

1801 1159 2091 1212 ἐλαττόω
2130 1157 2319 1222 232,27

1800 1245 2045 1300 ἐλαὺνω
2082 1245 2275 1308 217,20

1801 1333 2063 1406 ἔλεγχος
2107 1331 2254 1397 193,2

1800 1421 2039 1493 ἐλέγχω
2082 1420 2267 1483 178,25
2312 1418 2495 1482 180,23
2534 1417 2689 1482 200,9
2728 1415 2883 1481 211,5
2922 1414 3111 1478 215,26

1907 1508 2097 1570 223,19

1800 1595 2255 1667 ἐλευθεριότης
2298 1593 2480 1658 123,12
2523 1593 2709 1656 146‚19

1798 1683 2133 1754 ἐλεΰθερος
2172 1683 2327 1750 68,23
2369 1681 2555 1744 189,12
2593 1679 2748 1742 200,5

1798 1771 1966 1824 ’ἐλκω
2006 1771 2124 1833 72,9
2146 1787 2222 1839 sq.

1796 1859 2067 1912 ἐλλείπω
2115 1859 2261 1921 16,36

1797 1947 1968 2008 ἕλξις
2005 1947 2160 2012 73,23

1796 2035 2027 2096 ἐλπίζω
2074 2035 2251 2098 172,21

1795 2121 1971 2180 ἐλπίς
2016 2121 2163 2186 173,8

1794 2209 2091 2280 ἐμβάλλω
2132 2209 2315 2274 231,31

1795 2298 2052 2366 ἐμμένω
2092 2297 2249 2362 73‚30
2288 2296 2399 2360 74,1
2453 2295 2635 2358 172‚18
2678 2295 2867 2357 188‚15

1796 2386 2078 2457 ἔμμηνος
2113 2386 2231 2448 64,6

1795 2473 2059 2542 ἔμπαλιν
2115 2473 2269 2536 87,17
2336 2472 2522 2535 127,10
2581 2471 2769 2534 130,34
2822 2468 3105 2530 134,15.21

1907 2562 2094 2627 144,20

1796 2649 2087 2718 ἐμπίπτω
2134 2649 2280 2714 133,8
2318 2647 2509 2712 238,18

1795 2736 1982 2805 ἐμπίς
2019 2737 2209 2801 226,28

1796 2824 2089 2894 ἐμπλέκω
2132 2825 2315 2888 195,14
2354 2824 2539 2887 217,21

1796 2915 2115 2982 ἐμποδίζω
2153 2912 2274 2974 5,18
2311 2912 2465 2974 82,19
2523 2911 2663 2974 121,1
2725 2907 2909 2972 134,10
2961 2905 3103 2969 135‚1

1912 3002 2096 3067 169,30
2140 2999 2363 3064 170,·25?
2410 2998 2589 3063 181‚27
2631 2997 2783 3062 236,5

1795 3089 2095 3158 ἐμπόδιος
2132 3089 2315 3154 203,21

1796 3176 2094 3246 ἐμποδών
2132 3176 2249 3242 2,·27
2297 3175 2478 3238 105,34
2523 3172 2672 3239 168,6

1797 3263 2149 3336 ἔμπροσθεν
2194 3264 2376 3329 132,22
2419 3261 2605 3325 194,28

1797 3353 2079 3422 ἐμφαίνω
2118 3352 2236 3416 77,9
2282 3351 2427 3416 123,5

1797 3441 2062 3510 ἔμφασις
2099 3441 2219 3502 97,4

1797 3528 2085 3602 ἔμψυχος
2123 3529 2259 3591 3,]1.
2285 3528 2347 3580 12
2387 3527 2543 3590 20,3()
2576 3525 2733 3588 48,16

1796 3617 1873 3669 ἐν.
1948 3617 1999 3668 ἐν
2036 3616 2384 3686 ἁμαρτήμασιν
2422 3615 2545 3666 εἶναι
2596 3611 2779 3677 129,13
2818 3611 2883 3662 cs.
2928 3607 3109 3672 124,27

1798 3707 2055 3773 ἔναιμος
2091 3704 2281 3764 238,14

1797 3793 2085 3850 ἐναντίος
2122 3791 2272 3856 32,21
2298 3808 2372 3859 sq.
2420 3789 2602 3852 175,19
2622 3805 2699 3856 sq.
2760 3787 2818 3840 τὸ
2844 3786 3034 3856 κυρίως
3070 3785 3109 3836 ἐ.

1909 3881 2061 3944 16,10
2133 3880 2371 3949 ποιητικὰ
2405 3885 2511 3930 τῶν
2557 3877 2596 3929 ἐ.
2634 3877 2791 3940 32‚30
2838 3891 2957 3942 opp.
3005 3874 3112 3925 στέ-

1904 3984 2043 4037 ρησις
2080 3967 2234 4030 55,22
2257 3984 2335 4035 sq.
2407 3966 2541 4038 παρὰ
2578 3965 2729 4034 μέρος
2772 3969 2875 4016 τῶν
2923 3963 2961 4014 ἐ.
3001 3961 3111 4014 δεκ-

1902 4056 2043 4107 τικόν
2083 4055 2237 4120 20,32
2275 4054 2396 4120 33,7
2470 4055 2523 4106 ἐν
2560 4053 2819 4123 μηδετέρῳ
2850 4049 2904 4102 ὃν
2928 4056 3033 4100 τῶν
3070 4051 3110 4100 ἐ.

1904 4143 2059 4206 32,25
2149 4142 2255 4210 ἅμα
2309 4142 2441 4212 ἔχειν
2494 4141 2583 4199 τὰς
2636 4146 2741 4202 τῶν
2796 4139 2836 4190 ἐ.
2883 4137 3111 4204 δυνάμεις

1900 4231 2053 4298 32,27
2127 4231 2191 4283 τὰ
2227 4231 2267 4282 ἐ.
2304 4229 2385 4282 διὰ
2425 4231 2473 4282 τί
2508 4227 2541 4299 ἢ
2581 4227 2675 4280 οὒκ
2716 4225 2768 4286 ἐξ
2805 4225 3039 4294 ἀλλήλων
3078 4223 3110 4290 ἢ

1901 4320 1996 4371 οὐκ
2034 4319 2085 4379 ἐξ
2125 4319 2293 4372 ἄλλων
2332 4317 2451 4382 28,9
2475 4334 2549 4385 sq.
2625 4316 2668 4368 εἰ
2704 4314 2763 4367 τὸ
2802 4314 2968 4383 ἕτερον
3006 4321 3109 4366 τῶν

1900 4408 2139 4460 ἐναντίων
2184 4405 2483 4478 πολλαχῶς,
2543 4407 2628 4458 καὶ
2674 4402 2731 4455 τὸ
2778 4403 2946 4471 ἕτερον
2992 4401 3111 4454 πολ·

1902 4494 2075 4568 λαχῶς
2130 4493 2311 4556 131,24
2334 4510 2410 4561 sq.
2492 4495 2557 4544 τὰ
2602 4493 2640 4544 ἐ.
2687 4490 2913 4544 πλεῖστον
2963 4489 3107 4559 ἀλλή·

1902 4581 2006 4635 λων
2062 4581 2317 4652 διέστηκεν
2372 4582 2425 4633 ἐν
2478 4581 2556 4650 τῷ
2600 4580 2741 4650 αὐτῷ
2786 4579 2909 4647 γένει
2960 4577 3111 4640 19,18

1900 4671 1965 4722 τὰ
2002 4669 2041 4721 ἐ.
2079 4672 2155 4739 τῷ
2193 4668 2334 4736 αὐτῷ
2370 4667 2608 4740 ὺπάρχειν
2646 4666 2779 4718 κατὰ
2813 4664 2967 4718 ταύτὸ
2994 4665 3111 4717 ἀδυ-

1900 4777 2047 4810 νατον
2087 4757 2349 4820 24‚⁴25.30
2418 4761 2529 4814 πῶς
2564 4755 2774 4823 λέγομεν
2822 4755 2915 4824 τὴν
2952 4753 3111 4823 αὐτὴν

1902 4843 2107 4912 δυναμιν
2145 4843 2251 4913 ἅμα
2287 4844 2523 4896 ἐναντίων
2562 4843 2682 4895 εἶναι
2727 4841 3105 4906 59,26--6Ο,31
