3684 5567
520 258 641 323 148
975 253 1303 326 [ΑΠΟΡΙῼΝ
1344 252 1464 309 ΚΑΙ
1504 251 1769 308 ΛΥΣΕΩΝ
1809 250 2092 308 ΒῙΒΛΙΟΝ
2131 250 2504 309 TETAPTON
2543 254 2774 324 24—25]

620 432 918 515 πολιτική,
972 431 1088 494 ἀπὸ
1134 432 1198 495 δὲ
1242 435 1357 493 τῶν
1402 430 1654 514 ἀρίστων
1709 430 1747 512 ἡ
1796 431 1910 491 τῶν
1956 428 2102 492 κατὰ
2147 428 2316 512 φύσιν
2361 428 2592 513 ἑκάστῳ
2638 429 2846 512 κρίσις,
2907 428 2998 513 εἴη
3045 427 3113 492 ἂν

619 532 651 597 ὁ
698 533 1005 619 ἄνθρωπος
1050 536 1294 616 λογικόν,
1353 534 1537 602 οὕτως
1589 534 1653 597 δὲ
1704 533 1800 597 καὶ
1855 530 2163 607 πολιτικόν,
2222 533 2319 594 καὶ
2362 532 2428 595 τὸ
2475 534 2683 603 σώζειν
2737 533 2802 594 δὲ
2854 534 2958 615 τὴν
3003 554 3112 595 τοι·

616 636 794 721 αὕτην
841 638 1135 701 κοινωνίαν
1180 636 1273 722 εἴη
1319 635 1388 699 ἂν
1421 636 1582 721 αὐτῷ
1630 637 1882 721 μάλιστα
1926 635 2072 698 κατὰ
2101 635 2269 719 φύσιν
2315 657 2377 697 τε
2421 635 2518 697 καὶ
2562 634 2786 718 αἱρετὸν
2833 632 2906 697 δι’
2948 632 3110 707 αὑτό,
3140 650 3194 691 ιο

614 745 870 804 τοιοῦτον
916 741 981 805 δὲ
1025 743 1064 824 ἡ
1110 740 1460 824 δικαιοσύνη.

541 1001 571 1049 5
610 980 805 1047 XXV.
874 978 1285 1067 Ἐπιδρομή,
1330 982 1547 1045 πόθεν
1592 984 1631 1065 ἡ
1677 987 1813 1044 τῶν
1848 983 2114 1067 ἀρετῶν
2161 985 2438 1068 εῦρεσίς
2482 1005 2550 1046 τε
2595 982 2709 1044 καὶ
2752 980 3105 1047 σύστασις.

776 1151 937 1217 Ἐπεὶ
983 1156 1020 1237 ἢ
1068 1154 1403 1238 εὐδαιμονία
1456 1158 1575 1223 τοῖς
1620 1154 1951 1239 ἀνθρώποις
1995 1157 2242 1233 σκοπός,
2298 1158 2394 1220 καὶ
2422 1158 2540 1239 ,δεῖ
2589 1156 2773 1217 πάντα
2818 1154 3106 1236 πράττειν,

609 1254 768 1326 ὅπως
813 1258 1023 1340 ταύτην
1055 1258 1422 1342 κτησαίμεθα
1466 1260 1549 1326 ’ὡς
1593 1256 1759 1327 τέλος
1802 1282 1866 1321 τε
1909 1260 2006 1323 καὶ
2040 1260 2304 1343 μέγιστον
2347 1264 2464 1322 τῶν
2496 1258 2798 1342 ἡμετέρων
2845 1256 3106 1339 ἀγαθῶν,
3135 1270 3190 1313 1⁶

616 1358 892 1423 ἀδύνατον
940 1360 1005 1423 δὲ
1047 1360 1112 1423 τὸ
1160 1360 1424 1444 πράττειν
1470 1360 1595 1423 τινὰ
1640 1362 1721 1429 ὥς
1765 1360 1850 1430 εἴς
1895 1386 1945 1424 τι
1990 1366 2368 1426 συντελοῦντα
2413 1363 2452 1445 ἢ
2500 1361 2653 1431 ὅλως
2695 1360 2988 1444 γνωρίζειν
3033 1360 3106 1422 τὰ

608 1460 682 1524 δι’
738 1463 819 1525 ὧν
873 1462 994 1527 οἷόν
1047 1487 1109 1528 τε
1154 1468 1355 1549 τυχεῖν
1409 1486 1556 1533 τινος
1612 1468 1831 1527 σκοποῦ
1885 1466 2275 1549 ἀγνοουμένου
2334 1470 2434 1529 τοῦ
2487 1468 2708 1529 σκοποῦ
2761 1463 2950 1547 (ἀρχὴ
2998 1462 3106 1545 γὰρ

603 1570 709 1649 τῆς
752 1566 1038 1650 εὑρέσεως
1082 1572 1197 1629 τῶν
1243 1568 1326 1636 εἰς
1368 1568 1465 1630 τὸν
1514 1570 1731 1631 σκοπὸν
1778 1569 2198 1632 συντελούντων
2244 1570 2339 1632 καὶ
2383 1574 2499 1632 τῶν
2544 1568 2765 1631 ἐκείνου
2811 1569 2982 1652 χάριν
3026 1589 3103 1647 γι·
3130 1581 3186 1623 2⁰

507 1687 569 1734 ιο
606 1668 860 1750 νομένων
908 1669 1167 1754 πράξεων
1215 1668 1306 1755 <ἡ>
1350 1675 1560 1753 γνῶσις
1612 1676 1715 1733 τοῦ
1762 1677 2012 1747 σκοποῦ,
2068 1674 2157 1735 διὸ
2204 1674 2299 1735 καὶ
2355 1678 2457 1756 τῆς
2503 1674 2719 1757 ἠθικῆς
2763 1668 3106 1755 φιλοσοφίας

605 1773 762 1857 ἀρχὴ
809 1774 873 1835 τὸ
906 1778 1133 1855 γνῶναι,
1181 1774 1239 1836 τί
1278 1772 1405 1837 ποτ’
1461 1774 1614 1837 ἐστὶν
1654 1774 2010 1856 εὐδαιμονία,
2056 1776 2128 1859 ἧς
2157 1776 2328 1860 χάριν
2373 1778 2530 1858 ἡμᾶς
2574 1777 2665 1838 δεῖ
2701 1776 2887 1837 πάντα
2931 1774 3102 1858 πράτ-

608 1874 772 1957 τειν),
817 1875 1201 1961 ἐζητήσαμεν,
1250 1877 1308 1939 τί
1344 1876 1485 1939 ποτέ
1518 1878 1669 1939 ἐστιν
1716 1877 2070 1960 εὐδαιμονία,
2113 1880 2211 1941 καὶ
2249 1879 2514 1961 εὑρόντες
2559 1878 2808 1941 ἑκάστου
2855 1882 2970 1939 τῶν
3017 1874 3104 1938 ὄν·
3130 1890 3184 1933 2⁸

603 2001 716 2040 των
762 1979 827 2041 τὸ
858 1980 1081 2061 ἀγαθὸν
1129 1978 1189 2042 ὃν
1236 1981 1296 2043 ἐν
1330 1984 1405 2063 τῇ
1436 1980 1620 2064 οἰκείᾳ
1668 1976 1675 2065 Ι
1722 1980 1980 2065 ἐνεργείᾳ
2023 1986 2097 2065 τῇ
2146 1979 2285 2043 καθ’
2325 1979 2360 2042 ὅ
2400 1981 2550 2045 ἐστιν
2597 1979 2761 2064 αὐτῷ’
2807 1980 2872 2041 τὸ
2904 1978 3050 2041 εἶναι
3093 1986 3203 2043 284

600 2082 789 2167 τούτῳ
844 2082 879 2145 ‘0⁷
922 2083 1103 2159 ἐστιν,
1157 2084 1211 2145 εἰ
1260 2081 1327 2145 εὖ
1373 2084 1607 2165 γίνοιτο·
1657 2084 1757 2146 ἐπί
1804 2108 1866 2147 τε
1920 2084 2026 2167 γὰρ
2081 2090 2195 2147 τῶν
2251 2085 2422 2168 φύσει
2480 2085 2855 2147 συνεστώτων
2901 2087 3100 2146 τοῦτον

503 2205 564 2253 15
604 2182 733 2270 ἔχει
780 2185 874 2249 τὸν
906 2185 1136 2269 τρόπον,
1182 2188 1331 2250 ἀλλά
1376 2189 1471 2252 καὶ
1518 2188 1614 2249 ἐπὶ
1661 2192 1776 2250 τῶν
1808 2188 1956 2252 κατὰ
2000 2186 2230 2273 τέχνην,
2278 2191 2535 2269 μιμεῖται
2583 2188 2684 2271 τὴν
2729 2186 2928 2269 φύσιν·
2998 2191 3099 2249 τοῦ
3153 2200 3182 2243 ὅ

601 2314 665 2353 τε
694 2289 801 2373 γὰρ
836 2289 1011 2352 ἵππου
1058 2291 1123 2352 τὸ
1155 2292 1379 2372 ἀγαθὸν
1425 2296 1702 2367 τοιοῦτον,
1748 2292 1809 2355 εἴ
1840 2292 1907 2375 γέ
1953 2293 2103 2354 ἐστιν
2151 2293 2254 2375 μὲν
2287 2293 2498 2355 οἰκεῖον
2544 2290 2707 2375 ἔργον
2753 2289 2914 2374 αὐτῷ
2946 2290 3096 2353 καθὸ

599 2392 773 2461 ἵππος
816 2393 939 2456 ἐστὶ
982 2395 1048 2456 τὸ
1093 2392 1349 2479 τρέχειν,
1409 2396 1629 2477 ἀγαθὸν
1676 2396 1740 2458 δὲ
1784 2394 1946 2480 αὐτῷ
2002 2398 2066 2458 τὸ
2113 2392 2178 2457 εὖ
2225 2395 2481 2480 τρέχειν,
2528 2396 2560 2457 ὁ
2605 2394 2657 2458 δ’
2714 2394 2887 2463 αὐτὸς
2930 2392 3099 2475 λόγος

598 2496 692 2559 καὶ
738 2496 835 2559 ἐπὶ
890 2496 1083 2566 κυνός·
1150 2495 1268 2559 εἴτε
1312 2497 1419 2582 γὰρ
1475 2500 1539 2561 τὸ
1586 2500 1922 2582 φυλάττειν,
1981 2498 2098 2561 εἴτε
2153 2500 2217 2562 τὸ
2271 2500 2461 2582 θηρᾶν
2516 2496 2680 2581 ἔργον
2727 2496 2921 2570 κυνός,
2982 2495 3099 2559 εἴτε

594 2604 708 2661 τῶν
768 2600 869 2681 μὲν
926 2604 1121 2676 τοῦτο,
1182 2605 1296 2662 τῶν
1353 2602 1417 2663 δὲ
1470 2601 1685 2676 ἐκεῖνο,
1748 2602 1845 2665 καὶ
1897 2603 1962 2664 τὸ
2017 2602 2238 2684 ἀγαθὸν
2300 2600 2495 2669 αὐτοῖς
2549 2600 2610 2663 ἐν
2666 2605 2751 2683 τῷ
2807 2598 2871 2662 εῦ
2917 2603 3097 2662 ταῦτα
3125 2614 3179 2657 1⁰

490 2722 555 2769 2ο
592 2704 802 2765 ποιεῖν·
866 2702 1014 2765 ἀλλὰ
1058 2704 1155 2766 καὶ
1208 2708 1293 2787 τῷ
1340 2702 1633 2787 οἰκοδόμῳ
1681 2706 1746 2766 τὸ
1792 2704 2014 2787 ἀγαθὸν
2059 2706 2155 2767 καὶ
2202 2704 2264 2767 τὸ
2312 2703 2476 2773 τέλος
2521 2703 2583 2766 ἐν
2631 2708 2715 2787 τῷ
2764 2700 2831 2766 εὖ
2876 2703 3094 2766 οἰκοδο-

598 2810 743 2888 μεῖν,
789 2806 917 2869 ἐπεὶ
962 2808 1056 2869 καὶ
1102 2804 1266 2889 ἔργον
1314 2807 1377 2869 τὸ
1425 2807 1751 2889 οἰκοδομεῖν
1796 2806 1982 2892 αὐτῷ,
2029 2808 2122 2871 καὶ
2171 2807 2296 2870 ἐπεὶ
2342 2806 2436 2891 ἐφ’
2493 2808 2725 2890 ἑκάστῳ
2770 2807 2836 2870 τὸ
2880 2805 3094 2890 (τέλος)

590 2913 666 2991 τῇ
715 2910 969 2993 ἐνεργείᾳ
1024 2911 1120 2973 καὶ
1173 2914 1257 2994 τῷ
1314 2908 1467 2994 ἔργῳ
1521 2910 1679 2995 παρὰ
1733 2916 1837 2995 τῆς
1879 2908 2097 2979 οἰκείοις
2149 2911 2360 2994 ἀρετῆς
2404 2911 2772 2995 περιγίνεται,
2837 2910 3088 2974 ἑκάστου
3123 2925 3175 2967 15

596 3011 660 3073 τὸ
708 3010 870 3080 τέλος
914 3012 977 3075 ἐν
1022 3018 1106 3097 τῷ
1152 3014 1216 3076 τὸ
1262 3014 1471 3077 οἰκεῖον
1518 3012 1682 3096 ἔργον
1728 3019 1911 3077 ποιεῖν
1956 3012 2084 3076 κατ’
2125 3014 2353 3097 ἀρετήν.
2435 3014 2488 3076 εἰ
2533 3013 2598 3077 δὲ
2640 3018 2832 3090 τοῦτο,
2877 3013 2969 3097 εἴη
3019 3013 3086 3077 ἀν

592 3115 688 3177 καὶ
734 3115 799 3178 τὸ
846 3120 945 3178 τοῦ
992 3116 1309 3199 ἀνθρώπου
1365 3117 1585 3199 ἀγαθόν
1644 3140 1709 3180 τε
1763 3119 1860 3181 καὶ
1913 3116 2076 3186 τέλος
2129 3118 2188 3179 ἐν
2243 3121 2326 3201 τῷ
2373 3114 2498 3180 κατ’
2555 3117 2768 3201 ἀρετὴν
2815 3116 2964 3199 [καὶ]
3011 3116 3086 3179 οἰ-

486 3237 550 3285 25
593 3217 751 3280 κείαν
808 3216 907 3287 τὰς
968 3220 1117 3283 καθὸ
1180 3218 1491 3304 ἅνθρωπός
1550 3220 1701 3283 ἐστιν
1770 3219 2060 3304 ἐνεργείας
2117 3220 2387 3304 ἐνεργεῖν.
2493 3220 2645 3283 ἀλλὰ
2707 3221 2822 3303 μὴν
2882 3220 3087 3282 οἰκεῖαι
3113 3234 3171 3277 ω

589 3320 866 3405 ἐνέργειαι
920 3322 1236 3406 ἀνθρώπου
1292 3324 1351 3386 αἱ
1404 3324 1695 3406 γινόμεναι
1747 3322 1896 3386 κατὰ
1949 3324 2143 3408 ψυχὴν
2189 3324 2452 3406 λογικήν·
2521 3324 2586 3385 τὸ
2630 3322 2738 3406 γὰρ
2787 3323 3085 3408 ἀνθρώπῳ

592 3424 746 3488 εἶναί
784 3425 934 3489 ἐστιν
982 3424 1041 3487 ἐν
1086 3430 1171 3509 τῷ
1219 3430 1321 3509 ζῆν
1365 3448 1428 3489 τε
1474 3427 1570 3489 καὶ
1614 3426 1763 3489 κατὰ
1814 3428 2048 3509 λογικὴν
2095 3428 2290 3511 ψυχὴν
2335 3425 2605 3509 ἐνεργεῖν.
2695 3426 2747 3488 εἰ
2791 3428 2856 3490 δὲ
2899 3430 3087 3503 τοῦτο,

589 3526 681 3613 εἴη
740 3527 807 3591 ἂν
862 3530 956 3591 καὶ
1014 3530 1077 3591 τὸ
1132 3528 1297 3597 τέλος
1348 3528 1509 3614 αὐτῷ
1564 3530 1622 3591 ἐν
1678 3534 1763 3613 τῷ
1822 3528 1948 3593 κατ’
2015 3530 2222 3614 ἀρετὴν
2277 3536 2473 3614 ψυχῆς
2535 3534 2768 3614 λογικῆς
2821 3530 3089 3612 ἐνεργεῖν,

594 3630 747 3693 ὥστε
801 3630 893 3715 εἴη
952 3629 1018 3695 ἂν
1084 3633 1122 3714 ἡ·
1178 3631 1541 3714 εὐδαιμονία,
1610 3633 1813 3717 ἐπειδὴ
1871 3632 2018 3717 αὐτὴ
2085 3633 2148 3697 τὸ
2203 3638 2303 3696 τοῦ
2374 3633 2688 3716 ἀνθρώπου
2755 3634 2975 3717 ἀγαθόν
3028 3650 3172 3697 τεῠὸ

482 3752 549 3799 30
588 3735 684 3796 καὶ
757 3734 939 3811 τέλος,
1012 3734 1267 3819 ἐνέργεια
1339 3734 1465 3798 κατ’
1550 3736 1759 3820 ἀρετὴν
1832 3742 2028 3821 ψυχῆς
2097 3740 2358 3819 λογικῆς,
2435 3735 2868 3821 προσκειΙμένου
2942 3742 3044 3801 τοῦ
3087 3748 3196 3803 285

585 3861 653 3920 γε
705 3838 765 3900 ἐν
834 3838 943 3923 βίῳ
996 3837 1202 3925 τελείῳ
1264 3838 1459 3922 (οὐδὲν
1525 3839 1632 3922 γὰρ
1689 3840 1903 3902 τέλειον
1957 3839 2017 3902 ἐν
2075 3840 2297 3921 ἀτελεῖ)
2359 3841 2454 3903 καὶ
2499 3836 2584 3903 ἔτι
2635 3845 2737 3904 τοῦ
2799 3842 2860 3904 ἐν
2915 3866 3087 3927 προη-

584 3938 887 4024 γουμένοις
950 3942 1046 4005 διὰ
1110 3942 1174 4003 τὸ
1236 3942 1463 4005 δεῖσθαι
1528 3942 1784 4026 ὀργάνων
1851 3943 1951 4011 τὰς
2008 3942 2447 4027 προηγουμένας
2499 3966 2562 4006 τε
2619 3946 2715 4008 καὶ
2773 3945 3086 4031 βουλευτὰς

586 4044 889 4129 ἐνεργείας.
988 4042 1152 4113 ὄντος
1202 4044 1267 4107 δὲ
1326 4045 1531 4108 τούτου
1587 4049 1842 4121 σκοποῦ,
1903 4047 2078 4129 δῆλον
2143 4046 2210 4109 ἐκ
2261 4051 2365 4130 τῆς
2417 4046 2706 4130 εὑρέσεως
2756 4048 2932 4112 αὐτοῦ
2993 4051 3088 4113 καὶ
3141 4064 3168 4107 5

475 4340 508 4393 3
546 4341 623 4412 εἴη
662 4340 720 4393 ἂν
758 4356 856 4393 om.
895 4358 927 4393 a
1148 4339 1268 4393 αὑτὸ
1305 4341 1450 4408 (αυτὸ
1490 4340 1609 4410 V¹)]
1655 4342 1805 4395 αὐτὸν
1845 4362 1876 4395 a
2086 4343 2118 4395 8
2155 4342 2208 4395 δὲ
2247 4341 2304 4396 τὸ
2339 4346 2458 4397 FSa
2495 4346 2610 4412 Sp.:
2657 4344 2709 4397 δέ
2747 4364 2793 4397 τι
2832 4348 2924 4397 VB

482 4430 544 4483 10
580 4430 613 4499 ἡ
653 4430 769 4481 add.
811 4428 941 4481 ΨΜ
1133 4430 1196 4481 13
1234 4428 1376 4499 αὐτῷ
1412 4448 1443 4481 a
1479 4432 1567 4497 Sp.
1771 4433 1833 4484 14
1871 4431 2060 4501 τοὺτῳ]
2099 4438 2248 4485 τοῦτο
2285 4430 2356 4484 13²
2533 4433 2597 4487 15
2635 4434 2770 4503 εἴγε
2808 4433 2840 4504 ἡ
2879 4436 3030 4506 τέχνη
3071 4438 3194 4487 ante

476 4524 697 4585 μιμεῖται
744 4517 859 4569 add.
900 4515 1089 4570 S²B²a
1126 4520 1215 4585 Sp.
1262 4517 1481 4570 sortasse
1531 4524 1665 4571 recte
1853 4520 1915 4571 21
1956 4520 2096 4577 τέλος
2119 4520 2236 4571 add.
2263 4518 2480 4573 v²Bs²a
2504 4522 2592 4587 Sp.
2773 4522 2838 4572 22
2877 4520 3194 4591 παραγίνεται

478 4604 645 4658 vich?
680 4608 768 4671 Sp.
948 4603 1015 4656 23
1052 4603 1187 4657 ἔσται
1223 4605 1275 4656 ἐν
1312 4624 1345 4656 ε
1382 4608 1470 4673 Sp.
1649 4607 1715 4658 24
1752 4608 1839 4659 καὶ
1877 4608 1973 4659 del.
2013 4606 2087 4659 V⁹
2297 4608 2406 4664 τὰς
2443 4608 2630 4666 οἰκείας
2665 4609 2801 4673 [τὰς]
2842 4608 2986 4661 Diels

474 4691 558 4744 24.
581 4692 647 4745 25
674 4692 861 4745 οἰκεῖον
886 4710 918 4743 a
936 4694 1024 4759 Sp.
1168 4692 1235 4745 25
1273 4692 1509 4763 ἐνεργεῖν]
1535 4711 1564 4763 γ
1592 4695 1646 4746 in
1671 4694 1750 4745 lit.
1778 4694 1809 4746 2
1837 4695 1939 4746 litt.
1975 4698 2016 4746 V
2161 4694 2225 4746 26
2253 4695 2330 4765 τῷ·
2353 4696 2444 4765 γὰρ
2471 4698 2514 4747 Β
2541 4696 2677 4748 coni.
2697 4698 2788 4762 Sp.
2931 4695 3189 4769 ἀνθρώπῳ

476 4784 631 4833 VBM
668 4781 805 4833 coni.
831 4782 948 4847 Sp.:
988 4778 1255 4851 ἄνθρωπον
1284 4784 1391 4833 FL:
1435 4778 1707 4852 ἀνθρώπου
1733 4783 1805 4836 Sa
1975 4782 2040 4835 29
2079 4782 2137 4834 ἂν
2173 4784 2260 4835 καὶ
2295 4782 2488 4852 &vict
2524 4786 2612 4851 Sp.
2791 4782 2919 4854 αὕτη
2959 4782 3101 4836 Diels

473 4866 533 4919 31
580 4869 656 4937 γε]
693 4886 747 4920 τε
785 4886 816 4919 a
853 4869 939 4935 Sp.
1120 4867 1295 4938 τελείῳ
1332 4871 1447 4921 SFa
1484 4872 1599 4937 S‘p.:
1636 4868 1827 4923 τελείου
1858 4872 1950 4922 VB
2011 4870 2016 4874 ’
2131 4868 2196 4922 32
2237 4869 2505 4939 βουλευτὰς
2532 4874 2646 4937 Spa
2686 4870 2939 4942 βουλητὰς
2973 4872 3094 4927 libri
