3684 5567
1161 270 1322 330 ΠΕΡΙ
1362 271 1675 330 ΚΡΑΣΕΩΣ
1709 271 1832 330 ΚΑΙ
1870 273 2219 332 ΑΥΞΗΣΕΩΣ
2261 277 2397 330 4-6
3001 277 3125 342 219

532 469 622 509 ναι
665 446 870 529 λέγειν.
959 447 1222 534 δέχοιντο
1265 449 1372 533 γὰρ
1416 447 1486 512 ἂν
1529 448 1680 513 ἄλλα
1723 451 1974 533 σώματα
2016 452 2111 514 καὶ
2154 451 2338 535 χωρὶς
2380 453 2495 514 τῶν
2541 449 2757 536 πόρων.
2846 447 3019 514 καθό-

532 552 634 612 λου
679 550 788 634 γὰρ
835 553 872 635 ἡ
919 551 1012 614 διὰ
1055 556 1172 616 τῶν
1217 551 1411 636 πόρων
1455 552 1710 638 πάροδος
1777 552 1845 616 οὐ
1892 553 2093 638 κρᾶσίς
2135 554 2307 628 ἐστιν,
2354 554 2479 618 οἵαν
2526 553 2797 628 ἀξιοῦσιν,
2867 551 3017 616 ἀλλὰ

531 653 870 736 παράθεσις,
913 658 997 724 ὡς
1040 655 1203 719 αὐτοὶ
1247 655 1476 737 λέγουσι
1520 655 1668 719 κατὰ
1711 657 1925 741 ἁρμήν,
1970 656 2023 720 εἰ
2068 659 2150 741 μή
2196 679 2279 726 τις
2320 661 2433 718 πᾶν
2478 657 2545 720 τὸ
2591 662 2765 738 σῶμα
2806 653 3019 739 πόρους
3071 671 3099 714 5

538 756 752 841 ποιοίη.
842 757 1025 827 οὕτως
1067 758 1176 842 γὰρ
1221 756 1412 842 μόνως
1442 755 1605 822 ἔσται
1647 761 1712 822 τὸ
1743 760 1836 823 διὰ
1881 763 1997 822 τῶν
2030 759 2225 844 πόρων
2269 758 2640 845 διερχόμενον
2685 758 2778 821 διὰ
2809 757 3019 824 παντὸς

463 877 493 925 5
532 858 850 944 ἐρχόμενον
879 864 982 923 τοῦ
1014 863 1306 943 σώματος,
1351 861 1405 924 εἰ
1448 865 1561 924 πᾶν
1606 861 1699 947 εἴη
1745 861 1949 946 πόρος·
1997 862 2148 924 ἀλλὰ
2193 864 2307 945 μὴν
2336 861 2549 926 ἄτοπον
2594 865 2781 925 τοῦτο.
2866 859 3015 925 τινὸς

528 961 638 1046 γὰρ
683 963 714 1025 ὁ
761 962 937 1047 πόρος
966 963 1091 1046 (καὶ
1123 963 1266 1027 ἄλλο
1316 965 1380 1028 τὸ
1426 962 1566 1049 ἔχον
1611 966 1708 1028 καὶ
1753 965 1820 1028 τὸ
1865 963 2195 1050 ἐχόμενον),
2242 963 2389 1048 εἴγε
2432 966 2464 1028 ὁ
2505 963 2683 1049 πόρος
2723 959 3017 1046 διάστημά

535 1063 592 1126 τί
630 1064 750 1129 ἐστι
797 1066 959 1130 κενὸν
1005 1071 1108 1140 τοῦ
1152 1063 1387 1151 ἔχοντος
1431 1065 1564 1135 τοὺς
1607 1065 1820 1152 πόρους
1858 1069 2146 1150 σώματος.
2220 1065 2357 1131 ὥστ’
2398 1068 2452 1130 εἰ
2496 1071 2607 1130 πᾶν
2653 1066 2763 1150 εἴη·
2788 1087 2829 1125 ιτ·
2872 1084 2912 1124 x·
2956 1087 3017 1138 κ,
3048 1078 3099 1120 1⁰

525 1168 710 1238 οὕτως
753 1167 806 1232 δ’
849 1167 916 1232 ἂν
962 1168 1068 1232 οὐκ
1111 1169 1179 1232 ἂν
1225 1167 1318 1254 εἴη
1364 1191 1443 1230 τι·
1499 1169 1580 1252 μὴ
1628 1169 1690 1232 ὂν
1736 1167 1786 1232 δ’
1828 1167 1949 1233 οὔτ’
1992 1167 2059 1232 ἂν
2107 1172 2350 1254 κιρνῷτο
2396 1167 2479 1232 ἔτι
2524 1167 2641 1233 οὔτ’
2685 1167 2752 1232 ἂν
2798 1166 3015 1251 πόρους

425 1277 494 1331 v1
531 1267 730 1355 (ἔχοι).
821 1269 892 1336 Εἰ
936 1270 984 1335 δ’
1041 1272 1194 1336 οὕτω
1243 1273 1346 1354 μὲν
1395 1269 1464 1335 οὔ
1507 1293 1649 1357 φασι
1700 1272 1772 1335 τὰ
1817 1275 2063 1356 σώματα
2117 1271 2343 1357 ἄλληλα
2386 1271 2688 1358 δέχεσθαι,
2756 1272 2906 1334 καθὸ
2953 1271 3017 1332 δὲ

433 1393 494 1439 ιο
531 1374 715 1454 μεστά
757 1373 879 1438 ἐστι
922 1374 1090 1451 αὐτά,
1135 1381 1354 1461 χωρεῖν
1400 1373 1475 1438 δι’
1532 1375 1802 1459 ἀλλήλων
1848 1374 1997 1438 αὐτά
2055 1395 2245 1458 φασιν,
2314 1379 2542 1459 πρῶτον
2600 1375 2703 1458 μὲν
2750 1371 3016 1456 ἐπιζητή-

533 1496 627 1540 σαι
677 1499 782 1552 τις,
850 1479 904 1541 τί
946 1479 1164 1561 δήποτε
1208 1477 1276 1541 οὐ
1320 1479 1386 1542 τὸ
1430 1479 1608 1564 τυχὸν
1656 1482 1829 1562 σῶμα
1886 1479 1951 1540 τὸ
1996 1479 2176 1564 τυχὸν
2232 1481 2420 1563 πάντῃ
2468 1477 2871 1562 συναυξητικὸν
2915 1479 3017 1538 τοῦ
3048 1490 3099 1532 15

535 1579 758 1663 ὁμοίου.
847 1579 918 1642 τὰ
961 1579 1070 1664 γὰρ
1115 1580 1268 1644 ποσὰ
1314 1581 1438 1664 [τὰ]
1487 1581 1634 1646 κατὰ
1677 1582 1782 1664 τὴν
1825 1581 1969 1665 πρὸς
2021 1580 2249 1665 ἄλληλα
2292 1581 2557 1646 σύνθεσιν
2600 1582 2705 1664 τὴν
2751 1579 3017 1664 τοιαύτην

535 1683 600 1746 τὸ
645 1683 707 1752 ἐξ
749 1683 942 1746 αὐτῶν
1010 1687 1208 1766 μεῖζον
1253 1683 1532 1768 ἑκατέρου
1599 1687 1758 1746 ποιεῖ
1803 1687 1921 1746 τῶν
1990 1684 2398 1768 συγκειμένων.
2502 1684 2763 1768 γραμμαί
2802 1705 2865 1746 τε
2910 1681 3017 1765 γὰρ

538 1785 684 1848 κατὰ
727 1791 968 1869 σημεῖον
1011 1787 1290 1870 ἀλλήλαις
1335 1787 1700 1851 συντεθεῖσαι
1755 1787 1822 1849 τὸ
1870 1791 2055 1871 μῆκος
2097 1785 2359 1856 αὔξουσιν
2422 1786 2639 1870 (οὕτως
2680 1785 2790 1871 γὰρ
2834 1807 3015 1850 συντι·

427 1907 486 1954 15
527 1887 766 1972 θέμεναι
809 1889 870 1958 ἐξ
915 1889 1165 1974 ἀνάγκης
1209 1888 1403 1959 ἕξουσί
1441 1913 1496 1953 τι
1545 1890 1702 1976 παρὰ
1746 1891 1849 1974 τὴν
1896 1890 2103 1974 ἁφήν),
2155 1891 2399 1954 ἐπίπεδά
2440 1913 2505 1954 τε
2547 1889 2612 1953 τὸ
2658 1889 2799 1954 αὐτὸ
2843 1892 3015 1961 ποιεῖ,

530 1989 598 2054 ἂν
645 1991 791 2056 κατὰ
835 1993 940 2075 τὴν
979 1994 1254 2077 γραμμὴν
1297 1995 1572 2078 συντεθῇ,
1619 1995 1683 2056 τὸ
1729 1996 1925 2075 σῶμα,
1968 1993 2035 2054 τὸ
2081 1998 2255 2078 τριχῇ
2309 2015 2371 2055 τε
2416 1995 2511 2057 καὶ
2555 1995 2744 2076 πάντη
2790 1992 3013 2055 διεστά-
3040 2006 3095 2047 ²⁰

532 2117 642 2170 ναι,
689 2091 822 2159 καθ’
866 2095 898 2158 ὃ
929 2095 1028 2159 ἐὰν
1060 2094 1225 2181 ἄλλῳ
1270 2097 1490 2179 ὁμοίως
1532 2095 1693 2180 αὐτῷ
1739 2098 2005 2160 διεσιῶτι
2050 2098 2325 2180 συντεθῇ,
2372 2097 2433 2166 ἐξ
2477 2097 2729 2180 ἀνάγκης
2760 2093 3017 2162 συναύξει

529 2201 716 2260 τοῦτο.
805 2199 857 2260 εἰ
901 2199 975 2283 δὴ
1021 2203 1188 2262 τοῦτο
1235 2199 1338 2282 μὲν
1386 2200 1596 2264 οἰκεῖον
1641 2203 1759 2267 τοῖς
1803 2201 2067 2282 σώμασιν
2113 2200 2211 2262 καὶ
2256 2199 2397 2263 ἴδιον
2442 2199 2655 2276 αὐτῶν,
2723 2200 2777 2261 οἱ
2822 2197 2887 2261 δὲ
2930 2195 3019 2258 λε’·

527 2323 723 2382 γοντες
769 2301 943 2384 σῶμά
987 2324 1038 2363 τι
1081 2300 1178 2365 διὰ
1222 2305 1492 2385 σώματος
1535 2307 1751 2388 χωρεῖν
1797 2303 1891 2366 καὶ
1936 2299 2171 2366 ἔλαττόν
2216 2325 2357 2366 ποτε
2402 2304 2496 2366 καὶ
2543 2301 2663 2365 ἴσον
2707 2304 2773 2364 τὸ
2819 2300 2878 2370 ἐξ
2908 2301 3018 2383 ἀμ-

418 2423 487 2470 20
525 2409 656 2488 φοῖν
723 2409 904 2468 ποιεῖν
972 2405 1272 2488 ἀναιροῦσι
1335 2409 1526 2482 τοῦτο,
1593 2405 1879 2490 ἀναιροῖεν
1929 2403 1937 2489 Ι
1986 2403 2054 2467 ἂν
2123 2405 2225 2489 τὴν
2293 2409 2391 2468 τοῦ
2460 2409 2729 2488 σώματος
2782 2404 2969 2488 φύσιν.
3018 2409 3123 2465 599

537 2511 952 2592 συναναιρεῖται
995 2507 1104 2590 γὰρ
1149 2507 1545 2592 ἀναιρουμένῳ
1591 2512 1676 2592 τῷ
1725 2509 1851 2592 ἰδίῳ
1897 2509 2045 2577 τινὸς
2089 2509 2154 2571 τὸ
2200 2512 2459 2593 πρᾶγμα,
2526 2507 2595 2571 οὖ
2648 2507 2719 2592 ἧν
2764 2506 2906 2570 ἴδιον
2952 2507 3017 2568 τὸ

533 2609 962 2695 ἀναιρούμενον.
1054 2610 1412 2695 συμβήσεται
1477 2611 1542 2674 δὲ
1584 2609 1713 2674 κατ’
1769 2612 1979 2680 αὐτοὺς
2043 2612 2138 2674 καὶ
2182 2612 2345 2674 κενὸν
2410 2610 2669 2694 γίνεσθαι
2712 2612 2807 2674 τὸν
2854 2633 3019 2674 κατε-

529 2711 780 2796 χόμενον
823 2712 969 2782 τέως
1013 2711 1188 2777 τόπον
1235 2714 1347 2776 ὑπὸ
1391 2717 1492 2776 τοῦ
1539 2715 1722 2782 οὕτως
1767 2712 1826 2777 ἔν
1874 2737 1979 2777 τινι
2020 2713 2317 2798 γινομένου
2351 2718 2640 2797 σώματος,
2686 2717 2764 2784 ὡς
2797 2712 3019 2798 μηδένα

529 2817 1085 2902 προσεπιλαμβάνειν
1130 2815 1306 2880 ἄλλον
1352 2817 1524 2880 τόπον
1571 2817 1635 2880 τὸ
1682 2821 1877 2900 σῶμα,
1946 2818 2006 2880 ἐν
2054 2815 2104 2902 ᾧ
2152 2821 2320 2882 τοῦτο
2364 2817 2594 2900 γίνεται,
2652 2816 2773 2880 ἀλλ’
2831 2818 3017 2900 ἀρκεῖ·
3070 2831 3098 2872 5

425 2941 492 2988 25
534 2922 670 2984 σθαι
713 2924 801 3005 τῷ
848 2922 943 2984 καὶ
988 2921 1099 3005 πρὸ
1164 2925 1270 3004 τῆς
1333 2919 1536 2983 τούτου
1584 2919 1791 3003 μίξεως
1858 2919 1953 2984 ὑπ’
2008 2921 2228 2984 ἐκείνου
2282 2921 2742 3005 πεπληρωμένῳ.
2833 2921 2867 2982 ό
2908 2919 3018 3002 γὰρ

527 3023 625 3086 ὑπ’
682 3023 859 3087 αὐτοῦ
904 3023 1298 3109 κατεχόμενος
1342 3022 1517 3092 τόπος
1561 3021 1722 3088 ἔσται
1767 3025 1933 3092 κενὸς
1974 3029 2113 3096 ,τῶν
2168 3024 2270 3087 δύο
2318 3025 2608 3107 σωμάτων
2650 3025 2732 3092 εἰς
2776 3024 2872 3086 τὸν
2918 3023 3020 3086 θα-

537 3128 707 3212 τέρου
754 3129 1152 3214 χωρησάντων
1197 3126 1391 3190 τόπον.
1483 3127 1537 3189 τί
1595 3127 1706 3210 γὰρ
1752 3124 1913 3192 ἔσται
1957 3129 2023 3191 τὸ
2066 3128 2127 3197 ἐξ
2169 3129 2426 3212 ἀνάγκης
2489 3125 2783 3209 γινόμενον
2828 3125 2889 3188 ἑν
2934 3128 3019 3208 τῷ

524 3235 624 3294 τοῦ
672 3232 755 3300 εἰς
798 3231 862 3293 τὸ
908 3234 1083 3313 σῶμα
1129 3231 1513 3313 μεταστάντος
1555 3228 1750 3313 τόπῳ;
1798 3228 1909 3294 ὅσα
1952 3230 2003 3292 δ’
2062 3229 2137 3294 αὖ
2178 3231 2349 3293 πάλιν
2397 3230 2457 3292 ἐν
2502 3234 2577 3313 τῇ
2625 3230 2766 3312 πρὸς
2796 3228 3021 3312 ἄλληλα
3047 3242 3104 3285 1⁰

531 3333 676 3415 μίξει
721 3339 836 3397 τῶν
881 3333 1186 3417 κιρνᾶσθαι
1239 3331 1567 3416 λεγομένων
1612 3331 1861 3409 αὔξεται,
1928 3333 2177 3397 αὐτόθεν
2231 3333 2347 3418 ἤδη
2403 3335 2749 3418 προσπίπτει
2800 3335 2867 3396 τὸ
2936 3333 3015 3416 μὴ

418 3457 485 3506 30
521 3439 586 3502 τὸ
632 3443 808 3520 σῶμα
834 3436 980 3500 εἶναι
1011 3439 1078 3500 τὸ
1109 3441 1282 3520 σῶμα
1327 3436 1668 3520 δεδεγμένον
1700 3437 1760 3499 ἐν
1791 3435 1977 3520 αὐτῷ,
2026 3436 2090 3500 εἴ
2123 3459 2191 3520 γε
2220 3437 2403 3522 ἄλλην
2433 3437 2558 3500 τινὰ
2603 3440 2803 3522 χώραν
2848 3456 3019 3521 προσ-

520 3542 723 3625 είληφε
776 3541 873 3604 καὶ
925 3539 1032 3604 οὐκ
1085 3538 1347 3626 ἠρκέσθη
1403 3545 1478 3624 τῇ
1525 3543 1700 3626 χώρα
1765 3544 1845 3623 τῇ
1918 3544 2021 3603 τοῦ
2064 3540 2379 3623 λεγομένου
2424 3541 2565 3604 αὐτὸ
2610 3541 2671 3604 ἐν
2716 3539 2879 3625 αὐτῷ
2926 3538 3015 3601 δέ·

529 3646 748 3730 χεσθαι
791 3646 1081 3727 σώματος.
1173 3644 1262 3707 ὅτι
1305 3643 1370 3706 δὲ
1415 3645 1498 3728 μὴ
1546 3645 1724 3728 σῶμά
1765 3643 1890 3707 ἐστι
1934 3644 1999 3706 τὸ
2046 3645 2311 3727 δεύτερον
2365 3643 2425 3706 ἐν
2472 3643 2635 3727 αὐτῷ’
2680 3643 2747 3704 τὸ
2791 3648 3019 3728 πρῶτον
3048 3657 3101 3699 15

522 3747 839 3833 δεχόμενον
893 3747 958 3810 τὸ
1015 3749 1208 3829 σῶμα,
1276 3746 1448 3830 δηλοῖ
1497 3747 1592 3810 καὶ
1657 3748 1698 3830 ἡ
1753 3745 2037 3830 γενομένη
2103 3745 2377 3830 διαίρεσις
2429 3743 2524 3808 ὑπ’
2581 3745 2852 3829 ἀλλήλων
2904 3749 3020 3809 τῶν

417 3919 449 3970 2
486 3919 594 3971 οῐαν
620 3917 766 3971 A²R=
803 3917 909 3970 οἷαν
935 3917 1034 3971 A¹z
1073 3916 1126 3970 οἴ
1142 3919 1320 3972 BCPS
1486 3917 1519 3970 3
1558 3917 1723 3988 ἆρμὴν
1749 3920 1959 3972 ABCS:
1998 3917 2163 3988 ἀρμὴν
2187 3921 2303 3971 PR:
2342 3917 2503 3990 ἀρχὴν
2529 3936 2582 3969 a:
2621 3918 2783 3989 ὁρμὴν
2810 3919 2972 3972 ldoler

417 4009 450 4059 4
473 4007 664 4077 ποιοίη]
684 4006 866 4076 ποιήσῃ
889 4009 968 4060 Ra
1095 4005 1232 4058 ἔσται
1256 4020 1355 4058 om.
1379 4006 1540 4060 Ideler
1671 4005 1702 4056 7
1729 4007 1846 4065 τοὺς
1872 4023 1999 4060 corr.
2023 4024 2088 4060 ex
2112 4011 2201 4059 τοῦ
2224 4013 2271 4060 Α
2401 4006 2585 4076 πόρους
2608 4011 2698 4059 τοῦ
2724 4006 2958 4075 σώματος
2978 4011 3055 4060 Ra

416 4094 632 4148 fortasse
659 4093 740 4152 ὡς
764 4089 826 4158 δ’,
853 4095 896 4146 εἰ
920 4091 1112 4164 πᾶνζεῑη
1131 4093 1316 4164 (πόρος,
1337 4093 1585 4162 διάστημα
1607 4099 1706 4146 πᾶν
1725 4093 1784 4146 ἂν
1804 4093 1903 4164 εἴη)
2044 4095 2079 4147 8
2105 4094 2187 4163 ἂν]
2209 4095 2426 4148 fortasse
2451 4093 2515 4147 ὃν
2648 4095 2743 4164 ἔτι]
2773 4095 2879 4167 ἔχοι
2900 4095 3055 4163 Apelt

417 4183 504 4236 alt.
531 4177 636 4235 οὔτ’
659 4182 918 4235 Schwartz
947 4182 1105 4248 (idem
1133 4181 1250 4234 add.
1278 4181 1436 4254 ἕχοι>ε
1476 4177 1526 4233 δ’
1549 4177 1662 4235 οὐδ’
1689 4182 1810 4235 libri
1961 4183 2041 4236 10.
2080 4184 2137 4234 11
2180 4183 2471 4253 ἐπιζητήσαι
2508 4201 2581 4240 τις
2606 4183 2783 4251 Apelt:
2826 4183 3124 4251 ἐπιζητῆσαν

415 4270 558 4324 libri:
599 4269 921 4340 ἐπιζητητέον
959 4269 1120 4322 ldeler
1295 4269 1348 4320 11
1391 4267 1462 4337 τί]
1499 4269 1544 4321 εἰ
1571 4273 1650 4322 Ra
1814 4269 1874 4323 οὒ
1913 4287 1977 4323 ex
2013 4285 2141 4324 corr.
2170 4275 2220 4323 A
2382 4271 2471 4323 alt.
2508 4270 2566 4322 τὸ
2603 4270 2757 4344 τυχὸν
2796 4286 2896 4323 om.
2936 4271 3123 4324 [delet-2

414 4356 632 4411 fortasse
669 4361 778 4410 τοῦ
813 4355 1114 4428 τυχόντος
1299 4355 1358 4407 12
1394 4357 1457 4408 τὰ
1499 4356 1598 4409 del.
1624 4357 1886 4410 Schwartz
2072 4358 2134 4410 14
2170 4357 2396 4428 σημεῖον]
2435 4363 2679 4430 στοιχεῖον
2716 4361 2796 4411 Ra
2959 4373 3125 4411 συντε·

415 4441 598 4501 θείσαις
633 4445 700 4497 R¹
885 4441 947 4495 15
985 4440 1169 4507 ἕξουσί]
1217 4440 1270 4502 ἕξ
1312 4443 1368 4496 in
1411 4442 1488 4495 lit.
1527 4449 1604 4496 A:
1648 4443 1911 4514 προέξουσι
1948 4446 2089 4498 Diels
2266 4446 2481 4499 fortasse
2524 4463 2571 4497 τι
2607 4444 2799 4509 (πλέον)
2836 4448 2969 4516 παρὰ

421 4532 484 4585 16
518 4532 736 4585 fortasse
761 4530 820 4583 τὸ
846 4529 944 4595 (δὲ)
969 4535 1118 4598 σῶμα
1141 4531 1229 4599 τῷ
1393 4529 1455 4581 17
1485 4527 1601 4583 καθ’
1631 4530 1682 4596 ὃ]
1709 4531 1931 4585 fortasse
1969 4533 2283 4601 καὶ,αὒτό,
2450 4531 2667 4604 συντεθῇ
2693 4535 2841 4597 (corr.
2868 4551 2933 4587 ex
2959 4550 3124 4586 συντε-

415 4616 516 4681 θεῖ)
552 4622 705 4672 Ana:
744 4615 970 4671 συντιθεῐ
1002 4618 1178 4670 BCPS
1357 4617 1426 4671 20
1480 4619 1734 4689 ἀναιροῦσι
1770 4623 1867 4672 AB
1911 4623 1979 4683 (σι
2014 4620 2131 4673 add.
2168 4621 2257 4684 13²)
2291 4623 2445 4674 CPS:
2501 4621 2691 4692 ἀναιρεῖ
2725 4624 2828 4674 Ra:
2886 4623 3125 4692 ἀναιροίεν

417 4707 572 4774 Apelt
740 4706 802 4758 21
849 4709 970 4758 ante
1007 4722 1139 4762 τινος
1172 4705 1398 4758 fenestra
1435 4705 1468 4758 8
1493 4705 1595 4759 litt.
1619 4709 1666 4760 R
1835 4707 1901 4759 22
1938 4708 2025 4761 τὸν
2064 4723 2191 4762 corr.
2230 4725 2297 4762 ex
2332 4707 2391 4761 τὸ
2416 4711 2540 4761 AR:
2577 4709 2664 4761 τὸν
2690 4727 2745 4762 a:
2784 4708 2841 4762 τὸ
2876 4712 3055 4762 ΒΟΡ8

421 4791 489 4846 26
528 4792 672 4852 κενὸς
710 4793 846 4846 ἔσται
869 4795 952 4846 Ra
1093 4792 1176 4845 29.
1213 4791 1283 4846 30
1319 4792 1390 4863 μὴ
1433 4793 1515 4858 τὸ]
1551 4794 1766 4847 fortasse
1803 4795 1953 4866 μηδὲ
2104 4795 2173 4849 30
2216 4795 2507 4865 δεδεγμένου
2552 4815 2585 4849 ε
2760 4796 2823 4848 31
2874 4797 2933 4849 ού
2976 4797 3129 4868 ἠρκέ-

418 4877 532 4935 σθαι
555 4901 586 4934 ι
769 4879 838 4934 32
873 4879 1092 4934 fortasse
1127 4879 1352 4954 δεύτερον
1397 4881 1526 4946 (τὸ)
1561 4881 1612 4934 ἐν
1649 4886 1702 4935 et
1736 4879 1795 4934 τὸ
1832 4881 1945 4949 (33)
1985 4883 2083 4936 del.
2262 4883 2329 4938 33
2368 4883 2637 4956 γινομένη]
2674 4884 2907 4954 γινομένη
2944 4887 3023 4937 Ra
