3684 5567
581 238 660 304 12
1299 215 1754 298 ΑΛΕΞΑΝΔΡΟΥ
1794 239 2098 299 ΑΠοΡιΩΝ
2136 239 2261 297 ΚΑΙ
2297 240 2563 298 ΑΥΣΕΩΝ

682 414 1034 500 εἱμαρμένην
1078 416 1308 498 γίνεται,
1353 417 1520 482 οὐδὲν
1566 423 1681 481 τῶν
1711 417 2024 502 γινομένων
2072 420 2155 486 ὡς
2183 415 2419 478 δυνατὸν
2466 418 2560 480 καὶ
2608 418 2689 500 μὴ
2730 417 2999 499 γενέσθαι
3040 417 3183 499 γίνε·

682 541 792 580 ται.
890 519 1134 604 ἐδείχθη
1189 517 1242 584 δ’
1299 519 1386 583 ὅτι
1444 521 1593 604 μηδὲ
1641 525 1758 582 τῶν
1815 521 1973 605 παρὰ
2026 521 2132 605 τὴν
2186 519 2540 604 εἱμαρμένην
2604 519 2845 584 δυνατόν
2898 543 2953 583 τι
3006 517 3180 583 ἔστιν.
3213 535 3267 577 ιὸ

681 617 848 683 οὐδὲν
897 622 1152 686 -δυνατὸν
1219 623 1402 700 ἐστιν,
1467 623 1530 687 εἴ
1579 645 1644 706 γε
1703 629 1816 686 πᾶν
1884 625 1987 706 μὲν
2042 624 2081 708 ἢ
2138 622 2277 688 καθ’
2344 624 2697 708 εἱμαρμένην
2750 623 2791 708 ἢ
2858 624 3014 708 παρὰ
3079 625 3185 708 τὴν

598 786 606 792 ,
681 723 1054 809 εἱμαρμένην,
1101 725 1403 811 οὐδέτερον
1451 727 1517 790 δὲ
1561 727 1798 791 δυνατὸν
1844 727 2058 791 αὐτῶν.

611 851 642 900 5
849 835 906 899 3.
995 833 1067 908 B.
1149 833 1267 900 Καὶ
1311 836 1420 922 γὰρ
1463 838 1518 901 εἰ
1556 839 1622 901 τὸ
1669 836 1802 902 καθ’
1854 839 2207 922 εἱμαρμένην
2250 837 2547 919 γινόμενον
2588 838 2827 903 δυνατόν
2869 863 2957 909 τις
3008 837 3184 921 λέγοι,

683 937 748 1000 τὸ
794 938 1118 1020 ἀναγκαίως
1169 940 1466 1023 γινόμενον
1520 943 1757 1004 δυνατὸν
1813 940 1882 1004 ἂν
1926 939 2019 1026 εἴη
2064 941 2271 1024 λέγων.
2352 939 2473 1004 ἀλλ’
2530 943 2582 1004 εἰ
2634 943 2701 1005 τὸ
2754 943 2991 1005 δυνατὸν
3036 941 3185 1024 γενέ·
3210 957 3270 999 so

686 1041 825 1104 σθαι
869 1042 1110 1104 δυνατὸν
1157 1045 1253 1106 καὶ
1300 1045 1380 1127 μὴ
1413 1043 1703 1125 γενέσθαι,
1747 1044 1813 1106 τὸ
1862 1044 2189 1125 ἀναγκαίως
2232 1043 2528 1127 γινόμενον
2574 1043 2667 1129 εἴη
2714 1044 2782 1108 ἂν
2815 1046 3054 1109 δυνατὸν
3102 1047 3183 1128 μὴ

681 1143 975 1225 γενέσθαι.
1063 1146 1116 1208 εἰ
1161 1147 1226 1208 δὲ
1269 1147 1336 1210 τὸ
1389 1146 1546 1231 παρὰ
1599 1147 1704 1229 τὴν
1759 1146 2111 1230 εἱμαρμένην
2166 1145 2403 1210 δυνατόν
2457 1170 2539 1216 τις
2582 1147 2771 1231 λέγοι,
2828 1149 3184 1232 συμβήσεται

681 1248 851 1310 πάλιν
897 1251 1084 1333 τούτῳ
1131 1251 1197 1312 τὸ
1243 1250 1524 1313 ἀδύνατον
1568 1249 1838 1332 γενέσθαι
1894 1253 2139 1313 δυνατὸν
2184 1249 2453 1331 γενέσθαι
2495 1249 2703 1333 λέγειν.
2790 1253 2919 1334 περὶ
2964 1250 3033 1314 οὖ
3076 1251 3187 1335 γὰρ
3212 1265 3269 1307 2⁵

582 1369 646 1416 10
684 1351 716 1412 ὁ
764 1350 1061 1433 προλέγων
1107 1351 1194 1415 ὅτι
1241 1354 1324 1436 μὴ
1376 1351 1539 1417 ἔσται
1582 1353 1890 1437 ἀληθεύει,
1944 1357 2072 1422 πῶς
2116 1351 2237 1416 οἷόν
2282 1375 2346 1415 τε
2390 1357 2558 1416 τοῦτο
2612 1355 2795 1436 λέγειν
2838 1355 3186 1439 ἐνδέχεσθαι

679 1454 978 1536 γενέσθαι;
1024 1457 1201 1537 δῆλον
1231 1455 1341 1540 γὰρ
1375 1454 1482 1532 ὅτι,
1527 1456 1580 1519 εἰ
1618 1457 1715 1520 καὶ
1760 1457 2005 1520 δυνατὸν
2050 1456 2243 1525 ἄλλως
2294 1454 2302 1538 Ι
2350 1454 2422 1538 ἦν
2454 1461 2527 1538 τῇ
2562 1457 2768 1520 ἑαυτοῦ
2800 1459 2991 1540 φύσει,
3035 1455 3183 1519 ἀλλὰ
3220 1464 3292 1518 28

678 1561 764 1642 τῷ
809 1559 1182 1624 κεκωλῦσθαι
1225 1557 1367 1622 αὐτὸ
1413 1560 1632 1644 ἀληθὲς
1679 1559 1750 1645 ἧν
1797 1559 2217 1644 προλεγόμενον
2262 1557 2358 1621 ἐπῖ
2416 1558 2595 1622 αὐτοῦ
2640 1561 2705 1621 τὸ
2755 1561 2837 1642 μὴ
2882 1558 3142 1622 ἔσεσθαι.

849 1669 909 1733 4.
1001 1669 1076 1734 Α.
1163 1669 1277 1735 Καὶ
1323 1671 1432 1754 γὰρ
1476 1673 1529 1734 εἰ
1575 1671 1713 1753 [μὴ]
1763 1669 1884 1734 ἔστι
1929 1670 2169 1733 δυνατὸν
2226 1673 2418 1744 τοῦτο,
2486 1668 2554 1732 οὖ
2610 1669 2990 1740 ὑποτεθέντος
3041 1669 3185 1734 εἶναι

687 1769 854 1834 οὐδὲν
901 1772 1176 1837 ἀδύνατον
1209 1775 1588 1858 συμβήσεται,
1634 1773 1802 1836 παντὶ
1846 1769 1929 1850 δέ,
1978 1768 2029 1856 ᾧ
2072 1773 2139 1834 τὸ
2171 1772 2554 1855 ἀντικείμενον
2600 1773 3018 1856 προλεγόμενον
3050 1774 3187 1858 ἀλη-
3239 1789 3269 1830 5

576 1893 640 1942 15
682 1874 787 1943 θές
830 1875 1011 1948 ἐστιν,
1067 1876 1403 1940 ὑποτεθέντι
1457 1877 1603 1940 εἶναι
1657 1876 1935 1939 ἀδύνατον
1982 1873 2395 1960 (συμβήσεται)
2450 1876 2515 1938 τὸ
2560 1876 2687 1958 ἅμα
2738 1878 2803 1938 τὸ
2850 1875 2993 1938 αὐτὸ
3038 1876 3188 1940 εἷναί

682 2001 744 2040 τε
789 1979 884 2041 καὶ
932 1980 1014 2063 μὴ
1060 1979 1223 2054 εἶναι,
1271 1979 1438 2043 οὐδὲν
1483 1979 1554 2042 ἂν
1597 1985 1713 2042 τῶν
1758 1977 1858 2064 ἐφ’
1902 1979 1983 2040 ὤν
2027 1983 2131 2062 τῆς
2178 1979 2543 2062 ἀντιφάσεως
2584 1979 2667 2047 εἰς
2713 1979 2778 2042 τὸ
2826 1979 3035 2062 μέλλον
3086 1981 3185 2042 θά-

678 2103 844 2166 τερον
891 2081 1066 2166 μέρος
1109 2083 1531 2166 ἀφωρισμένως
1575 2083 1795 2166 ἀληθές
1840 2082 2015 2155 ἐστιν,
2061 2080 2153 2165 εἴη
2200 2080 2620 2166 ἐνδεχομένως.
2702 2081 2799 2144 ἐπὶ
2844 2084 3072 2146 πάντων
3120 2082 3185 2146 δέ

679 2204 819 2268 φασι
865 2185 1104 2268 θάτερον
1152 2185 1326 2270 μέρος
1368 2191 1475 2270 τῆς
1518 2186 1880 2270 ἀντιφάσεως
1926 2183 2354 2275 ἀφωρισμένως
2398 2185 2619 2268 ἀληθὲς
2662 2183 2828 2247 εἶναι.
3214 2202 3270 2243 ιο

849 2293 926 2359 Β.
1015 2295 1173 2359 Φασὶ
1217 2298 1347 2379 γάρ.

573 2425 641 2472 20
849 2403 1034 2470 Οὐδὲν
1077 2404 1178 2470 οὖν
1237 2407 1390 2470 ἐστιν
1444 2405 1854 2493 ἐνδεχόμενον·
1916 2404 2052 2469 οὔτε
2102 2407 2243 2488 γάρ,
2300 2404 2435 2468 καθ’
2492 2407 2575 2467 ὧν
2621 2407 2842 2489 ἀληθὲς
2898 2407 2961 2469 τὸ
3008 2405 3187 2482 ἔσται,

677 2507 1084 2594 ἐνδεχόμενον,
1141 2507 1228 2572 ὅτι
1275 2511 1358 2593 μὴ
1413 2510 1535 2574 οἷόν
1590 2533 1653 2572 τε
1704 2508 1854 2573 αὐτὰ
1898 2511 1981 2593 μὴ
2035 2508 2333 2592 γενέσθαι,
2388 2507 2524 2572 οὔτε
2576 2508 2673 2593 ἐφ’
2728 2511 2810 2572 ὧν
2864 2512 3074 2594 ψεῦδος
3118 2512 3184 2575 τὸ
3218 2527 3269 2569 ιε

679 2611 838 2695 [οὐκ]
885 2609 1074 2688 ἔσται,
1135 2609 1348 2698 [ἔσται]
1395 2611 1484 2676 ὅτι
1530 2615 1612 2697 μὴ
1657 2613 1780 2676 οἶόν
1833 2612 1897 2675 τέ
1942 2635 1995 2674 τι
2049 2611 2267 2675 τούτων
2319 2610 2611 2695 γενέσθαι.
2696 2613 2750 2673 εἰ
2791 2615 2897 2696 γάρ
2952 2636 3034 2681 τις
3080 2613 3177 2698 ἐφ’

673 2713 743 2778 οὗ
789 2717 998 2800 ψεῦδος
1043 2715 1105 2778 ἓν
1151 2721 1267 2779 τῶν
1312 2715 1640 2798 λεγομένων
1683 2709 1748 2800 (ἢ
1794 2715 1861 2778 τὸ
1906 2715 2175 2797 γενέσθαι
2220 2714 2287 2799 ἢ)
2332 2714 2397 2776 τὸ
2444 2715 2525 2796 μὴ
2573 2714 2865 2796 γενέσθαι,
2918 2714 3077 2797 λέγοι
3118 2717 3183 2779 τὸ

675 2817 869 2901 ἕτερον
913 2819 1132 2883 τούτων
1177 2819 1588 2903 ἐνδεχόμενον,
1644 2820 1681 2901 ἢ
1727 2819 1794 2881 τὸ
1839 2818 2109 2900 γενέσθαι
2162 2818 2201 2901 ἢ
2254 2818 2320 2881 τὸ
2368 2819 2449 2900 μὴ
2508 2817 2805 2899 γενέσθαι,
2866 2817 3063 2882 ἕποιτο
3115 2818 3184 2882 ἂν

569 2939 634 2988 25
672 2921 860 3005 τούτῳ
908 2921 1212 3006 ἀμφότερα
1255 2923 1439 3004 λέγειν
1483 2919 1856 3007 ἐνδεχόμενα.
1925 2921 1991 2984 τό
2037 2943 2099 2983 τε
2142 2920 2251 3004 γὰρ
2298 2920 2683 3005 ἐνδεχόμενον
2728 2919 2999 3003 γενέσθαι
3044 2923 3181 3009 α’λη-
3207 2940 3267 2983 so

676 3023 779 3094 θὲς
823 3030 906 3110 τῷ
944 3025 1292 3110 ἐνδέχεσθαι
1341 3026 1436 3089 καὶ
1472 3027 1552 3107 μὴ
1585 3025 1876 3107 γενέσθαι,
1923 3025 2019 3088 καὶ
2066 3023 2097 3087 ὃ
2129 3025 2423 3109 ἐνδέχεται
2473 3025 2554 3107 μὴ
2586 3021 2877 3105 γενέσθαι,
2923 3029 3178 3089 τοιοῦτον

673 3132 760 3214 τῷ
807 3127 1154 3214 ἐνδέχεσθαι
1196 3127 1484 3211 γενέσθαι.
1575 3128 1729 3191 οὕτω
1774 3129 1839 3191 δὲ
1883 3126 2046 3191 ἔσται
2090 3125 2189 3212 ἐφ’
2232 3125 2301 3190 οὖ
2346 3129 2411 3190 τὸ
2455 3127 2730 3210 γενέσθαι
2777 3127 3183 3212 ἐνδεχόμενον,

576 3447 597 3496 1
638 3445 854 3498 fortasse
890 3445 1087 3514 γίνεται,
1130 3443 1206 3509 (ἐξ
1244 3445 1466 3517 ἀνάγκης
1501 3445 1724 3513 γίνεται),
1762 3444 1906 3496 οὐδὲν
2115 3461 2391 3513 γινομένων
2413 3448 2458 3495 V
2680 3445 2725 3496 1.
2760 3443 2792 3496 2
2829 3443 3014 3513 γίνεται
3044 3450 3106 3498 V=
3144 3445 3293 3499 δὺνα-

567 3550 650 3585 ται
683 3535 990 3588 BSGFLRa
1025 3533 1115 3600 Sp.
1295 3531 1326 3584 2
1365 3550 1414 3584 τι
1450 3531 1580 3585 ἔστιν
1605 3531 1674 3585 Β3
1712 3533 1826 3601 Sp.:
1866 3549 1922 3584 τε
1958 3531 2089 3584 ἔστιν
2128 3533 2247 3584 libri
2424 3531 2458 3585 3
2494 3529 2637 3586 οὺδεν
2677 3531 2773 3601 ἄρα
2810 3550 2841 3583 a
2876 3533 2966 3601 Sp.
3143 3534 3177 3602 ἠ
3218 3537 3291 3586 V¹

570 3623 722 3687 (corr.
761 3620 864 3688 ω’)
1075 3622 1106 3674 6
1141 3620 1297 3691 λέγειν
1335 3639 1368 3672 ε
1403 3620 1492 3688 Sp.
1706 3621 1736 3674 7
1787 3617 2019 3690 γενέσθαι
2054 3620 2278 3686 δυνατὸν,
2330 3620 2389 3674 τὸ
2432 3625 2473 3672 L
2688 3620 2722 3672 8
2757 3618 2815 3672 τὸ
2852 3634 2955 3672 om.
2992 3639 3025 3672 a
3060 3621 3149 3689 Sp.

569 3708 822 3779 γενέσθαι]
873 3728 928 3779 γε
965 3714 1021 3765 in
1063 3709 1139 3762 lit.
1178 3713 1227 3760 V
1443 3708 1474 3760 9
1523 3709 1581 3761 τὸ
1625 3708 1684 3762 τὸ
1733 3710 1869 3762 coni.
1908 3707 1997 3776 Sp.
2216 3707 2279 3760 10
2334 3705 2360 3758 ὁ
2406 3721 2535 3759 corr.
2574 3723 2639 3759 ex
2676 3705 2735 3758 οὺ
2772 3705 2845 3758 V²
3060 3709 3119 3760 11
3178 3711 3296 3762 ἑαυ-

569 3803 674 3849 τῶν
711 3815 744 3848 ε,
887 3796 949 3847 12
987 3793 1073 3848 ἐπ’
1115 3799 1280 3849 VRB:
1320 3791 1410 3848 ὑπ’
1452 3799 1683 3851 FSLGa:
1732 3796 1952 3849 fortasse
1990 3798 2100 3866 περὶ
2260 3795 2319 3847 13
2358 3795 2428 3864 μὴ
2467 3793 2571 3846 ἔστι
2610 3795 2753 3846 v131:
2794 3792 2866 3864 μὴ
2903 3793 3042 3849 ἔσται
3078 3799 3148 3849 R=
3188 3795 3297 3850 ἔστι

567 3885 810 3939 B²GFSa
833 3883 942 3952 Sp.:
981 3884 1200 3937 fortasse
1238 3883 1328 3951 μέν
1367 3883 1471 3937 ἐστι
1508 3884 1570 3936 cf.
1599 3885 1630 3936 l.
1660 3900 1702 3937 c.
1739 3901 1793 3952 p.
1820 3883 1921 3936 627
1943 3899 2018 3952 sq.
2198 3883 2258 3936 οὐ
2294 3901 2327 3935 a
2496 3883 2557 3936 15
2593 3881 2949 3950 (συμβήσεται)
2984 3881 3043 3934 τὸ
3080 3885 3294 3952 scripsi:

569 3973 628 4026 τὸ
665 3974 914 4026 v¹FSLa
939 3971 1051 4040 Sp.:
1089 3973 1166 4040 τῷ
1202 3969 1276 4021 V²
1313 3971 1448 4024 vict.
1485 3974 1582 4024 BR.
1747 3969 2208 4024 ἀδΰνατον-εἶναι
2245 3987 2343 4024 om.
2384 3974 2429 4024 G
2612 3970 2675 4024 16
2714 3968 2774 4020 ἂν
2810 3975 2917 4022 τῶν
2954 3972 3165 4039 scripsi:
3202 3970 3295 4023 αὖ·

570 4067 674 4114 τῶν
707 4060 828 4113 libri
1071 4057 1130 4109 17
1187 4056 1376 4128 ἀληθὲς
1412 4063 1503 4128 τῆς
1539 4059 1851 4128 ἀντιφάσεως
1886 4059 2247 4128 ἀφωρισμένως
2284 4055 2471 4126 ἀληθές
2506 4057 2611 4110 8²⁸
2654 4055 3043 4127 (τῆς-ἀληθες
3080 4060 3295 4125 punctis

567 4153 719 4201 notat
764 4148 897 4198 vict.
1143 4145 1219 4216 εἴη
1271 4145 1610 4219 ἐνδεχομένως
1659 4147 1873 4214 scripsi:
1928 4146 1971 4198 εἰ
2016 4145 2357 4217 ἐνδεχομένων
2406 4145 2501 4196 V¹:
2558 4143 2591 4214 ἢ
2638 4143 2965 4214 ἐνδεχόμενον
3003 4145 3157 4198 v²132
3212 4146 3293 4198 ἐν·

569 4236 842 4308 δεχόμενον
880 4236 925 4288 G
974 4233 1110 4285 Vict.
1149 4233 1262 4301 Sp.:
1317 4233 1388 4290 eie
1432 4233 1698 4305 δεχόμενον
1733 4237 1801 4286 F:
1858 4235 1926 4292 εἰς
1971 4233 2257 4302 δεχομένων
2302 4233 2431 4285 LS¹:
2486 4228 2521 4304 ᾗ
2569 4231 2855 4304 δεχομένων
2893 4231 3018 4286 8²2:
3081 4234 3291 4284 ἐστιν-

569 4321 755 4393 ἀληθές
792 4321 906 4390 (18)
944 4336 1042 4373 om.
1083 4323 1128 4374 R
1340 4320 1408 4373 20
1443 4319 1531 4373 οὖν
1567 4321 1760 4375 s²GLa
1791 4321 1908 4389 Sp.:
1944 4319 1973 4373 ὅ
1997 4321 2223 4374 VFBS¹z
2263 4335 2363 4371 om.
2392 4319 2437 4371 R
2649 4319 2717 4372 20
2755 4319 3293 4394 οὔτε-ἐνδεχόμενον

567 4411 676 4474 (21)
713 4425 812 4461 om.
845 4411 894 4462 R
1105 4407 1164 4459 τὸ
1202 4407 1338 4460 ἔσται
1375 4412 1494 4460 VB:
1533 4408 1592 4461 τὸ
1629 4408 1767 4460 ἔσται
1803 4407 1863 4460 τὸ
1900 4411 2015 4462 GF:
2061 4409 2198 4461 ἔσται
2232 4407 2292 4460 τὸ
2329 4411 2471 4462 LSat
2508 4406 2567 4460 τὸ
2606 4408 2745 4461 ἔσται
2781 4407 2917 4461 ἔσται
2951 4408 3042 4477 Sp.

569 4497 629 4549 21
672 4496 892 4550 fortasse
928 4499 1086 4547 ταῦτα
1300 4495 1367 4546 22
1407 4496 1500 4549 οὒκ
1541 4497 1707 4549 delevi
1922 4495 2057 4547 ἔσται
2094 4496 2257 4548 delevi
2298 4496 2361 4548 cf.
2398 4496 2432 4548 1.
2464 4510 2507 4547 c.
2548 4512 2597 4564 p.
2626 4495 2728 4548 628
2748 4512 2825 4564 sq.
3004 4495 3071 4548 23
3108 4495 3293 4566 ψεῦδος

569 4585 695 4638 13²6
731 4584 846 4652 Sp.:
883 4583 1098 4654 ψεύδους
1135 4584 1477 4636 VFSB¹RLa
1685 4583 1737 4635 ἓν
1777 4585 1987 4650 scripsi:
2029 4584 2120 4650 μὲν
2158 4584 2278 4636 libri
2504 4583 2537 4651 ἢ
2576 4583 2631 4636 τὸ
2668 4581 2896 4653 γενέσθαι
2932 4583 2965 4654 ἢ
3005 4584 3183 4636 addidi

569 4670 705 4740 λέγοι
747 4671 806 4724 τὸ
843 4675 982 4724 BFR
1018 4671 1136 4739 Sp.:
1189 4670 1382 4740 λέγοιτο
1422 4676 1549 4724 VLa
1761 4671 1826 4724 24
1864 4672 2063 4724 τούτων
2100 4672 2151 4723 ἐν
2192 4669 2203 4739 Ι
2243 4688 2349 4722 των
2385 4687 2418 4722 a
2631 4671 2697 4723 25
2735 4671 2902 4740 τούτῳ
2942 4671 3111 4724 B²GF
3152 4671 3293 4723 vict.

571 4759 684 4826 Sp.:
723 4763 874 4811 τοῦτο
911 4761 1199 4814 VRB'LSa
1410 4757 1733 4826 ἐνδεχόμενον
1772 4777 1804 4813 a
2017 4759 2081 4811 :27
2133 4775 2187 4830 γε
2222 4761 2297 4825 τῷ
2334 4761 2376 4808 L
2590 4757 2877 4834 ἐνδέχεσθαι
2916 4761 3004 4813 GF
3042 4758 3153 4828 Sp.:
3214 4757 3293 4809 ἐν·

574 4845 768 4918 δέχεται
809 4849 1072 4907 vlzsssha
