3684 5567
517 248 641 312 124
1062 245 1391 318 [ΑΠΟΡΙΩΝ
1432 246 1552 303 ΚΑΙ
1592 246 1856 303 ΑΥΣΕΩΝ
1897 245 2179 304 ΒΙΒΛΙΟΝ
2219 244 2589 304 ΤΕΤΑΡΤΟΝ
2631 249 2686 317 5]

626 576 698 639 V.
780 574 1077 663 Ἀπορία
1130 577 1236 641 ὅτι
1288 580 1327 661 ἡ
1375 580 1571 661 κοινὴ
1624 579 1845 661 ἡδονὴ
1900 580 1938 661 ἡ
1995 581 2087 647 ὥς
2137 576 2334 660 γένος
2387 576 2884 663 λαμβανομένη
2943 573 3081 639 οὔτ’
3139 580 3240 639 237

1083 681 1349 764 ἀγαθόν
1396 680 1579 744 ἐστιν
1627 678 1784 743 οὔτε
1828 680 2044 743 κακὸν
2090 677 2234 742 οὔτ’
2291 680 2688 764 ἀδιάφορον.

799 848 874 915 Εἰ
919 854 956 935 ἡ
1004 852 1167 935 κοινὴ
1212 852 1397 935 ἡδονὴ
1451 852 1490 934 ἡ
1538 854 1620 919 ὥς
1671 849 1836 933 γένος
1877 849 2289 936 λαμβανομένη
2345 848 2464 913 οὔτ’
2521 849 2744 932 ἀγαθόν
2797 850 2950 913 ἐστιν
3001 846 3135 913 οὔτε
3187 864 3218 907 ὅ

636 952 844 1021 κακόν.
901 953 1044 1017 διότι
1100 956 1140 1037 ἡ·
1188 955 1291 1038 μὲν
1344 954 1565 1037 ἀγαθόν
1612 954 1762 1017 ἐστιν
1816 952 2001 1035 αὐτῆς
2051 954 2090 1036 ἡ
2147 954 2212 1015 δὲ
2263 952 2441 1015 κακόν
2495 952 2590 1034 (τὸ
2633 953 2744 1035 γὰρ
2795 952 2984 1017 κοινὸν
3026 950 3134 1015 οὐκ

547 1072 577 1121 5
622 1050 775 1118 ἔστιν
822 1056 885 1119 ἕν
930 1081 984 1120 τι
1015 1062 1130 1119 τῶν
1177 1056 1289 1119 ὑπὸ
1336 1058 1401 1120 τὸ
1441 1056 1680 1138 κοινόν),
1724 1054 1850 1118 οὐδ’
1893 1056 2209 1139 ἀδιάφορος
2255 1052 2436 1131 ἔσται,
2481 1054 2542 1118 εἴ
2577 1055 2644 1137 γέ
2687 1056 2806 1118 εἰσί
2842 1077 2992 1123 τινες
3036 1055 3132 1117 καὶ

618 1158 822 1239 ἡδοναὶ
868 1159 1193 1243 ἀδιάφοροι,
1242 1160 1440 1238 ὥσπερ
1472 1160 1568 1221 καὶ
1613 1159 1672 1221 αἱ
1720 1159 1824 1241 μὲν
1872 1156 2106 1241 ἀγαθαί,
2152 1158 2309 1220 αἰδὲ
2343 1157 2662 1243 μοχθηραί.
2748 1162 2928 1220 ταῦτα
2968 1156 3020 1219 δ’
3063 1156 3130 1220 ἄν

621 1283 704 1328 τις
760 1262 1061 1344 ζητήσειεν
1116 1262 1211 1324 καὶ
1257 1260 1352 1323 ἐπὶ
1411 1263 1527 1323 τῶν
1582 1260 1912 1344 ἐνεργειῶν,
1968 1260 2050 1322 ὦν
2105 1259 2244 1342 τέλη
2298 1283 2422 1329 πως
2476 1260 2534 1323 αἱ
2591 1258 2824 1343 ἡδοναί,
2889 1260 2977 1323 διὸ
3031 1259 3126 1323 καὶ
3156 1272 3212 1314 10

626 1363 1079 1446 συνδιαιροῦνται
1126 1364 1345 1432 αὐταῖς.
1436 1363 1488 1425 εἰ
1533 1362 1639 1445 γὰρ
1686 1366 1801 1424 τῶν
1848 1362 2147 1445 ἐνεργειῶν
2204 1362 2262 1425 αἱ
2310 1362 2414 1445 μέν
2475 1363 2615 1425 εἰσιν
2663 1362 2905 1444 ἀγαθαί,
2961 1362 3020 1424 αἱ
3067 1361 3134 1423 δὲ

628 1466 955 1550 μοχθηραί,
1012 1468 1070 1527 αἱ
1118 1466 1183 1528 δὲ
1227 1465 1561 1550 ἀδιάφοροι,
1620 1465 1657 1546 ἢ
1706 1464 1868 1547 κοινὴ
1924 1465 2019 1527 καὶ
2073 1467 2156 1533 ὡς
2195 1464 2358 1547 γένος
2414 1464 2674 1548 ἐνέργεια
2717 1463 3130 1549 λαμβανομένη

521 1584 587 1631 10
626 1564 751 1628 οὔτ’
816 1568 1039 1650 ἀγαθὸν
1100 1566 1236 1630 οὔτε
1294 1568 1472 1631 κακὸν
1532 1565 1653 1629 οὔτ’
1719 1566 2034 1650 ἀδιάφορον
2099 1564 2282 1630 ἔσται.
2379 1566 2530 1629 ἀλλὰ
2589 1567 2702 1649 μὴν
2767 1570 2880 1629 πᾶν
2941 1567 3007 1628 τὸ
3068 1564 3131 1628 ὂν
3159 1580 3214 1622 15

624 1668 934 1752 ἀναγκαῖον
981 1671 1019 1752 ἢ
1053 1670 1273 1751 ἀγαθὸν
1320 1670 1357 1752 ἢ
1393 1670 1571 1732 κακὸν
1616 1668 1656 1752 ἢ
1690 1668 2003 1752 ἀδιάφορον
2051 1668 2213 1733 εἶναι.
2289 1670 2472 1753 ἢπᾶν
2518 1669 2584 1732 τὸ
2631 1668 2694 1732 ὂν
2726 1670 2787 1732 ἐν
2819 1668 3132 1731 ὑποστάσει

622 1773 718 1834 καὶ
763 1773 829 1835 τὸ
871 1770 1015 1835 εἶναι
1058 1769 1194 1835 καθ’
1238 1772 1378 1834 αὑτὸ
1426 1773 1769 1852 δυνάμενον·
1818 1772 1872 1834 εἰ
1917 1770 1981 1834 δέ
2025 1794 2078 1833 τι
2108 1772 2296 1834 κοινὸν
2341 1769 2454 1854 εἴη,
2503 1771 2599 1856 ὑφ’
2643 1770 2674 1833 ὃ
2719 1776 2900 1835 ταῦτα
2945 1772 3131 1833 πάντα

622 1873 807 1951 ἐστίν,
862 1876 1048 1937 ἐκεῖνο
1102 1874 1295 1938 οὐκέτι
1354 1874 1477 1937 οἷόν
1536 1896 1599 1937 τε
1653 1873 1872 1936 τούτων
1927 1896 1978 1935 τι
2024 1872 2170 1936 εἶναι
2213 1876 2304 1958 τῷ
2358 1874 2544 1936 πάντα
2594 1871 2753 1957 ἔχειν
2809 1870 2908 1957 ὑφ’
2963 1871 3126 1935 αὑτό.
3155 1888 3212 1930 2⁰

614 1974 750 2039 οὐδὲ
810 1977 919 2061 γὰρ
964 1978 1091 2041 ἐπεὶ
1148 1982 1262 2040 πᾶν
1310 1980 1465 2061 ζῷον
1523 1974 1703 2053 τὸέν
1759 1976 2076 2039 ὑποστάσει
2131 1974 2194 2039 ὃν
2238 1976 2277 2058 ἢ
2325 1977 2552 2058 λογικόν
2607 1976 2760 2039 ἐστιν
2815 1976 2854 2059 ἢ
2899 1974 3129 2058 ἄλογον,

515 2096 577 2145 15
620 2078 715 2142 διὰ
761 2084 931 2142 τοῦτο
976 2080 1074 2143 καὶ
1118 2080 1184 2142 τὸ
1231 2080 1420 2141 κοινὸν
1476 2079 1541 2142 τὸ
1599 2082 1680 2147 ὥς
1721 2078 1888 2160 γένος
1937 2078 2084 2142 κατὰ
2137 2082 2252 2141 τῶν
2307 2078 2367 2141 ἐν
2421 2079 2736 2142 ὑποστάσει
2779 2077 3124 2163 κατηγορού·

614 2203 783 2263 μενον
830 2182 888 2245 ἐν
922 2180 1154 2265 θατέρῳ
1202 2182 1423 2244 τούτων
1456 2182 1595 2245 ἐστί.
1667 2180 1801 2243 οὔτε
1849 2178 1947 2243 οὖν
1994 2180 2228 2264 ἡκοινὴ
2273 2182 2456 2264 ἡδονὴ
2507 2178 2640 2243 οὔτε
2683 2182 2723 2264 ἡ
2757 2183 2920 2265 κοινὴ
2966 2180 3119 2264 ἐνέρ·

610 2304 736 2363 γεια
793 2281 1021 2347 ἔσονται
1078 2285 1117 2367 ἢ
1174 2283 1369 2366 ἀγαθὰ
1425 2284 1463 2367 ἢ
1518 2284 1671 2347 κακὰ
1726 2284 1763 2365 ἢ
1822 2284 2145 2367 ἀδιάφορα,
2203 2284 2396 2367 πάσης
2453 2282 2460 2365 Ι
2515 2285 2733 2367 ἡδονῆς
2785 2286 2880 2347 καὶ
2935 2286 3206 2367 udone-2⁵

609 2382 897 2467 ἐνεργείας
942 2391 1047 2469 τῆς
1100 2386 1160 2448 ἐν
1208 2386 1524 2450 ὑποστάσει
1578 2386 1795 2450 τούτων
1841 2410 1896 2449 τι
1939 2386 2214 2471 ἐχούσης.
2303 2386 2430 2449 ἐπεὶ
2475 2386 2542 2447 δὲ
2595 2387 2655 2448 αἱ
2707 2387 2910 2468 ἡδοναὶ
2953 2388 3080 2454 ταῖς
3123 2392 3228 2449 238

608 2485 935 2569 ἐνεργείαις,
982 2488 1078 2572 ἐφ’
1122 2489 1213 2559 αἶς
1258 2490 1525 2573 γίνονται,
1574 2492 2045 2573 συνδιαιροῢνται,
2093 2490 2188 2551 καὶ
2235 2490 2295 2551 αἱ
2343 2488 2446 2571 μὲν
2491 2488 2885 2570 ἐπιγινόμεναί
2923 2512 2986 2551 τε
3029 2489 3125 2552 καὶ

503 2607 570 2654 20
608 2588 889 2671 ἑπόμεναι
935 2596 1059 2659 ταῖς
1106 2592 1352 2672 ἀγαθαῖς
1398 2592 1709 2674 ἐνεργείαις
1755 2592 1991 2673 ἀγαθαί,
2039 2594 2098 2654 αἱ
2145 2592 2209 2654 δὲ
2253 2596 2378 2660 ταῖς
2421 2590 2757 2675 μοχθηραῖς
2802 2592 3122 2676 μοχθηραί,
3180 2609 3208 2650 ὅ

610 2692 916 2775 ἀδιάφοροι
960 2693 1026 2755 δὲ
1070 2694 1129 2756 αἱ
1176 2698 1303 2763 ταῖς
1346 2694 1711 2779 ἀδιαφόροις,
1766 2694 2113 2776 ἐπιζητῆσαι
2156 2717 2238 2763 τις
2287 2693 2374 2769 ἂν,
2421 2699 2548 2762 πῶς
2592 2694 2712 2777 χρὴ
2759 2695 2891 2775 περὶ
2936 2692 3123 2779 λύπης

608 2791 825 2873 λέγειν,
880 2794 1081 2878 ἐπειδὴ
1130 2795 1277 2879 αὕτη
1324 2798 1551 2860 ἐναντία
1596 2800 1673 2880 τῇ
1720 2798 1929 2879 ἡδονῇ.
2021 2798 2073 2859 εἰ
2116 2796 2226 2880 γὰρ
2272 2798 2367 2860 καὶ
2412 2796 2624 2879 ταύτην
2671 2796 2828 2878 λέγοι
2869 2819 2953 2865 τις
2999 2815 3122 2858 συν-

609 2895 956 2979 διαιρεῖσθαι
1000 2902 1125 2967 ταῖς
1170 2897 1498 2982 ἐνεργείαις,
1545 2898 1641 2983 ἐφ’
1684 2900 1777 2968 αἷς
1820 2898 2056 2981 γίνεται,
2105 2904 2332 2984 πρῶτον
2381 2900 2484 2981 μὲν
2527 2898 2654 2961 τίνα
2701 2898 2912 2983 τρόπον
2959 2896 3002 2981 ἣ
3045 2900 3123 2961 δι·
3151 2913 3206 2955 1⁰

607 2996 825 3081 αίρεσις
864 2994 1054 3080 ἔσται;
1102 3000 1342 3083 πότερον
1387 3002 1489 3070 τὰς
1536 3002 1640 3085 μὲν
1688 3001 1782 3063 ἐπὶ
1831 3006 1956 3069 ταῖς
1987 3002 2235 3082 ἀγαθαῖς
2281 3002 2589 3085 ἐνεργείαις
2633 3000 2934 3084 γινομένας
2963 3000 3124 3085 ἐροῦ·

504 3116 570 3165 25
612 3121 713 3183 μεν
760 3101 962 3177 κακάς,
1008 3100 1111 3171 τὰς
1156 3104 1219 3165 δὲ
1270 3103 1363 3165 ἐπὶ
1396 3108 1519 3172 ταῖς
1566 3104 1903 3188 μοχθηραῖς
1934 3104 2179 3185 ἀγαθάς,
2224 3104 2328 3172 τὰς
2373 3104 2437 3166 δὲ
2482 3104 2576 3167 ἐπὶ
2623 3108 2746 3172 ταῖς
2785 3103 3122 3186 ἀδιαφόροις

603 3202 988 3287 ἀδιαφόρους;
1062 3204 1101 3286 ἢ
1162 3202 1377 3268 ἄτοπον
1444 3207 1508 3268 τὸ
1573 3206 1755 3286 λέγειν
1820 3204 1936 3289 <ἐν>
1997 3208 2206 3290 ἀγαθῷ
2262 3204 2406 3268 εἶναι
2465 3206 2532 3267 τὸ
2599 3205 2956 3288 λυπούμενον
3025 3204 3122 3267 ἐπὶ

606 3308 729 3373 ταῖς
776 3306 1114 3391 μοχθηραῖς
1158 3307 1487 3392 ἐνεργείαις,
1535 3308 1601 3378 ἃς
1646 3306 1895 3391 ἐνεργεῐ;
1944 3308 2003 3369 ἐν
2050 3312 2215 3392 κακῷ
2261 3308 2370 3392 γὰρ
2415 3309 2448 3370 ὁ
2495 3313 2770 3376 τοιοῦτος.
2841 3314 2968 3377 πῶς
3011 3306 3118 3391 γὰρ
3149 3320 3202 3363 1⁵

605 3404 711 3469 οὐκ
756 3408 816 3471 ἐν
862 3412 1031 3492 κακῷ
1077 3409 1110 3471 ὁ
1157 3409 1216 3471 ἐν
1262 3410 1547 3479 τοιαύταις
1602 3410 1912 3494 ἐνεργείαις
1957 3411 2065 3490 ὤν;
2131 3408 2331 3473 ἔπειτα
2387 3413 2424 3493 ἡ
2474 3412 2578 3494 μὲν
2623 3412 2804 3493 ἡδονὴ
2861 3408 3118 3492 εὐλόγως

603 3505 792 3571 ἐδόκει
839 3510 1299 3595 συνδιαιρεῖσθαι
1354 3516 1477 3580 ταῖς
1522 3513 1632 3597 πρὸ
1680 3512 1862 3596 αὐτῆς
1906 3512 2216 3595 ἐνεργείαις
2269 3509 2426 3595 (κατ’
2485 3512 2811 3595 οἰκειότητα
2859 3512 2971 3597 γὰρ
3016 3513 3120 3594 τὴν

498 3626 566 3675 30
604 3612 749 3693 πρὸς
793 3611 973 3681 αὐτὰς
1019 3613 1235 3695 ἐγίνετο
1280 3616 1378 3677 καὶ
1426 3618 1506 3682 ὡς
1551 3612 1715 3682 τέλος
1759 3637 1811 3676 τι
1857 3612 1930 3697 ἦν
1976 3614 2229 3699 αὐτῶν),
2276 3617 2314 3698 ἡ
2362 3616 2427 3678 δὲ
2471 3614 2626 3698 λύπη
2673 3612 3117 3699 ἀλλοτριότητός
3143 3629 3202 3671 8⁰

601 3712 723 3775 ἐστι
770 3720 1013 3798 σημεῖον
1059 3722 1181 3785 τοῖς
1225 3700 1463 3801 ἐφ”οἷς
1506 3718 1741 3798 γίνεται.
1832 3718 1872 3800 ἢ
1920 3714 2158 3799 εὔλογον
2204 3714 2277 3779 δι’
2333 3716 2477 3779 αὐτὸ
2521 3719 2626 3801 τὴν
2673 3716 2769 3779 ἐπὶ
2815 3722 2940 3787 ταῖς
2984 3718 3118 3799 ἀγα-

602 3814 737 3883 θαῖς
781 3816 1093 3901 ἐνεργείαις
1143 3818 1447 3903 γινομένην
1502 3818 1652 3882 εἶναι
1706 3821 1922 3903 κακήν,
1980 3818 2126 3881 διότι
2179 3819 2456 3903 ἀλλοτρία
2507 3819 2630 3881 ἐστὶ
2682 3825 2798 3882 τῶν
2855 3820 3117 3902 ἀγαθῶν,

603 3917 698 3979 καὶ
744 3918 839 3981 διὰ
884 3924 1063 3983 ταῦτα
1108 3921 1213 4003 τὴν
1260 3922 1357 3985 ἐπὶ
1403 3926 1524 3990 ταῖς
1569 3926 1772 3990 κακαῖς
1810 3922 2065 4006 ἀγαθήν,
2112 3920 2200 3984 ὅτι
2243 3922 2370 3985 ἐστί
2408 3944 2491 3991 τις
2535 3922 2808 4007 ἀλλοτρία
2853 3927 2970 3985 τῶν
3015 3947 3114 3986 κα·
3140 3938 3195 3981 25

604 4024 745 4096 κῶν,
794 4020 883 4084 ὅτι
926 4044 990 4084 τε
1034 4023 1066 4084 ὁ
1099 4023 1283 4105 λέγων
1329 4025 1435 4107 τὴν
1480 4024 1749 4108 τοιαύτην
1796 4025 1984 4107 λύπην
2029 4024 2251 4105 ἀγαθὸν
2297 4024 2364 4085 οὐ
2413 4022 2513 4093 τὰς
2559 4025 2847 4108 ἐνεργείας
2888 4023 2986 4111 ἐφ’
3027 4026 3118 4095 αἷς

495 4140 561 4189 35
600 4123 843 4204 γίνεται,
900 4124 1127 4208 τίθησιν
1174 4126 1401 4208 ἀγαθὰς
1452 4126 1628 4203 εἶναι,
1685 4126 1833 4189 ἀλλὰ
1876 4128 1981 4209 τὴν
2038 4125 2452 4210 ἀλλοτριότητα
2507 4129 2650 4210 πρὸς
2707 4126 2806 4197 τὰς
2851 4128 3122 4197 τοιαύτας

599 4224 887 4308 ἐνεργείας
931 4224 970 4308 ἢ
1022 4223 1029 4311 Ι
1079 4230 1445 4311 περιστάσεις
1498 4251 1559 4291 τε
1605 4229 1703 4291 καὶ
1748 4228 1946 4312 τύχας.
2037 4228 2076 4311 ἢ
2124 4226 2278 4297 ὅλως
2331 4228 2546 4292 ἄτοπον
2602 4231 2666 4293 τὸ
2723 4230 2827 4313 τὴν
2886 4231 3074 4314 λύπην
3119 4237 3224 4295 239

491 4490 524 4543 5
562 4487 663 4543 οὐδ’
693 4492 905 4558 scripsi:
942 4486 1054 4542 οὔτ’
1084 4490 1203 4544 libri
1345 4490 1615 4562 ἀδιάφορόν
1643 4492 1772 4545 ἐστιν
1800 4496 1937 4546 coni.
1965 4496 2054 4561 Sp.
2200 4495 2230 4547 6
2270 4494 2531 4565 ἀδιάφοροι
2555 4497 2742 4563 scripsi
2771 4495 3222 4563 („indifl'orentes“

490 4578 825 4646 Bagolinus):
855 4577 1083 4650 διάφοροι
1110 4580 1229 4632 libri
1372 4584 1531 4631 ταῦτα
1556 4577 1624 4645 δ’]
1651 4582 1831 4633 ταύτόν
1857 4584 1993 4634 coni.
2015 4586 2105 4649 Sp.
2253 4584 2318 4635 10
2342 4582 2603 4653 ἀδιάφοροι
2623 4588 2672 4635 V
2815 4584 2873 4635 11
2901 4578 2936 4657 ᾖ
2963 4588 3062 4635 πᾶν
3090 4584 3224 4635 coni.

490 4666 579 4730 Sp.
728 4668 789 4717 14
818 4682 893 4733 pr.
920 4664 977 4735 ἢ]
1002 4666 1035 4735 ἠ
1062 4670 1106 4717 V
1258 4666 1333 4718 15.
1368 4668 1427 4719 16
1454 4668 1920 4739 κατηγορούμενον]
1951 4670 2088 4721 inter
2111 4688 2140 4721 ο
2169 4674 2220 4722 et
2245 4689 2270 4719 ν
2295 4686 2403 4723 una
2431 4671 2602 4723 littera
2628 4688 2774 4723 erasa
2793 4675 2841 4723 V
2992 4670 3054 4723 16
3080 4668 3225 4723 θατέ-

490 4766 564 4820 ρω
588 4755 632 4802 V
758 4752 819 4802 21
851 4751 1159 4821 ἀδιαφόροις]
1188 4770 1223 4820 φ
1249 4754 1304 4805 in
1333 4752 1413 4805 lit.
1438 4758 1481 4806 V
1612 4754 1677 4805 26
1704 4754 1755 4805 ἐν
1780 4756 1900 4807 add.
1923 4754 2023 4807 B²a
2043 4758 2130 4822 Sp.
2257 4758 2346 4809 alt.
2367 4756 2452 4825 τὸ]
2479 4756 2566 4809 τὸν
2588 4758 2688 4810 13²2
2713 4760 2802 4825 Sp.
2931 4757 3098 4811 2128
3117 4764 3224 4815 πῶς

490 4836 583 4905 γὰρ
608 4836 726 4904 οὐκ]
756 4856 829 4897 ως
859 4840 951 4907 γὰρ
978 4838 1072 4890 οὐκ
1104 4839 1161 4891 in
1191 4839 1268 4891 lit.
1294 4842 1339 4891 V
1484 4842 1546 4894 31
1588 4849 1693 4900 τοῖς
1724 4843 1886 4895 Vict.:
1929 4847 2022 4912 τῆς
2057 4844 2180 4897 libri
2322 4841 2384 4897 δι’
2418 4843 2566 4914 αὐτὸ]
2597 4844 2813 4899 fortasse
2852 4845 2948 4899 διὰ
2983 4844 3049 4898 τὸ
