3684 5567
1330 226 1586 283 ΗΘΙΚΩΝ
1631 226 2161 285 ΠΡΟΒΛΗΜΑἸῺΝ
2199 230 2404 283 25-26
3099 232 3208 294 151

620 402 743 466 θῶν
789 402 1017 487 εὑρέσει
1060 426 1123 466 τε
1166 403 1261 466 καὶ
1292 407 1501 485 γνώσει
1544 401 1691 466 οῦσα
1738 403 2095 487 θεωρητική,
2141 400 2263 465 ἀλλ’
2304 401 2371 464 οὐ
2418 403 2722 487 πρακτική.
2793 400 2956 464 οὐδὲν
3001 400 3110 484 γὰρ

620 511 735 569 τῶν
780 506 841 568 ἐν
886 506 1107 575 τούτοις
1152 506 1393 589 ἀληθῶν
1436 507 1519 575 εἰς
1564 506 1763 591 πρᾶξίν
1812 528 1935 568 τινα
1977 506 2080 589 τὴν
2128 504 2419 589 ἀναφορὰν
2465 502 2628 590 ἔχει,
2683 504 2770 566 διό
2815 504 2966 566 ἐστιν
3013 502 3108 565 αύ-

619 614 737 677 τοῖς
782 608 947 677 τέλος
992 610 1029 692 ἡ
1076 613 1283 689 γνῶσις
1328 612 1443 669 τῶν
1498 608 1558 670 ἐν
1603 613 1723 678 τοῖς
1768 608 1970 677 ἀιδίοις
2015 608 2285 691 ἀληθῶν,
2341 608 2433 669 καὶ
2479 605 2629 670 ἔστιν
2675 606 2736 669 ἐν
2781 606 3000 674 τούτοις
3044 606 3106 667 τὸ
3136 624 3190 665 ιο

564 742 569 747 ·
621 711 723 793 μὲν
769 708 835 775 εὖ
880 734 941 774 τε
984 711 1079 774 καὶ
1124 710 1345 790 ἀγαθὸν
1390 711 1486 773 καὶ
1516 709 1758 795 ἀληθές,
1804 712 2014 795 ψεῦδος
2060 710 2123 773 δὲ
2169 708 2232 771 τὸ
2278 709 2338 771 ἐν
2383 709 2579 779 αὐτοῖς
2624 708 2821 785 κακόν,
2866 710 2937 793 ἡν
2982 710 3108 794 ἀρε·

550 834 579 883 5
618 814 723 897 τὴν
778 814 1099 897 ἐπιστήμην
1154 815 1441 895 καλοῦμεν
1496 810 1671 877 οὖσαν
1736 812 1850 881 ἕξιν
1909 813 2330 895 ἀποδεικτικήν.
2421 814 2516 876 καὶ
2567 812 2693 875 ἐπεὶ
2737 814 2776 895 ἡ
2823 812 3108 881 ἀπόδειξις

617 918 715 980 διά
756 939 923 979 τινων
968 918 1217 999 πρώτων
1270 919 1371 977 τοῦ
1418 915 1785 999 δεικνυμένου
1840 917 1936 978 καὶ
1996 916 2222 978 οἰκείων
2279 916 2375 978 καὶ
2420 916 2660 999 ἀληθῶν
2719 915 2813 977 καὶ
2857 915 2962 979 οὐκ
3005 912 3098 975 ἐπ’
3139 931 3190 972 15

612 1018 847 1104 ἄπειρον
892 1018 951 1082 ἐν
998 1019 1196 1087 αὐτοῖς
1238 1020 1303 1081 τὸ
1348 1022 1606 1103 πρῶτον,
1652 1016 1772 1081 ἀλλ’
1828 1016 1980 1081 ἔστιν
2025 1042 2075 1081 τι
2120 1019 2217 1081 καὶ
2262 1017 2471 1102 κυρίως
2515 1019 2575 1081 ἐν
2619 1018 2815 1086 αὐτοῖς
2859 1022 3106 1101 πρῶτον,

615 1124 653 1204 ἡ
708 1126 811 1184 τοῦ
866 1122 1049 1190 οὕτως
1102 1124 1334 1205 πρώτου
1388 1122 1597 1203 γνῶσίς
1649 1144 1709 1183 τε
1775 1122 1871 1183 καὶ
1926 1122 2148 1204 εὕρεσις
2199 1126 2330 1188 νοῦς
2384 1123 2672 1195 καλεῖται,
2727 1121 2899 1205 σοφία
2951 1120 3016 1183 δὲ
3067 1122 3105 1202 ἡ

612 1222 793 1307 ἄμφω
847 1220 1074 1309 ἔχουσα
1118 1225 1222 1307 τήν
1274 1246 1336 1285 τε
1394 1228 1509 1285 τῶν
1568 1224 1769 1309 ἀρχῶν
1826 1223 2048 1305 εὕρεσιν
2103 1226 2196 1287 καὶ
2249 1224 2353 1307 τὴν
2416 1224 2510 1287 διὰ
2561 1227 2677 1285 τῶν
2732 1224 2935 1308 ἀρχῶν
2990 1228 3106 1285 τῶν

514 1346 577 1392 10
618 1324 743 1408 μετ’
796 1326 974 1395 αὐτὰς
1018 1326 1239 1411 εῦρεσίν
1285 1349 1347 1388 τε
1392 1328 1487 1389 καὶ
1532 1326 1699 1395 δεῖξιν
1753 1324 1924 1409 (ὥστ’
1979 1326 2094 1389 εἷεν
2140 1326 2210 1389 ἂν
2262 1326 2432 1389 πάλιν
2477 1328 2537 1389 αἱ
2583 1328 2937 1409 διανοητικαὶ
2981 1326 3104 1409 ἀρε·
3132 1342 3188 1383 2⁰

607 1430 726 1503 ταί,
782 1426 948 1493 οὖσαι
993 1432 1096 1491 τοῦ
1148 1426 1215 1491 οῦ
1269 1432 1370 1491 τοῦ
1424 1428 1484 1490 ἐν
1530 1432 1654 1497 ταῖς
1704 1428 2147 1513 προειρημέναις
2201 1428 2507 1512 ἐνεργείαις
2559 1428 2850 1512 εύρετικαί
2903 1451 2965 1491 τε
3008 1430 3104 1491 καὶ

610 1532 937 1617 ζητητικαί,
992 1532 1056 1595 τὸ
1102 1533 1457 1615 κυριώτατον
1504 1536 1607 1615 τῆς
1658 1532 1743 1601 εἰς
1786 1532 2151 1615 εὐδαιμονίαν
2197 1531 2524 1600 συντελείας
2569 1528 2811 1617 ἔχουσαι
2855 1536 2940 1615 τῷ
2989 1536 3102 1593 τῶν

607 1636 975 1719 κυριωτάτων
1022 1636 1321 1717 δυνάμεων
1374 1640 1479 1719 τῆς
1531 1638 1765 1719 λογικῆς
1810 1641 2008 1721 ψυχῆς
2059 1635 2161 1704 τὰς
2205 1635 2488 1719 ἐνεργείας
2549 1636 2615 1697 τὸ
2670 1633 2735 1699 εὖ
2780 1636 2938 1721 παρὰ
2983 1634 3103 1698 τού·
3131 1652 3186 1694 2⁵

605 1762 718 1801 των
774 1738 982 1823 ἔχειν),
1044 1738 1149 1821 τὴν
1206 1738 1308 1820 μὲν
1362 1739 1552 1823 ἀρχὴν
1609 1740 1984 1822 λαμβάνουσα
2039 1739 2153 1802 ἀπὸ
2207 1743 2311 1821 τῆς
2365 1738 2447 1807 εἰς
2496 1738 2860 1822 εὐδαιμονίαν
2916 1760 3102 1803 συντε·

505 1862 565 1909 15
602 1842 778 1915 λείας,
823 1842 888 1903 τὸ
934 1842 999 1903 δὲ
1044 1839 1191 1903 εἶναι
1235 1838 1457 1925 ἔχουσα
1502 1842 1562 1905 ἐν
1609 1846 1732 1911 ταῖς
1777 1840 1913 1905 καθ’
1961 1842 2252 1927 ἐκαΙτέραν
2300 1843 2530 1925 λογικὴν
2579 1842 2814 1924 δύναμιν
2861 1848 3057 1927 ψυχῆς
3100 1850 3206 1907 290

604 1944 929 2029 ἐνεργείαις,
976 1948 1077 2006 τοῦ
1124 1940 1189 2007 εῦ
1232 1948 1333 2007 τοῦ
1380 1944 1441 2007 ἐν
1486 1945 1718 2014 ταύταις
1762 1944 1910 2009 οὖσα
1953 1946 2218 2030 εὑρετική
2265 1968 2329 2007 τε
2375 1946 2469 2008 καὶ
2516 1946 2909 2030 ἀποδεικτική.

600 2208 827 2275 XXVI.
889 2177 1029 2275 Ὅτι
1074 2210 1151 2275 οὐ
1196 2212 1269 2274 τὸ
1311 2196 1521 2276 καλὸν
1566 2216 1687 2296 τῆς
1718 2214 1978 2296 ἡδονῆς
2022 2214 2231 2297 χάριν
2277 2210 2583 2296 αἱρετόν,
2629 2212 2766 2275 ἀλλ’
2809 2215 3099 2298 ἡὴδονὴ
3153 2228 3182 2271 5

1650 2318 1771 2377 τοῦ
1815 2318 2058 2378 καλοῦ.

769 2483 946 2570 <Ὅτι>
977 2486 1045 2550 οὐ
1077 2487 1142 2549 τὸ
1187 2487 1362 2549 καλὸν
1406 2491 1510 2570 τῆς
1553 2487 1766 2570 ἡδονῆς
1809 2488 1981 2572 χάριν
2027 2485 2273 2571 αἱρετόν,
2325 2485 2445 2549 ἀλλ’
2499 2486 2590 2573 <ἡ>
2633 2490 2814 2572 ἡδονὴ
2859 2494 2960 2553 τοῦ
3007 2513 3101 2552 κα-

498 2609 566 2657 20
602 2594 729 2666 λοῦ,
775 2592 949 2674 δῆλον
996 2590 1063 2653 ἐκ
1107 2594 1238 2665 τοῦ,
1284 2590 1337 2653 εἰ
1380 2588 1451 2673 ῆν
1498 2595 1601 2673 τῆς
1644 2591 1861 2672 ἡδονῆς
1905 2592 2074 2675 χάριν
2121 2592 2347 2673 αἱρετὸν
2391 2592 2458 2653 τὸ
2503 2590 2700 2668 καλόν,
2747 2597 2826 2661 ὡς
2871 2593 3098 2677 ἐκείνης

599 2695 702 2777 μὲν
748 2692 925 2779 οὔσης
971 2693 1168 2761 τέλους
1213 2716 1278 2756 τε
1323 2696 1417 2756 καὶ
1472 2692 1545 2755 δι’
1601 2694 1780 2777 αὑτὴν
1833 2694 2097 2777 αἱρετοῦ,
2153 2696 2234 2762 ὡς
2278 2698 2576 2778 ποιητικοῦ
2623 2696 2686 2758 δὲ
2733 2700 2836 2778 τῆς
2880 2697 3094 2781 ἡδονῆς
3119 2712 3175 2754 ιο

596 2802 697 2859 τοῦ
744 2800 925 2861 καλοῦ
968 2796 1033 2859 τὸ
1080 2795 1307 2880 αἱρετὸν
1354 2794 1618 2879 ἔχοντος,
1674 2796 1890 2878 ὁμοίως
1934 2800 2022 2881 τῷ
2066 2798 2228 2881 καλῷ
2286 2797 2350 2858 τὸ
2395 2797 2640 2882 αἰσχρὸν
2685 2800 2911 2882 αἱρετὸν
2955 2800 3094 2882 γίνε-

596 2900 753 2975 σθαι,
800 2900 926 2962 ἐπεὶ
971 2900 1067 2963 καὶ
1112 2903 1279 2963 τοῦτο
1324 2900 1619 2982 ποιητικὸν
1664 2900 1896 2982 ἡδονῆς.
1966 2900 2053 2967 οἷς
2095 2900 2202 2984 γὰρ
2248 2901 2313 2963 τὸ
2357 2900 2582 2981 αἱρετὸν
2629 2903 2710 2970 ὥς
2756 2907 3089 2985 ποιητικοῖς,

593 3004 813 3072 τούτοις
874 3004 937 3067 τὸ
997 3005 1293 3086 γινόμενον
1352 3002 1448 3067 ὑπ’
1504 3004 1695 3067 αὐτῶν
1760 3008 1867 3086 τῆς
1917 3003 2198 3087 αἱρέσεως
2255 3003 2480 3088 μέτρον.
2579 3006 2617 3087 ἢ
2679 3005 2790 3090 γὰρ
2849 3006 2916 3069 οὐ
2969 3008 3088 3091 χρὴ

489 3126 553 3175 25
592 3106 774 3187 λέγειν
820 3107 1082 3189 γίνεσθαί
1120 3129 1277 3175 τινας
1332 3108 1427 3171 καὶ
1483 3105 1575 3169 ἐπ’
1631 3106 1903 3191 αἰσχραῖς
1956 3106 2222 3191 πράξεσιν
2285 3108 2524 3189 ἡδονάς,
2581 3107 2699 3171 ἀλλ’
2755 3109 2848 3171 ἐπὶ
2893 3110 3094 3193 μόναις
3120 3127 3172 3169 15

591 3214 716 3278 ταῖς
759 3212 980 3285 καλαῖς,
1026 3210 1064 3293 ἢ
1112 3209 1163 3272 εἰ
1211 3213 1294 3297 μὴ
1338 3214 1507 3273 τοῦτο
1552 3210 1791 3291 ἀληθές,
1848 3210 2075 3293 αἱρετὸν
2121 3207 2282 3272 ἔσται
2329 3212 2426 3273 καὶ
2470 3211 2535 3274 τὸ
2581 3212 2827 3296 αἰσχρὸν
2873 3212 3088 3295 ὁμοίως

594 3317 679 3398 τῷ
728 3315 912 3397 καλῷ,
957 3312 1007 3375 εἰ
1053 3314 1091 3395 ἡ
1139 3312 1407 3396 γινομένη
1456 3311 1556 3376 ὑπ’
1611 3312 1801 3374 αὐτῶν
1848 3313 2028 3395 ἡδονὴ
2075 3318 2178 3395 τῆς
2223 3312 2503 3397 αἱρέσεως
2547 3313 2738 3377 αὐτῶν
2784 3316 2952 3378 αἰτία.
3039 3318 3091 3379 εἰ

592 3418 656 3480 δὲ
698 3420 868 3478 τοῦτο
914 3414 1147 3487 ἄτοπον,
1201 3416 1507 3499 προξενοῦν
1554 3418 1693 3498 ἡμῖν
1739 3420 1929 3478 πᾶσαν
1976 3414 2176 3499 πρᾶξιν
2221 3415 2466 3499 αἰσχρὰν
2513 3418 2595 3484 ὡς
2639 3415 2806 3479 οὐδὲν
2853 3416 3087 3483 ἔλαττον
3116 3436 3172 3477 ευ

591 3523 697 3602 τῆς
740 3522 923 3603 καλῆς
967 3520 1193 3603 αἱρετὸν
1249 3520 1287 3602 ἢ
1334 3522 1427 3583 καὶ
1475 3523 1721 3603 μᾶλλον,
1775 3520 1827 3582 εἰ
1885 3522 2102 3603 μᾶλλον
2149 3518 2294 3602 αῦτη
2350 3520 2447 3582 καὶ
2503 3520 2725 3583 πλείοσι
2769 3543 3088 3606 παρασκευ-

486 3641 553 3689 30
589 3623 715 3694 άζει
758 3622 859 3691 τὰς
903 3624 1144 3706 ἡδονάς,
1200 3620 1327 3686 οὐδ’
1383 3622 1453 3686 ἂν
1497 3624 1563 3687 τὸ
1608 3625 1783 3686 καλὸν
1838 3621 1932 3707 εἴη
1980 3621 2074 3685 διὰ
2119 3623 2221 3704 τὴν
2279 3623 2491 3708 ἡδονὴν
2547 3624 2772 3705 αἱρετὸν
2819 3628 2898 3694 ὡς
2944 3625 3087 3689 ἐκεί-

589 3749 691 3809 νης
732 3724 1047 3807 ποιητικόν.
1137 3725 1189 3788 εἰ
1236 3726 1300 3787 δὲ
1342 3726 1433 3787 δεῖ
1483 3726 1587 3807 μὲν
1640 3725 1784 3789 εἶναι
1838 3726 1877 3809 ἢ
1932 3724 2026 3787 διὰ
2073 3723 2080 3801 Ι
2129 3726 2234 3808 τὴν
2289 3726 2502 3809 ἡδονὴν
2556 3728 2622 3789 τὸ
2676 3728 2850 3790 καλὸν
2906 3730 3054 3813 αἱρε·
3099 3738 3192 3795 291

588 3830 684 3891 τὸν
740 3828 779 3911 ἢ
832 3828 929 3890 διὰ
978 3828 1045 3891 τὸ
1106 3830 1280 3891 καλὸν
1336 3830 1439 3911 τὴν
1493 3829 1737 3913 ἡδονήν,
1794 3830 1874 3912 μὴ
1923 3826 2045 3892 ἔστι
2099 3830 2163 3891 δὲ
2215 3830 2281 3891 τὸ
2328 3831 2502 3892 καλὸν
2557 3829 2651 3891 διὰ
2705 3832 2806 3913 τὴν
2852 3832 3086 3915 ἡδονήν,

586 3930 678 4014 εἴη
724 3930 791 3993 ἂν
837 3932 875 4014 ἡ
922 3932 1104 4014 ἡδονὴ
1152 3932 1216 3994 τὸ
1258 3932 1483 4015 αἱρετὸν
1529 3930 1685 4016 παρὰ
1728 3937 1829 3994 τοῦ
1877 3934 2056 3995 καλοῦ
2102 3932 2496 4016 λαμβάνουσα.
2567 3930 2634 3995 οὐ
2678 3932 2790 4017 γὰρ
2836 3935 2908 4017 δὴ
2955 3936 3083 3998 ταύ-

480 4222 513 4273 4
549 4222 635 4273 καὶ
670 4218 857 4291 ἀληθές
892 4220 1081 4273 VB¹L:
1136 4221 1223 4271 καὶ
1260 4216 1444 4289 ἀληθὲς
1478 4218 1537 4271 τὸ
1575 4222 1689 4271 Ma:
1750 4216 1951 4289 ἀληθές,
1995 4218 2053 4271 τὸ
2093 4218 2266 4272 Vict.?
2305 4222 2416 4287 Sp.:
2476 4218 2532 4272 τὸ
2570 4216 2756 4289 ἀληθὲς
2790 4220 2848 4273 τὸ
2885 4220 2955 4273 B²

480 4306 511 4359 6
549 4306 627 4360 δια
661 4310 712 4358 V
905 4308 935 4359 7
976 4310 1047 4373 τι]
1084 4324 1160 4361 τισ
1198 4308 1271 4357 v1
1308 4308 1459 4375 (corr.
1498 4307 1591 4373 Ψ)
1792 4308 1854 4359 14
1895 4308 1970 4375 εἴη
2010 4307 2067 4360 ἂν
2106 4307 2192 4360 οὖν
2228 4309 2260 4379 ἡ
2300 4306 2452 4378 ἀρετὴ
2492 4308 2609 4360 add.
2647 4314 2768 4361 ante
2805 4308 2896 4379 τὴν
2935 4308 3098 4363 s²B²a
3123 4311 3186 4363 cf.

486 4394 671 4459 144‚34
692 4410 806 4463 sqq.
989 4395 1051 4447 19
1088 4395 1163 4448 ὅτι
1200 4394 1315 4448 add.
1343 4404 1463 4447 ante
1502 4394 1561 4447 οὒ
1596 4398 1639 4447 Β
1668 4396 1805 4447 Vict.
1836 4398 1924 4462 Sp.
2123 4396 2154 4466 ἡ
2193 4395 2308 4447 add.
2329 4399 2493 4451 BSFa
2512 4398 2600 4463 Sp.
2628 4412 2784 4465 supra
2924 4396 3035 4467 τοῦ]
3075 4399 3186 4451 τού-

477 4500 569 4535 του
588 4482 724 4535 vict.
890 4478 959 4535 20
994 4480 1161 4554 χάριν]
1199 4484 1377 4553 χάρίιι
1416 4484 1563 4533 lit.v
1741 4480 1808 4532 22
1846 4479 2004 4534 καλοῦ
2040 4461 2144 4548 ross
2181 4485 2256 4535 sie
2297 4487 2342 4534 V
2530 4484 2596 4536 24
2643 4484 2822 4554 μέτρον
2861 4488 2936 4550 (ον
2981 4486 3036 4537 in
3085 4486 3184 4553 lit.)

476 4568 587 4622 138²
602 4570 773 4622 Vict.?
806 4572 893 4637 Sp.
921 4584 1099 4637 supra:
1140 4570 1337 4639 μέτριον
1356 4571 1547 4623 vs¹Fa
1724 4570 1822 4642 χρὴ
1859 4570 1977 4631 add.
1999 4570 2212 4623 v²S²Ba
2237 4572 2323 4638 Sp.
2351 4586 2532 4639 Supra:
2572 4587 2670 4623 om.
2693 4572 2870 4625 v¹FS¹
3047 4572 3112 4624 27
3149 4573 3182 4643 ἣ

480 4658 523 4708 εἰ
559 4675 591 4708 a
768 4656 1007 4729 αἱρεσεωσ
1031 4660 1075 4705 V
1256 4656 1322 4709 29
1358 4656 1391 4725 ἢ
1430 4658 1515 4709 καὶ
1552 4654 1742 4725 μᾶλλον
1780 4672 1880 4708 om.
1909 4658 2044 4710 vict.
2072 4661 2158 4725 Sp.
2337 4658 2400 4728 εἰ]
2439 4660 2482 4711 εἰ
2517 4662 2603 4711 καὶ
2627 4660 2760 4713 Vict.
2801 4663 2889 4727 Sp.
3054 4658 3181 4731 αὕτη

477 4746 687 4813 scripsi:
735 4762 864 4814 αυτη-
900 4748 967 4795 V:
1014 4742 1141 4813 αὐτὴ
1180 4746 1271 4811 Sp.
1308 4744 1372 4796 cf.
1404 4744 1627 4809 145,10.
1782 4745 1864 4797 29.
1904 4744 1972 4797 30
2009 4746 2370 4815 παρασκευάζει
2406 4749 2522 4814 Sp.:
2562 4748 2926 4817 παρασκευάζοι
2961 4748 3080 4801 libri
3119 4748 3181 4801 cf.

476 4846 633 4899 supra
810 4831 879 4884 30
916 4827 1025 4884 οὐδ’
1068 4830 1148 4898 ἂν]
1186 4830 1327 4884 οὐδὲν
1364 4850 1397 4885 a
1570 4830 1777 4904 ἡδονὴν]
1817 4850 1907 4904 ονη
1947 4834 2004 4885 in
2038 4834 2114 4885 lit.
2161 4837 2205 4884 V
2382 4832 2444 4887 31
2488 4833 2609 4887 εἶναι
2645 4833 2730 4885 καὶ
2765 4832 2798 4903 ἦ
2837 4834 2974 4888 Vict.
