3684 5567
479 1861 561 1924 V,

1883 1360 1991 1433 III

1160 1554 1293 1629 DE
1358 1552 1872 1630 CODICIBUS
1935 1554 2196 1630 LIBRI
2259 1555 2392 1629 DE
2455 1554 2714 1630 FATO

754 1858 967 1924 Etiam
1012 1859 1317 1943 libellum,
1371 1880 1557 1943 quem
1604 1860 1715 1926 De
1758 1858 1952 1923 Fato
1997 1858 2082 1923 ad
2125 1860 2558 1943 Imperatores
2601 1860 2792 1944 misit,
2834 1859 3013 1926 licuit
3055 1878 3136 1925 ex
3174 1858 3296 1924 Vn-

578 2000 742 2045 Nmo
788 1980 1131 2044 MARCIANO
1177 1979 1303 2044 258
1348 1978 1561 2045 edere.
1649 1998 1860 2061 neque
1889 1977 2106 2043 differt
2137 1978 2358 2061 optimi
2391 1978 2533 2043 libri
2565 1978 2817 2045 indoles
2847 1978 2914 2043 in
2946 1978 3069 2043 hac
3111 1996 3295 2060 argu-

578 2099 775 2165 menti
822 2106 1023 2182 parte.
1112 2098 1523 2193 inveniuntur
1568 2104 1633 2164 et
1678 2098 1939 2164 crebrae
1985 2098 2101 2163 sub
2149 2097 2392 2181 primae
2437 2117 2664 2163 manus
2709 2098 3025 2181 scriptura
3063 2096 3296 2163 liturae

580 2225 645 2283 et
682 2217 950 2284 voculae
995 2216 1325 2282 breviores
1355 2216 1493 2282 sive
1535 2217 1705 2282 infra
1734 2216 1872 2282 sive
1903 2235 2100 2299 supra
2130 2236 2385 2282 versum
2429 2216 2710 2283 additae.
2805 2236 3014 2300 neque
3060 2216 3296 2281 desunt

578 2356 790 2419 curae,
836 2356 963 2419 qua
1006 2336 1321 2402 vetustius
1366 2337 1699 2420 exemplar
1742 2335 2082 2419 descripsit
2136 2335 2455 2418 librarius,
2509 2335 2896 2421 testimonia,
2951 2335 3292 2402 verborum

576 2456 719 2522 dico
766 2456 903 2521 sive
956 2454 1349 2539 syllabarum
1406 2456 1472 2519 in
1526 2475 1677 2520 suas
1736 2462 1954 2539 partes
2007 2455 2291 2520 nondum
2343 2455 2684 2539 discriptas
2739 2455 3292 2541 conglobationes,

577 2576 807 2660 quibus
853 2574 1091 2659 quippe
1134 2574 1311 2639 haud
1354 2574 1697 2641 intellectis
1742 2575 2112 2659 prosodiam
2156 2575 2266 2641 ille
2298 2596 2426 2640 non
2457 2574 2751 2658 adpinxit
2795 2575 2872 2640 cf.
2910 2576 3286 2660 176,3.7.21

580 2696 953 2781 185,7.8.25
998 2695 1225 2778 186‚27
1280 2694 1465 2777 187‚8
1515 2696 1743 2778 189,16
1794 2694 2138 2779 193‚16.17
2190 2694 2417 2778 195,15
2466 2695 2654 2776 197,6
2699 2694 2910 2777 203‚4.

750 2816 1001 2881 Paucas
1046 2822 1117 2879 ut
1159 2815 1226 2880 in
1272 2813 1502 2880 ceteris
1547 2814 1836 2897 partibus
1881 2814 2126 2880 invenit
2179 2815 2244 2880 in
2299 2812 2654 2899 archetypo
2709 2813 2925 2879 varias
2986 2814 3298 2881 lectiones

579 2934 763 3014 164‚7
816 2936 1048 3017 167,14
1096 2934 1393 3017 171,25?,
1439 2934 1609 3017 quod
1655 2933 1972 3001 mirabere
2001 2934 2068 2998 in
2101 2933 2318 2999 libello
2352 2932 2632 2997 omnium
2663 2932 2924 2998 lectioni
2956 2932 3294 3001 destinato.

578 3074 776 3139 saepe
821 3053 986 3119 inter
1031 3053 1442 3119 scribendum
1486 3052 1848 3120 substitisse
1892 3073 2152 3119 manum
2196 3053 2466 3137 primam
2501 3052 2856 3134 iterumque
2887 3053 3298 3120 examinasse

582 3173 754 3256 quod
798 3174 1144 3257 scripserat
1188 3173 1291 3238 hic
1335 3193 1587 3256 quoque
1632 3173 1870 3238 docent
1912 3180 2167 3257 praeter
2211 3172 2436 3236 lituras
2480 3191 2623 3236 cum
2657 3172 3052 3255 transposita
3095 3172 3296 3239 verba

576 3294 790 3378 (186‚1
854 3294 1093 3376 196,16
1156 3292 1390 3377 198‚12
1457 3291 1724 3377 199,22)
1776 3298 1908 3357 tum
1968 3292 2031 3356 hi
2092 3290 2214 3358 loci
2273 3291 2468 3375 1823
2525 3292 3002 3375 202,2.12.13
3053 3294 3296 3378 203,18

576 3413 683 3479 ubi
736 3412 979 3479 librarii
1032 3410 1440 3477 sedulitatem
1500 3410 1952 3494 adgnoscimus
2017 3411 2101 3477 de
2167 3412 2524 3478 litterarum
2577 3409 2642 3474 in
2697 3416 2951 3476 vetusto
2997 3414 3294 3497 exemplo

581 3533 1001 3601 evanidarum
1048 3529 1515 3613 significatione
1559 3529 1914 3595 dubitantis
1955 3530 2060 3613 (cf.
2094 3553 2156 3615 p.
2189 3528 2388 3615 XVI).

756 3651 1246 3718 Pertractavere
1300 3648 1583 3714 libellum
1636 3655 1702 3715 et
1759 3656 1946 3715 vetus
1998 3656 2319 3717 corrector
2371 3656 2437 3715 et
2488 3668 2718 3713 manus
2769 3649 2997 3715 altera.
3105 3649 3294 3715 huius

581 3778 798 3838 autem
845 3777 992 3856 post
1037 3769 1289 3835 tertiam
1334 3766 1419 3832 ab
1462 3767 1643 3833 initio
1689 3775 1938 3851 partem
1985 3770 2258 3853 vestigia
2309 3789 2441 3835 non
2493 3766 2906 3833 inveniuntur
2959 3790 3167 3854 neque
3213 3790 3294 3837 ea

583 3910 747 3975 quae
814 3889 961 3955 huic
1015 3890 1183 3973 parti
1251 3886 1569 3971 praestitit
1634 3886 1821 3953 aliter
1882 3888 2303 3971 censebimus,
2369 3906 2558 3971 quam
2627 3908 2822 3972 supra
2887 3888 3126 3954 fact-um
3173 3898 3290 3956 est.

582 4012 865 4096 proclive
910 4014 1075 4075 enim
1120 4014 1262 4073 erat
1291 4007 1525 4072 bonum
1565 4009 2082 4091 supplementum
2123 4008 2492 4090 excogitare
2535 4007 2621 4072 ad
2671 4008 2904 4093 169‚20
2948 4016 3012 4073 et
3055 4010 3292 4092 adgno-

584 4132 818 4197 scimus
870 4128 1121 4195 felicem
1165 4127 1335 4192 docti
1382 4125 1657 4192 hominis
1710 4146 1969 4194 manum
2022 4108 2517 4195 emendatricem
2575 4148 2718 4193 cum
2769 4128 2974 4211 165,1.
3000 4128 3290 4195 2.10.12

582 4250 829 4333 166,18.
860 4248 937 4314 19
988 4247 1339 4330 167,12.21
1392 4245 1616 4328 169‚31
1668 4247 1855 4335 170‚3
1906 4250 2176 4329 171‚2.5
2207 4246 2358 4347 (nai)
2401 4248 2651 4331 172,11.
2682 4248 2778 4313 13.
2811 4248 2908 4313 15.
2933 4248 3016 4313 25
3065 4249 3293 4331 173,24

578 4368 939 4453 175,18.20
984 4368 1165 4450 176,7
1214 4374 1347 4431 tum
1395 4365 1628 4447 165‚20
1676 4366 1924 4449 1722&
2013 4369 2128 4435 sed
2183 4367 2286 4432 hic
2331 4388 2605 4451 quoque,
2666 4372 2734 4429 ut
2787 4384 2907 4449 par
2951 4375 3068 4452 est,
3117 4368 3292 4434 haud

577 4508 723 4555 raro
770 4487 1011 4554 erravit
1053 4486 1127 4569 is,
1185 4486 1292 4569 qui
1336 4484 1577 4567 ingenii
1624 4492 1873 4549 tautum
1918 4486 2218 4551 subsidiis
2263 4486 2610 4552 instructus
2655 4494 2814 4568 erat,
2877 4506 3086 4569 neque
3131 4486 3291 4552 vitu-

576 4607 941 4693 perabimus
987 4627 1159 4671 vana
1205 4611 1621 4689 tentamenta,
1669 4610 1737 4668 ut
1785 4605 2016 4689 164,20
2063 4607 2292 4690 166,23
2342 4607 2529 4691 168‚6
2581 4606 2976 4690 169,24—25
3025 4606 3290 4688 171‚4.5

579 4728 827 4811 172,14.
859 4728 935 4791 15
986 4725 1233 4808 173,26,
1278 4724 1471 4788 immo
1501 4722 1904 4788 laudabimus
1943 4744 2086 4789 eum
2119 4726 2204 4791 ad
2249 4726 2509 4809 gravius
2539 4732 2841 4809 corrupta
2871 4744 3127 4789 manum
3160 4745 3290 4790 non

571 4846 958 4928 admovisse,
1004 4852 1073 4908 ut
1122 4842 1305 4920 1653
1356 4842 1584 4928 166‚·28
1631 4843 1878 4927 170‚25.
