3684 5567
1458 310 1742 367 ΒΙΒΛΙΟΝ
1780 310 2145 368 ΔΕΥΤΕΡΟΝ
2183 313 2244 365 ‘21
3133 314 3218 379 69

760 486 1016 550 Ἀτοπον
1064 487 1128 549 δὲ
1170 487 1358 571 τούτῳ
1404 488 1821 572 παραπλησίως
1875 488 1972 551 καὶ
2017 488 2082 551 τὸ
2128 487 2292 557 τέλος
2348 488 2440 551 καὶ
2483 488 2736 570 τάγαθὸν
2784 492 2900 549 τῶν
2947 487 3102 549 θεῶν
3136 501 3190 544 ιο

606 588 749 653 εἶναι
804 590 985 673 λέγειν
1032 590 1091 653 ἐν
1145 596 1219 673 τῇ
1266 596 1382 653 τῶν
1438 592 1667 675 θνητῶν
1724 590 1880 659 τάξει
1929 615 1993 654 τε
2047 593 2143 655 καὶ
2191 592 2458 675 προνοίᾳ,
2513 594 2610 655 καὶ
2653 588 2822 654 ταῦθ’
2881 592 3108 673 ὁρῶντα

606 694 791 756 πολλὰ
834 700 950 757 τῶν
997 694 1056 757 ἐν
1102 696 1295 757 τοῖσδε
1338 694 1661 777 γενομένων
1718 694 1825 757 οὐκ
1871 693 1998 763 ἄξια
2053 701 2157 779 τῆς
2211 696 2370 765 θείας
2414 696 2648 764 τάξεως.
2738 692 2856 756 ἀλλ’
2913 695 2964 755 εἰ
3007 692 3109 760 τὰς

603 798 815 867 οἰκείας
858 798 923 860 τὸ
958 798 1115 861 θεῖον
1162 798 1459 883 ἐνεργήσει
1505 796 1793 881 ἐνεργείας
1836 804 1942 881 τῆς
1986 804 2101 860 τῶν
2149 799 2376 883 θνητῶν
2419 798 2726 881 σωτηρίας,
2773 796 2887 881 οὐχ
2931 798 3107 859 αὑτοῦ
3140 811 3192 855 15

530 920 562 967 5
599 902 799 985 χάριν,
854 904 1215 964 παντάπασιν
1272 900 1342 963 ἂν
1398 900 1581 969 δόξειε
1633 906 1749 962 τῶν
1797 902 2028 984 θνητῶν
2086 901 2231 965 εἶναι
2275 903 2467 987 χάριν.
2559 902 2788 984 ποιήσει
2833 900 2897 961 δὲ
2942 903 3110 961 τοῦτο
3263 898 3266 901 ’

600 1003 747 1067 κατὰ
801 1004 933 1074 τοὺς
1002 1004 1061 1067 ἐν
1115 1008 1202 1089 τῷ
1258 1008 1519 1087 προνοεῖν
1588 1004 1691 1086 τὴν
1737 1003 1936 1068 οὐσίαν
1991 1005 2169 1067 αὐτοῦ
2221 1004 2578 1087 τιθεμένους.
2669 1004 2726 1065 τί
2787 1003 2894 1086 γὰρ
2966 1001 3108 1065 ἄλλο

598 1108 663 1169 τὸ
732 1108 893 1171 θεῖον
956 1105 1118 1171 ἔσται
1174 1107 1321 1169 κατὰ
1388 1108 1483 1170 τὸν
1542 1108 1834 1192 γράφοντα
1891 1106 2046 1169 ζἐπεὶ
2111 1108 2166 1169 τί
2219 1108 2284 1170 τὸ
2352 1104 2844 1187 καταλειπόμενον
2909 1106 2948 1189 ἢ
3007 1111 3111 1189 τῆς
3136 1120 3194 1163 2⁰

602 1208 827 1294 χιόνος,
886 1210 953 1273 ἄν
997 1211 1191 1295 ἀφέλῃ
1237 1210 1302 1271 τὸ
1347 1210 1553 1273 λευκὸν
1607 1212 1703 1273 καὶ
1759 1211 1823 1272 τὸ
1872 1210 2129 1296 ψυχρόνς
2197 1211 2253 1273 τί
2293 1212 2357 1273 δὲ
2402 1209 2610 1293 πυρός,
2669 1208 2736 1271 ἂν
2781 1211 2846 1271 τὸ
2891 1210 3110 1292 θερμὸν

596 1312 841 1397 σβέσῃ-ς,
927 1312 1153 1394 μέλιτος
1228 1313 1292 1375 δὲ
1363 1314 1430 1375 τὸ
1489 1312 1666 1395 γλυκὺ
1734 1314 1828 1375 καὶ
1908 1318 2014 1395 τῆς
2079 1318 2274 1399 ψυχῆς
2347 1314 2412 1375 τὸ
2473 1312 2758 1375 κινεῖσθαι
2833 1312 2930 1373 καὶ
3005 1314 3107 1373 τοῦ

498 1435 558 1482 10
596 1416 736 1478 θεοῦ
802 1416 867 1478 τὸ
934 1414 1257 1501 προνοεῖν;’
1322 1416 1375 1479 εἰ
1437 1416 1545 1499 γὰρ
1613 1414 1673 1477 ἐν
1740 1420 1826 1499 τῷ
1883 1420 2144 1499 προνοεῖν
2197 1417 2262 1478 τὸ
2328 1415 2474 1478 εἶναι
2539 1416 2665 1498 θεῷ
2731 1412 2882 1475 κατὰ
2949 1414 3044 1476 τὸν
3095 1412 3101 1497 Ι

598 1518 751 1582 οὕτω
795 1518 1037 1600 λέγοντά
1080 1542 1143 1580 τε
1195 1518 1291 1581 καὶ
1334 1520 1655 1602 γράφοντα,
1714 1522 1828 1580 πᾶν
1877 1519 1940 1581 δὲ
1993 1519 2060 1581 τὸ
2114 1522 2393 1603 προνοοῦν
2449 1520 2685 1601 προνοεῖ
2733 1538 2901 1590 τινος,
2968 1516 3065 1579 καὶ
3113 1521 3210 1579 130

598 1619 719 1685 ἔστι
772 1625 1035 1706 προνοεῖν
1093 1622 1157 1684 τὸ
1204 1621 1307 1691 τὰς
1358 1622 1573 1690 οἰκείας
1625 1621 1908 1706 ἐνεργείας
1964 1621 2210 1705 ἐνεργεῖν
2274 1624 2443 1707 χάριν
2499 1625 2600 1683 τοῦ
2654 1618 3100 1702 προνοουμένου,

590 1730 751 1789 πᾶσα
796 1724 863 1787 ἂν
917 1726 1140 1807 ἀνάγκη
1180 1724 1399 1807 γένοιτο
1444 1726 1483 1808 ἡ
1532 1729 1611 1794 ὡς
1653 1726 1796 1788 θεοῦ
1842 1725 2102 1809 ἐνέργεια
2153 1728 2238 1811 τῷ
2283 1726 2406 1809 θεῷ
2457 1726 2626 1809 χάριν
2672 1726 2786 1785 τῶν
2833 1745 3103 1805 προνοου·
3157 1736 3186 1779 5

592 1828 800 1911 μένων,
847 1829 885 1912 ἢ
932 1832 1061 1898 πῶς
1106 1848 1197 1891 σοι
1242 1830 1429 1910 δοκεῖς

494 1952 557 2001 15
765 1929 882 1996 Καὶ
927 1932 1017 2001 ὅς·
1084 1932 1138 1995 τί
1179 1932 1289 2015 γὰρ
1336 1930 1477 1995 ἄλλο
1524 1930 1677 2013 λέγει
1732 1933 1763 1995 ὁ
1809 1932 1915 2016 τὴν
1961 1931 2158 1995 οὐσίαν
2217 1936 2330 1995 τῶν
2376 1930 2532 1994 θεῶν
2589 1929 2649 1991 ἐν
2693 1934 2782 2017 τῷ
2829 1932 3092 2012 προνοεῖν

590 2034 890 2117 τιθέμενος
934 2035 1139 2109 οὕτως,
1186 2037 1267 2103 ὡς
1312 2035 1373 2097 ἐν
1418 2040 1501 2119 τῷ
1550 2036 1756 2119 θερμῷ
1790 2037 1895 2119 τὴν
1946 2039 2048 2097 τοῦ
2093 2034 2300 2120 πυρός;

760 2136 835 2202 Τί
866 2136 994 2215 οὖν,
1042 2134 1210 2222 ἔφην,
1254 2137 1361 2201 οὐκ
1405 2138 1467 2201 ἐν
1512 2141 1685 2201 πᾶσιν
1719 2138 2065 2223 ἀτελέστερα
2107 2138 2180 2201 τὰ
2210 2139 2353 2222 πρὸς
2396 2138 2462 2200 τὸ
2507 2136 2670 2205 τέλος
2716 2138 3092 2199 συντελοῦντα
3125 2151 3178 2193 1⁰

589 2246 689 2305 τοῦ
733 2241 936 2310 τέλους
980 2241 1187 2321 αὖτοῦ;

761 2344 901 2415 Πῶς
946 2346 1074 2429 γάρ,
1120 2343 1297 2419 εἶπεν,
1344 2342 1566 2425 ἄλλως

484 2468 553 2515 20
760 2446 834 2512 Τί
874 2446 961 2522 δ’,
1016 2447 1152 2533 οὐχὶ
1197 2447 1295 2509 καὶ
1338 2452 1453 2509 πᾶν
1507 2447 1573 2509 τὸ
1615 2446 1718 2515 τὰς
1765 2447 1977 2515 οἰκείας
2030 2448 2192 2530 αύτῷ
2252 2446 2349 2509 καὶ
2403 2446 2550 2509 κατὰ
2594 2445 2763 2527 φύσιν
2809 2444 3094 2528 ἐνεργείας

586 2551 766 2615 ἄλλου
810 2554 980 2636 χάριν
1024 2551 1291 2635 ἐνεργοῦν
1336 2550 1556 2613 ἐκείνου
1612 2552 1783 2635 χάριν
1829 2551 2138 2634 ἀναγκαῖον
2191 2549 2339 2613 εἶναι
2381 2549 2593 2632 λέγειν,
2650 2548 2844 2616 ἄλλως
2887 2571 2950 2610 τε
2993 2550 3088 2635 καὶ
3122 2563 3173 2605 15

585 2655 651 2718 ἄν
696 2656 757 2718 ἐν
802 2661 876 2738 τῇ
925 2654 1095 2739 οὐσία
1138 2653 1314 2718 αὐτοῦ
1361 2655 1426 2717 τὸ
1472 2658 1727 2717 τοιοῦτον
1771 2648 1847 2738 ᾖς

752 2758 914 2822 Πάνυ
963 2758 1066 2841 μὲν
1112 2755 1230 2821 οῦν.

742 2859 928 2924 Ἀλλὰ
974 2862 1089 2944 μὴν
1144 2860 1210 2923 τὸ
1265 2857 1431 2928 τέλος
1484 2859 1629 2923 ἄλλο
1676 2884 1726 2922 τι
1771 2859 2096 2943 πρόκειται,
2153 2858 2221 2923 οὖ
2275 2864 2432 2921 ποιεῖ
2473 2860 2640 2944 χάριν
2687 2858 2718 2921 ὃ
2764 2863 2935 2933 ποιεῖ,
2992 2858 3087 2921 καὶ

474 2983 541 3032 25
579 2962 666 3049 (ὃ)
711 2964 772 3027 ἐν
816 2970 894 3047 τῇ
942 2964 1125 3048 οἰκείαι
1170 2962 1339 3047 οὐσίᾳ
1384 2960 1512 3048 ἔχει
1556 2964 1623 3025 τὸ
1669 2962 1812 3026 εἶναι
1859 2962 2037 3027 ἄλλου
2083 2965 2272 3048 χάριν,
2320 2961 2472 3025 τοῦτ’
2523 2964 2831 3044 ἀναγκαῖον
2880 2961 3079 3030 ἀτελές
3107 2978 3164 3019 2⁰

581 3092 645 3131 τε
688 3068 831 3131 εἶναι
875 3070 973 3132 καὶ
1018 3068 1281 3152 δεύτερον
1328 3072 1471 3151 τιμῇ
1518 3066 1747 3142 τούτου,
1794 3066 1862 3130 οὔ
1909 3068 2079 3152 χάριν
2125 3066 2296 3131 ἐστίν.

750 3168 975 3251 Οὕτως,
1022 3168 1155 3255 ἔφη.

742 3273 1086 3357 Ἀναγκαῖον
1141 3270 1241 3337 οὖν
1296 3272 1409 3357 ἄρα
1461 3279 1579 3343 τοῖς
1632 3272 1900 3358 τοιαύτην
1954 3272 2102 3336 εἶναι
2157 3275 2260 3357 τὴν
2315 3272 2383 3336 ἐκ
2428 3276 2540 3335 τῶν
2588 3272 2761 3335 θείων
2809 3272 3077 3357 πρόνοιαν
3106 3289 3160 3331 25

580 3384 691 3441 τῶν
748 3379 977 3460 θνητῶν
1030 3376 1293 3460 λέγουσιν
1350 3376 1549 3444 ἀτελές
1604 3398 1665 3437 τε
1720 3377 1783 3439 τὸ
1840 3378 1999 3439 θεῖον
2053 3382 2168 3439 τῶν
2223 3378 2454 3461 θνητῶν
2509 3376 2742 3459 λέγουσι
2799 3378 2896 3439 καὶ
2951 3376 3013 3440 ὂν
3064 3375 3070 3462 Ι

472 3500 543 3550 30
580 3483 798 3545 τούτων
830 3483 1021 3566 χάριν,
1068 3479 1137 3543 οὔ
1168 3481 1222 3541 τί
1266 3476 1468 3562 γένοιτ’
1514 3478 1581 3541 ἄν
1628 3480 2009 3565 ἀσεβέστερον
2055 3480 2578 3565 ἣάλλοτριώτερον
2623 3486 2728 3565 τῆς
2761 3487 2872 3545 τῶν
2904 3483 3058 3546 θεῶν
3105 3489 3188 3546 131

575 3585 771 3654 οὐσίας
814 3608 876 3647 τε
918 3586 1014 3647 καὶ
1058 3585 1437 3668 προλήψεωςς

745 3684 862 3751 Καὶ
907 3687 997 3756 ὅς·
1045 3688 1243 3771 ἀληθῆ
1292 3688 1393 3767 μὲν
1439 3686 1644 3769 λέγεις,
1690 3686 1870 3765 εἶπεν,
1926 3689 2020 3750 καὶ
2065 3687 2286 3769 ἀνάγκη
2333 3688 2516 3750 ταῦτά
2559 3710 2622 3751 τε
2667 3688 2916 3752 ἕπεσθαι
2961 3696 3078 3759 τοῖς
3132 3706 3161 3749 5

574 3791 839 3874 τοιαύτην
882 3790 980 3853 καὶ
1024 3791 1211 3858 οὕτως
1253 3789 1512 3872 γίνεσθαι
1557 3790 1662 3873 τὴν
1706 3789 1978 3872 πρόνοιαν
2024 3787 2254 3872 λέγουσι
2297 3791 2394 3853 καὶ
2437 3790 2589 3853 ἄλλα
2632 3790 2852 3861 τούτοις
2897 3816 3075 3877 παρα-

464 4040 498 4092 2
537 4038 735 4108 ὁρῶντα
771 4038 981 4106 scripsi:
1022 4037 1154 4106 ὁρῶν
1192 4038 1255 4089 τὰ
1294 4038 1547 4090 VFB¹S¹:
1586 4036 1809 4108 ὁρῶντας
1845 4037 2011 4091 B²S²a
2047 4038 2132 4105 Sp.
2365 4038 2396 4091 3
2435 4038 2711 4108 γενομένων
2748 4038 2862 4107 Sp.:
2902 4042 3184 4109 γενομένοις

464 4129 587 4181 libri
796 4124 932 4184 θείας
969 4128 1179 4195 scripsi:
1229 4126 1415 4183 οἰκείας
1454 4126 1571 4179 libri
1785 4128 1817 4178 4
1857 4126 1951 4199 οὺχ
1987 4128 2140 4179 αὐτοῦ
2165 4127 2259 4179 13²:
2298 4126 2394 4179 οὒκ
2432 4127 2586 4180 αὐτοῦ
2624 4128 2743 4180 libri
2957 4128 2988 4181 5
3027 4128 3182 4189 δόξειε

463 4216 577 4284 Sp.:
633 4212 763 4275 δόξει
808 4215 929 4267 libri
1159 4218 1309 4266 τοῦτο
1366 4215 1578 4281 scripsi:
1637 4212 1817 4266 τούτου
1863 4217 2010 4268 libri:
2065 4216 2261 4268 τούτων
2310 4217 2443 4268 coni.
2491 4216 2578 4283 Sp.
2811 4214 2843 4268 6
2892 4220 3023 4270 κατὰ
3066 4221 3182 4277 τοὺς

461 4304 672 4371 scripsi:
699 4304 831 4355 κατὰ
854 4301 1059 4360 τούτους
1080 4302 1330 4355 VFB¹S¹:
1356 4302 1543 4373 (χάριν)
1569 4304 1703 4355 κατὰ
1726 4302 1839 4360 τοὺς
1859 4302 2024 4356 B²S2a
2049 4304 2139 4371 Sp.
2282 4304 2311 4354 7
2337 4304 2422 4356 τὸν
2449 4302 2584 4356 οὕτω
2610 4306 2862 4377 γράφοντα
2883 4306 3014 4358 vict.
3037 4306 3124 4374 Sp.

458 4407 493 4477 ἣ
531 4412 622 4477 τῆς
664 4406 749 4475 Sp.
794 4407 943 4473 (,‚sed
984 4406 1166 4459 melius
1204 4407 1478 4473 absunt“):
1533 4395 1647 4475 ἠτισ
1697 4410 1773 4460 sic
1817 4413 1882 4459 V:
1940 4408 1984 4459 εἴ
2032 4426 2104 4466 τις
2148 4412 2288 4461 GFV
2335 4410 2495 4460 viem
2551 4409 2659 4479 ἥτις
2703 4412 2812 4464 SB:
2867 4410 2977 4480 ἥτις
3019 4428 3050 4462 a

458 4497 492 4549 8
532 4496 592 4547 ἂν
630 4494 791 4566 ἀφέλῃ
831 4495 944 4563 Sp.:
994 4494 1053 4546 ἂν
1092 4492 1336 4565 ἀφέληται
1373 4496 1437 4546 V:
1477 4496 1781 4565 ἀναφέληται
1816 4500 1934 4549 FSa
2145 4514 2220 4565 pr.
2259 4500 2312 4549 et
2346 4498 2436 4549 alt.
2463 4497 2521 4549 τὸ
2559 4515 2656 4550 om.
2684 4517 2716 4550 a
2751 4502 2840 4566 Sp.
3019 4501 3049 4550 9
3089 4504 3180 4569 τῆς

458 4600 559 4637 om.
586 4603 619 4635 a
654 4585 741 4651 Sp.
963 4584 1028 4635 10
1064 4584 1153 4635 ait.
1191 4581 1249 4633 τὸ
1287 4585 1447 4635 SFBa
1483 4584 1596 4652 Sp.:
1636 4588 1709 4653 τῷ
1754 4589 1795 4635 V
2021 4585 2079 4636 13
2118 4586 2311 4655 ἀνάγκῃ
2361 4587 2573 4655 scripsi:
2633 4588 2826 4657 ἀνάγκη
2873 4588 3016 4640 libri:
3074 4589 3174 4640 del.

457 4673 547 4739 Sp.
597 4672 699 4738 (vel
746 4672 1173 4743 τὴν-ἐνέργειαν
1223 4672 1383 4735 coni.)
1602 4673 1661 4724 14
1709 4672 1832 4726 εἶναι
1879 4674 1910 4741 ἣ
1960 4691 1991 4725 a
2028 4676 2117 4741 Sp.
2339 4674 2396 4727 15
2434 4673 2564 4744 λέγει
2598 4678 2641 4727 Β
2691 4676 2804 4743 Sp.:
2855 4674 2987 4745 λέγοι
3025 4680 3106 4727 Va

464 4760 525 4813 16
564 4757 727 4817 οὕτως
764 4760 878 4827 Sp.:
918 4756 1057 4816 ὅπως
1092 4759 1211 4811 libri
1391 4759 1459 4811 ’ΖΟ
1491 4758 1636 4829 αὑτῷ·
1670 4760 1785 4829 Sp.:
1824 4761 1968 4831 αὐτῷ
1987 4767 2049 4814 V:
2089 4761 2258 4813 αὐτῶν
2299 4782 2330 4814 a
2544 4762 2610 4815 24
2648 4763 2730 4832 τὸ]
2768 4765 2989 4817 fortasse
3028 4762 3069 4833 ᾦ

456 4848 527 4899 25
564 4846 591 4899 ὃ
628 4848 745 4899 add.
784 4845 947 4899 B²S²a
984 4846 1072 4913 Sp.
1236 4846 1301 4897 26
1340 4846 1387 4897 τὶ
1425 4848 1495 4917 μὴ
1535 4866 1565 4898 a
1721 4850 1786 4901 29
1824 4849 2056 4902 ἀτελέστε
2092 4849 2150 4901 τὸ
2195 4851 2396 4903 VB¹S¹:
2438 4849 2760 4923 ἀτελέστερον
2797 4850 2964 4905 B2s²a
3001 4853 3088 4923 Sp.

453 4936 545 4987 alt.
581 4940 684 4988 τῶν
721 4934 927 5003 θνητῶν
962 4933 1179 5005 λέγουσι]
1218 4940 1465 5002 expectas
1502 4933 1659 5003 λέγειν
