3684 5567
502 294 629 359 134
952 287 1283 360 [ΑΠΟΡΙΩΝ
1323 285 1443 343 ΚΑΙ
1480 283 1748 343 ΛΥΣΕΩΝ
1785 282 2075 342 ΒῙΒΛΙΟΝ
2112 281 2484 341 ΤΕΤΑΡΤΟΝ
2527 282 2753 354 13-14]

605 489 703 534 τος
746 464 896 531 τινὸς
940 463 1067 531 ἑνὸς
1110 462 1205 525 καὶ
1252 464 1355 525 τοῦ
1384 461 1564 524 αὐτοῦ
1608 462 1724 522 τῶν
1758 454 2094 541 ἀδιαφόρων
2141 458 2440 541 ἐνεργειῶν
2485 456 2931 541 περιγινομένου.
3009 457 3096 519 διὸ

610 570 665 631 οἱ
711 568 871 632 αὐτοὶ
928 566 1023 630 διὰ
1075 571 1193 629 τῶν
1248 562 1538 649 διαφόρων
1592 566 1840 625 κτῶνται
1892 561 1964 624 τὰ
2015 563 2320 646 χρήματα,
2379 562 2474 625 καὶ
2529 559 2695 624 οὐδὲν
2743 562 2963 643 μᾶλλον
3008 560 3186 622 διὰω

611 674 794 735 τῶνδε
838 672 877 755 ἢ
923 673 1134 743 τῶνδε,
1190 669 1231 732 ἅ
1274 668 1396 731 ἐστι
1448 668 1758 749 κτημάτων
1815 688 1878 728 τε
1931 665 2026 728 καὶ
2083 665 2334 727 πλούτου
2391 664 2808 749 περιποιητικά.
2899 664 2998 726 ἐπὶ
3040 664 3106 727 δὲ

607 779 723 837 τῶν
767 775 993 857 ἡδονῶν
1050 772 1164 857 οὐχ
1209 771 1411 838 οὕτως.
1496 767 1563 831 οὐ
1608 768 1717 852 γὰρ
1763 772 1845 837 ὡς
1899 768 2015 831 ἀπὸ
2070 768 2299 829 πάντων
2356 772 2470 830 τῶν
2524 769 2836 850 ποιητικῶν
2891 768 3107 849 ἡδονῆς

540 900 570 946 5
608 882 712 960 τῆς
756 876 938 960 αὐτῆς
982 873 1415 958 περιγινομένης
1459 873 1703 955 ἡδονῆς,
1752 870 1826 934 δι’
1884 872 1966 933 ὧν
2013 872 2264 954 μάλιστα
2305 868 2518 952 γίνεται
2561 875 2770 945 ταῦτα,
2817 874 3104 953 ζητοῦσιν,

609 978 729 1043 ἀλλ’
797 982 877 1048 ὡς
932 978 1125 1041 ἄλλων
1189 976 1378 1038 οὐσῶν
1438 979 1554 1037 τῶν
1614 974 1711 1037 ἐπὶ
1773 972 2070 1058 διαφόροις
2121 974 2435 1057 γινομένων
2498 973 2802 1057 ἐνεργείαις
2859 973 2962 1041 τὰς
3015 971 3109 1034 ἐπὶ
3134 988 3191 1029 εἰ

608 1084 805 1147 ταῖσδε
856 1079 1156 1164 γινομένας
1204 1078 1211 1163 l
1260 1081 1571 1163 αἱροῦνται,
1626 1079 1723 1141 καὶ
1777 1078 2096 1140 λυποῦνταί
2144 1100 2208 1159 γε
2260 1079 2357 1140 καὶ
2402 1076 2688 1162 ἄχθονται
2739 1080 2866 1145 ταῖς
2923 1076 3066 1139 ἀπα·
3109 1084 3213 1140 257

608 1185 845 1268 γούσαις
897 1183 1107 1252 αὐτοὺς
1161 1181 1276 1246 ἀπὸ
1337 1184 1519 1246 τῶνδε
1572 1184 1687 1243 τῶν
1742 1182 2044 1264 ἐνεργειῶν
2100 1180 2406 1262 ἐνεργείαις
2459 1202 2523 1243 τε
2564 1181 2660 1244 καὶ
2705 1182 2968 1261 ἡδοναῖς,
3027 1182 3110 1247 ὡς

610 1288 886 1371 ἐμποδὼν
930 1286 1251 1369 γινομέναις
1294 1288 1419 1353 ταῖς
1449 1282 1850 1367 προκειμέναις
1894 1283 2091 1351 αὐτοῖς
2128 1285 2364 1366 ἡδοναῖς
2407 1283 2500 1347 διὰ
2544 1286 2646 1347 τοῦ
2693 1283 2793 1352 τὰς
2822 1282 3112 1366 ἐνεργείας

513 1412 573 1459 10
610 1391 968 1472 ἐμποδίζειν,
1024 1389 1115 1474 ἐφ’
1172 1390 1264 1457 αἷς
1317 1389 1581 1472 γίνονται.
1672 1388 1983 1471 φθαρτικαὶ
2037 1386 2144 1469 γὰρ
2201 1388 2498 1470 ἀλλήλων,
2555 1388 2756 1472 ὥσπερ
2811 1386 3110 1470 ἐνέργειαι,
3165 1406 3194 1447 5

611 1493 704 1580 ἐφ’
748 1494 838 1564 αἷς
886 1493 1108 1576 ἡδοναί,
1154 1492 1339 1559 οὕτως
1383 1492 1447 1554 δὲ
1492 1491 1588 1553 καὶ
1632 1491 1691 1552 αἱ
1737 1490 1829 1553 ἐπ’
1881 1490 2082 1559 αὐταῖς
2125 1490 2345 1571 ἡδοναί.
2435 1491 2637 1565 καίτοι,
2685 1491 2736 1553 εἰ
2781 1488 2929 1573 ἦσαν
2976 1490 3110 1573 ὁμο-

609 1601 782 1668 ειδεῖς
835 1598 895 1660 αἱ
940 1597 1143 1680 ἡδοναὶ
1196 1598 1407 1671 πᾶσαι,
1466 1594 1563 1657 καὶ
1614 1592 1717 1663 τὰς
1770 1593 2056 1677 ἐνεργείας
2106 1591 2420 1678 ᾑρούμεθα
2473 1596 2587 1655 τῶν
2645 1595 2872 1676 ἡδονῶν
2917 1592 3111 1677 χάριν,

612 1700 761 1785 ἦσαν
806 1698 929 1785 <ἂν>
974 1700 1355 1783 αἱρετώταται
1406 1696 1686 1780 ἐνέργειαι
1741 1698 1797 1759 αἱ
1847 1698 2100 1778 μάλιστα
2151 1702 2421 1760 ποιοῦσαι
2475 1698 2578 1780 τὴν
2633 1698 2867 1780 ἡδονήν.
2953 1695 3003 1757 εἰ
3049 1692 3102 1757 δ’
3141 1710 3194 1753 ιο

612 1804 719 1868 οὐκ
772 1805 889 1867 ἀπὸ
938 1808 1045 1886 τῆς
1107 1800 1408 1884 γινομένης
1467 1802 1683 1883 ἡδονῆς
1736 1802 1774 1882 ἡ
1829 1804 1946 1862 τῶν
2007 1800 2310 1885 ἐνεργειῶν
2365 1806 2480 1864 τῶν
2546 1804 2864 1884 ποιητικῶν
2917 1798 3110 1862 αὐτῶν

512 1928 573 1977 15
610 1907 819 1990 κρίσις,
876 1904 1119 1987 ἔμπαλιν
1166 1904 1230 1967 δὲ
1272 1904 1389 1967 ἀπὸ
1436 1908 1553 1966 τῶν
1608 1903 1912 1985 ἐνεργειῶν
1967 1903 2066 1973 τὰς
2109 1904 2324 1985 ἡδονὰς
2365 1904 2659 1987 κρίνομεν,
2719 1901 2845 1965 οὔτ’
2903 1901 2970 1965 ἂν
3018 1900 3113 1964 διὰ

613 2010 713 2079 τὰς
742 2008 952 2092 ἡδονὰς
996 2009 1055 2071 αἱ
1086 2007 1360 2089 ἐνέργειαι
1407 2006 1471 2068 τὸ
1510 2006 1737 2089 αἱρετὸν
1783 2003 1997 2091 ἔχοιεν,
2043 2004 2176 2069 οὔτε
2219 2006 2502 2089 ὁμοειδεῖς
2548 2006 2617 2070 ἂν
2647 2006 2762 2069 εἶεν
2809 2005 3108 2088 ἀλλήλαις.
3139 2019 3194 2062 ¹5

612 2112 697 2177 ἔτι
752 2112 845 2191 δέ,
904 2112 957 2174 εἰ
1010 2109 1041 2173 ὃ
1086 2113 1363 2193 ποιοῦμεν
1417 2108 1510 2192 ἐφ’
1566 2110 1658 2178 αἷς
1710 2110 2059 2190 λυπούμεθα
2112 2110 2418 2193 ἐνεργείαις
2470 2110 2812 2193 (παυόμεθα
2853 2110 2964 2193 γὰρ
3009 2112 3112 2172 τοῦ

616 2219 864 2301 ἐνεργεῖν
917 2212 1151 2297 αὐτάς),
1215 2218 1383 2276 τοῦτο
1440 2218 1719 2295 ποιοῦμεν
1774 2215 1857 2281 εἰς
1908 2212 2117 2287 αὐτάς,
2183 2213 2319 2276 ὅταν
2374 2214 2666 2296 ἡδώμεθά
2720 2234 2860 2276 τισιν
2915 2212 3116 2281 ἄλλαις

614 2320 941 2404 ἐνεργείαις,
988 2320 1163 2400 δῆλον
1197 2320 1278 2385 ὡς
1308 2316 1517 2380 οἰκεῖαι
1562 2320 1683 2385 ταῖς
1732 2317 2040 2400 ἐνεργείαις
2085 2318 2146 2379 αἱ
2178 2316 2467 2399 γινόμεναι
2512 2316 2604 2379 ἐπ’
2646 2316 2848 2385 αὐταῖς
2891 2317 3110 2400 ἡδοναί.
3139 2332 3196 2375 ει)

508 2446 576 2494 20
612 2422 698 2486 ἔτι
728 2422 831 2507 <εἰ>
860 2426 978 2489 τοῖς
1010 2420 1111 2504 μὲν
1146 2421 1439 2504 σώφροσιν
1469 2421 1530 2484 αἱ
1560 2420 1797 2505 αἰσχραὶ
1830 2420 2110 2504 ἐνέργειαι
2141 2421 2327 2504 λύπην
2359 2420 2656 2505 φέρουσιν,
2701 2421 2914 2503 ἡδονὴν
2949 2420 3012 2482 δὲ
3055 2420 3115 2481 αἱ

617 2525 972 2611 σωφρονικαί
1010 2546 1073 2586 τε
1116 2524 1213 2587 καὶ
1259 2524 1448 2600 καλαί,
1494 2527 1613 2593 τοῖς
1658 2526 1722 2587 δὲ
1767 2525 2110 2593 ἀκολάστοις
2152 2522 2419 2606 ἔμπαλιν,
2466 2524 2572 2587 οὐκ
2619 2523 2687 2587 ἂν
2732 2524 2844 2587 εἶεν
2890 2525 2948 2586 αἱ
2995 2523 3111 2585 ἀπὸ

614 2635 729 2694 τῶν
783 2630 1044 2714 αἰσχρῶν
1100 2629 1390 2713 ὁμοειδεῖς
1447 2632 1571 2697 ταῖς
1626 2628 1741 2691 ἀπὸ
1804 2632 1921 2690 τῶν
1979 2631 2193 2691 καλῶν.
2295 2628 2406 2713 οὐχ
2462 2628 2660 2712 ὅμοιον
2726 2629 2790 2691 τὸ
2847 2627 2944 2691 ἐπὶ
2999 2631 3112 2688 τῶν

612 2733 961 2820 χρημάτων·
1026 2731 1094 2795 οὐ
1139 2732 1247 2815 γὰρ
1292 2736 1410 2800 τοῖς
1454 2730 1752 2814 φρονίμοις
1804 2754 1866 2793 τε
1911 2733 2008 2795 καὶ
2057 2734 2352 2816 σώφροσιν
2407 2734 2446 2816 ἡ
2493 2732 2876 2818 πορνοβοσκία
2921 2732 3119 2799 πενίας
3145 2745 3199 2787 ²⁶

612 2837 785 2910 αἰτία,
830 2840 947 2905 τοῖς
994 2836 1058 2899 δὲ
1104 2834 1453 2921 μοΙχθηροῖς
1498 2835 1857 2918 περιουσίας,
1907 2836 2056 2899 ἀλλὰ
2101 2837 2197 2899 καὶ
2242 2840 2360 2905 τοῖς
2407 2839 2697 2921 σώφροσιν
2743 2840 2846 2919 τῆς
2891 2835 3071 2916 αὐτῆς
3115 2843 3222 2899 258

508 2962 572 3012 25
611 2941 881 3024 εὐπορίας
930 2939 997 3002 ἂν
1038 2940 1187 3003 αἰτία
1228 2940 1459 3022 γίνοιτο,
1504 2938 1557 2999 εἰ
1602 2936 1829 3022 φέροιεν
1875 2938 2053 3008 αὐτὰς
2099 2939 2364 3023 ἐνεργεῖν.
2433 2940 2527 3002 ἐπὶ
2572 2938 2683 3024 γὰρ
2727 2943 2842 3001 τῶν
2886 2940 3113 3023 ἡδονῶν

618 3045 684 3109 οὐ
734 3042 909 3128 μόνον
953 3044 1013 3107 αἱ
1059 3044 1295 3128 αἰσχραὶ
1339 3041 1615 3125 ἐνέργειαι
1644 3041 1904 3126 φευκταί,
1951 3042 2102 3106 ἀλλὰ
2145 3044 2241 3106 καὶ
2287 3044 2429 3126 πρὸς
2472 3046 2559 3127 τῷ
2596 3042 2878 3127 μηδεμίαν
2925 3041 3121 3112 αὐτοῖς
3171 3058 3200 3101 5

618 3149 831 3231 ἡδονὴν
878 3146 1070 3232 φέρειν
1117 3148 1213 3210 καὶ
1259 3145 1445 3229 λύπης
1490 3144 1685 3214 αὐτοῖς
1728 3146 1872 3209 εἰσιν
1919 3146 2110 3209 αἰτίαι.

618 3352 783 3417 XIV.
876 3351 1031 3419 Πῶς
1076 3350 1483 3434 σωθήσεται
1529 3350 1604 3413 τὸ
1651 3349 1838 3414 εἶναί
1876 3376 1938 3415 τι
1985 3351 2238 3437 μεταξὺ
2284 3354 2544 3437 ἡδονῆς
2585 3354 2700 3416 καὶ
2745 3352 2983 3438 λύπης.

790 3522 948 3597 Πῶς,
995 3522 1048 3585 εἰ
1090 3522 1273 3605 ἡδονὴ
1316 3521 1575 3605 ἐνέργειά
1618 3522 1742 3585 ἐστι
1786 3528 1892 3607 τῆς
1929 3524 2076 3587 κατὰ
2119 3524 2290 3608 φύσιν
2335 3523 2511 3593 ἕξεως
2554 3522 2990 3607 ἀνεμπόδιστος,
3039 3531 3120 3599 ὡς
3147 3544 3202 3586 ιο

515 3648 583 3696 30
618 3625 845 3710 εἴρηκεν
877 3626 936 3689 ἐν
968 3629 1053 3709 τῷ
1085 3624 1323 3709 ἑβδόμῳ
1353 3628 1468 3687 τῶν
1502 3623 1555 3688 Ν
1562 3627 1936 3710 ικομαχείων,
1982 3628 2044 3690 αἱ
2077 3629 2142 3690 δὲ
2173 3628 2620 3711 ἐμποδιζόμεναι
2648 3628 2921 3712 λυπηραί,
2952 3631 3122 3715 δυνή-

624 3752 784 3795 σεται
829 3730 1184 3814 χωρίζεσθαι
1228 3734 1334 3813 τῆς
1362 3730 1577 3812 ἡδονῆς
1607 3730 1646 3813 ἡ
1677 3730 1922 3810 ἀλυπίας
1969 3730 2028 3793 ἐν
2061 3732 2250 3799 ποίαις
2279 3732 2386 3815 γὰρ
2417 3731 2726 3814 ἐνεργείαις
2755 3730 2942 3818 ἔσται;
2987 3734 3121 3799 οὔτε

518 3978 541 4028 l
593 3974 879 4046 ἀδιαφόρων
917 3970 1097 4024 GFS¹z
1155 3968 1442 4049 ἀδιαφόρων
1489 3971 1565 4023 sic
1600 3975 1665 4023 V:
1722 3971 1975 4044 διαφόρων
2012 3972 2179 4026 B²S²a
2217 3976 2334 4041 Sp.:
2392 3973 2643 4047 διαφορῶν
2679 3977 2771 4029 13¹:
2819 3977 3039 4031 fortasse
3075 3977 3230 4031 αὑτοῦ

513 4084 624 4134 τοῦ
672 4076 793 4131 ἀπὸ
837 4082 941 4129 τῶν
992 4074 1245 4147 διαφόρων
1432 4074 1463 4126 2
1500 4073 1665 4141 αὐτοὶ]
1702 4077 1749 4129 οὶ
1784 4079 1836 4128 in
1878 4078 1954 4129 lit.
1993 4082 2040 4130 V
2129 4099 2135 4109 ·
2243 4078 2494 4151 διαφορῶν
2532 4085 2580 4131 V
2779 4080 2812 4133 3
2849 4082 2907 4152 ἦ]
2945 4082 2978 4151 ἠ
3019 4086 3066 4135 V
3185 4062 3190 4066 Ι

513 4166 885 4239 περιποιητικά]
930 4178 955 4215 ε
990 4164 1049 4215 in
1084 4163 1160 4215 lit.
1198 4166 1247 4215 V
1426 4161 1456 4214 7
1494 4164 1572 4231 γε]
1610 4182 1663 4216 τε
1702 4167 1835 4217 coni.
1875 4168 1962 4231 Sp.
2148 4168 2212 4220 10
2265 4176 2385 4236 post
2433 4168 2600 4241 ὥσπερ
2652 4170 2768 4223 add.
2809 4170 2858 4223 αἱ
2895 4188 2928 4223 ε
2961 4174 3052 4238 Sp.

518 4256 576 4309 11
618 4261 740 4323 post
763 4254 840 4310 αἶς
862 4252 978 4304 add.
1006 4250 1056 4303 αἱ
1081 4268 1113 4302 a
1137 4252 1226 4317 Sp.
1376 4250 1438 4302 13
1476 4250 1534 4302 ἂν
1562 4251 1681 4304 add.
1709 4254 1797 4320 Sp.
1969 4254 2288 4327 αἱρετώτεραι
2310 4258 2460 4311 GFS¹
2621 4260 2853 4311 ποιοῦσαι
2891 4275 2938 4310 v.
2963 4274 3009 4311 c.
3035 4258 3232 4313 vs²Ba

514 4348 629 4411 Sp.:
667 4345 867 4412 ποιῆσαι
904 4341 1001 4391 V¹:
1048 4338 1312 4409 ποιήσασαι
1351 4340 1503 4391 GFS¹
1689 4341 1749 4392 14
1804 4339 1961 4411 αὐτῆς
1996 4344 2131 4395 coni.
2170 4346 2257 4409 Sp.
2443 4344 2504 4397 17
2561 4350 2680 4412 post
2727 4344 2754 4397 ὃ
2801 4346 3070 4415 paululum
3119 4362 3231 4399 era-

516 4448 628 4485 sum
668 4436 716 4483 V
902 4426 971 4479 20
1008 4427 1051 4479 εί
1087 4426 1205 4479 add.
1245 4444 1277 4478 a
1312 4428 1400 4492 Sp.
1589 4427 1641 4479 αἱ
1678 4442 1776 4479 om.
1816 4446 1848 4481 a
1884 4433 1974 4497 Sp.
2187 4430 2254 4483 25
2293 4432 2426 4484 αἰτία
2461 4434 2644 4501 γίνοιτο
2680 4435 2795 4499 Sp.:
2833 4434 2980 4487 αἴτιοι
3015 4435 3228 4503 γίνοιντο

513 4536 635 4589 libri
810 4534 1003 4603 φέροιεν
1029 4534 1101 4585 Sa
1124 4534 1239 4599 Sp.:
1278 4518 1430 4601 φέροὶΙ
1474 4534 1549 4583 sic
1575 4533 1674 4584 V¹:
1714 4549 1764 4584 ιν
1802 4536 1858 4586 in
1897 4550 2000 4601 mg.
2040 4534 2156 4587 add.
2196 4552 2239 4588 v.
2269 4552 2314 4588 c.
2343 4540 2406 4587 V:
2445 4536 2586 4605 φέροι
2609 4537 2800 4591 B¹GF2
2839 4540 2979 4610 φέροι
3015 4540 3065 4591 ἐν
3091 4540 3163 4592 13²

516 4640 582 4691 26
639 4646 740 4696 τοῖς
787 4638 1009 4709 σώφροσι
1053 4636 1168 4690 add.
1216 4641 1337 4689 ante
1374 4638 1587 4704 φευκταί
1624 4636 1691 4690 13²
1903 4638 1969 4690 27
2009 4638 2160 4692 αἴτιαι
2196 4658 2229 4692 a
2263 4644 2349 4707 Sp.
2565 4642 2632 4695 29
2689 4630 2904 4714 ἐνέργείά
2949 4647 2984 4698 i.
3012 4662 3056 4699 e.
3099 4647 3230 4717 ἐνερ-

513 4727 619 4795 γεία
646 4729 693 4776 V
870 4725 939 4779 30
976 4726 1027 4777 ἐν
1063 4726 1141 4795 τῷ
1176 4724 1401 4793 ἑβδόμῳ]
1442 4725 1555 4777 Eth.
1596 4725 1708 4778 Nic.
1738 4724 1849 4790 VH,
1883 4725 1962 4778 13.
2006 4726 2252 4779 1153214
2429 4728 2514 4781 30.
2551 4730 2614 4782 31
2673 4730 2966 4801 δυνήσονται
3003 4751 3034 4787 a

516 4812 577 4865 31
622 4810 922 4885 χωρίζεσθαι
960 4818 1007 4865 V
1045 4816 1157 4879 Sp.:
1196 4811 1517 4885 χωρήσεσθαι
1552 4816 1682 4869 SFG
1722 4816 1884 4867 Viet.:
1929 4815 2216 4891 χωρήσεται
2255 4836 2310 4869 a:
2365 4818 2634 4893 χωρίσεται
2669 4817 2845 4873 vich?
3098 4822 3231 4891 ἐνερ-

514 4899 687 4976 γείαις]
726 4904 847 4954 ante
883 4918 960 4965 αις
996 4900 1028 4955 2
1066 4901 1167 4955 litt.
1208 4916 1383 4954 erasae
1420 4904 1469 4957 V
