3684 5567
1234 226 1495 283 ΗΘΙΚΩΝ
1537 224 2069 283 ΠΡΟΒΛΗΜΑἹῺΝ
2109 228 2310 281 20-21
3007 232 3122 294 141

525 402 896 487 ἐνοχλεῖσθαι
928 401 989 463 ἐν
1019 402 1219 484 παιδιᾷ
1253 405 1355 463 τοῦ
1385 403 1591 464 λοιποῦ
1638 404 1891 484 καταζῆν
1940 402 2222 483 μηδεμίαν
2253 401 2539 485 ἐνέργειαν
2572 402 2831 485 σπουδῆς
2861 400 3020 470 ἀξίαν

522 506 910 591 ἐνεργοῦντας.
982 508 1062 573 ὡς
1105 505 1214 588 γὰρ
1260 504 1475 567 ἄτοπον
1520 503 1621 573 τὰς
1666 508 1780 566 τῶν
1828 504 1984 566 θεῶν
2030 504 2316 588 ἐνεργείας
2359 505 2395 587 ἢ
2444 506 2586 588 πρὸς
2631 505 2695 567 τὸ
2729 504 3017 588 χρήσιμον

524 608 721 678 αὐτοῖς
773 610 1033 691 γίνεσθαι
1087 607 1272 690 λέγειν
1318 612 1438 677 τοῖς
1485 606 1729 690 μηδενὸς
1782 607 2046 670 τοιούτου
2100 608 2420 692 δεομένοις,
2477 608 2628 671 ἀλλὰ
2671 606 2783 677 ἔξω
2829 609 3019 691 πάσης
3073 622 3101 665 5

524 711 743 780 ἐνδείας
797 713 892 774 καὶ
938 711 1148 779 παντὸς
1200 712 1425 778 πάθους
1468 708 1657 790 οὖσιν,
1710 710 1748 793 ἢ
1795 710 1854 773 ἐν
1900 713 2099 795 παιδιᾷ
2155 713 2219 773 τὸ
2273 712 2438 780 τέλος
2489 712 2685 778 αὐτοῖς
2729 710 3018 788 τίθεσθαι,

451 834 481 881 5
522 816 709 883 οὕτως
760 814 974 878 ἄτοπον
1030 815 1126 877 καὶ
1180 816 1245 877 τὸ
1306 818 1426 883 τοῖς
1478 814 1807 897 ἀνθρώποις
1862 814 2044 896 λέγειν
2101 813 2261 883 τέλος
2315 814 2458 877 εἶναι
2512 818 2626 877 τῶν
2683 814 3014 879 σπουδαίων

521 919 818 1002 ἐνεργειῶν
873 920 970 981 καὶ
1022 919 1235 987 παντὸς
1290 921 1391 979 τοῦ
1448 917 1576 1001 βίου
1636 918 1885 980 παιδιάν.
1977 919 2073 980 καὶ
2126 916 2234 1001 γὰρ
2289 918 2342 980 εἰ
2395 920 2602 986 πάντες
2653 922 2770 979 τῶν
2825 915 3015 980 ἄλλων
3047 932 3100 974 ιο

529 1024 800 1085 ἁπάντων
856 1020 1025 1106 ζῴων
1070 1020 1419 1105 διαφέρομεν
1475 1024 1561 1105 τῷ
1616 1018 1940 1103 ἐπιστήμης
1992 1044 2055 1083 τε
2110 1019 2256 1083 εἶναι
2306 1022 2554 1083 δεκτικοὶ
2608 1021 2702 1084 καὶ
2747 1018 3018 1103 αἴσθησιν

522 1125 802 1208 ἀληθείας
856 1124 1046 1210 ἔχειν,
1101 1127 1276 1208 δῆλον
1324 1128 1406 1192 ὥς
1446 1125 1545 1186 καὶ
1596 1124 1662 1187 τὸ
1716 1123 1880 1192 τέλος
1933 1120 2001 1185 ἂν
2055 1124 2195 1206 ἡμῖν
2247 1121 2340 1207 εἴη
2395 1124 2454 1185 ἐν
2512 1128 2635 1193 ταῖς
2689 1123 2813 1187 κατ’
2870 1122 3018 1185 αὐτὰ

522 1227 828 1312 ἐνεργείαις
872 1232 997 1297 ταῖς
1039 1227 1361 1310 γινομέναις
1406 1224 1543 1289 καθ’
1586 1224 1621 1288 ὅ
1664 1226 1840 1307 ἐσμεν
1872 1224 2192 1310 ἄνθρωποι,
2238 1226 2412 1309 ἐσμὲν
2459 1226 2524 1289 δὲ
2567 1225 2870 1309 ἄνθρωποι
2916 1227 3019 1309 μά-

413 1350 478 1397 10
514 1333 710 1405 λιστα,
772 1330 909 1395 καθ’
965 1331 1003 1394 ἃ
1050 1330 1397 1415 διαφέρομεν
1452 1334 1568 1393 τῶν
1624 1329 1815 1393 ἄλλων
1875 1325 2048 1415 ζῴων
2095 1330 2394 1403 ἁπάντων,
2451 1333 2630 1392 ταῦτα
2675 1325 2725 1391 δ’
2782 1326 2855 1411 ἧν
2901 1328 3016 1391 ἐπι·
3045 1316 3110 1387 125¹

517 1433 708 1519 στήμη
752 1458 817 1497 τε
862 1436 956 1498 καὶ
989 1435 1259 1518 ἀλήθεια,
1305 1431 1395 1517 <ἃ>
1440 1430 1573 1496 οὔτε
1616 1433 1676 1495 ἐν
1709 1434 1910 1516 παιδιᾷ
1957 1438 2160 1506 κεῖται,
2207 1430 2339 1495 οὔτε
2382 1432 2443 1494 ἐν
2474 1436 2593 1500 τοῖς
2636 1430 2729 1494 διὰ
2773 1433 2838 1495 τὸ
2871 1433 3013 1517 χρή-

520 1558 686 1620 σιμον
732 1538 997 1622 αἱρετοῖς.

510 1814 676 1879 XXI.
770 1812 933 1898 Περὶ
980 1815 1239 1883 αἰδοῦς.

680 1984 929 2071 Εἴρηκεν
965 1987 1066 2070 μὲν
1099 1985 1195 2049 καὶ
1226 1985 1285 2048 ἐν
1316 1990 1403 2070 τῷ
1438 1984 1692 2070 δευτέρῳ
1726 1990 1841 2049 τῶν
1876 1984 2312 2071 Νικομαχείων,
2345 1984 2430 2048 ὅτι
2463 1986 2650 2056 πάθος
2681 1985 2854 2061 ἐστίν,
2880 1985 3000 2049 ἀλλ’
3038 2002 3094 2045 20

412 2110 471 2158 15
508 2090 618 2174 οὐχ
653 2090 765 2159 ἕξις
795 2089 933 2153 οὐδὲ
965 2092 1162 2175 ἀρετή,
1210 2089 1365 2170 λέγει
1400 2090 1464 2151 δὲ
1494 2090 1591 2151 καὶ
1624 2089 1683 2151 ἐν
1715 2092 1799 2174 τῷ
1830 2091 2110 2174 τετάρτῳ,
2155 2090 2250 2152 καὶ
2297 2090 2571 2152 δείκνυσίν
2611 2112 2674 2171 γε
2705 2087 2791 2151 ὅτι
2822 2090 3012 2157 πάθος

511 2194 605 2255 διά
649 2216 711 2255 τε
742 2198 843 2256 τοῦ
890 2194 1134 2277 ὁρισμοῦ
1180 2198 1283 2275 τῆς
1328 2192 1525 2261 αἰδοῦς
1573 2193 1668 2255 καὶ
1715 2192 1810 2256 διὰ
1854 2197 1970 2255 τῶν
2017 2196 2136 2261 τοῖς
2166 2192 2526 2274 αἰδουμένοις
2558 2192 3007 2277 συμβαινόντων.

512 2295 632 2359 ἀλλ’
688 2298 816 2360 ἐκεῖ
870 2298 973 2377 μὲν
1026 2297 1325 2359 ἐπαινετὸν
1374 2292 1381 2381 Ι
1431 2295 1571 2359 αὐτὸ
1619 2296 1808 2365 πάθος
1864 2296 2054 2369 εἶπεν,
2107 2296 2361 2359 ἐνταῦθα
2404 2296 2468 2358 δὲ
2512 2298 2632 2364 τοῖς
2687 2296 2790 2377 μὲν
2833 2296 2981 2365 νέοις
3025 2303 3116 2359 271

507 2400 683 2483 φησὶν
728 2398 873 2463 εἶναι
920 2400 1148 2483 αἱρετὸν
1192 2400 1356 2480 αὐτό,
1405 2398 1548 2463 διότι
1594 2405 1699 2483 τῆς
1744 2400 1972 2483 ἡλικίας
2017 2400 2270 2485 ἐχούσης
2315 2400 2707 2482 εὖεμπτώτως
2751 2400 2892 2484 πρὸς
2939 2398 3010 2461 τὰ

504 2503 896 2586 ἁμαρτήματα
949 2504 985 2585 ἡ
1030 2504 1211 2571 αἰδὼς
1262 2506 1498 2571 πολλοῖς
1551 2503 1742 2566 αὐτῶν
1796 2504 2073 2585 ἐμποδὼν
2127 2504 2364 2584 γίνεται,
2417 2506 2536 2573 τοῖς
2590 2503 2655 2566 δὲ
2707 2502 2853 2567 κατὰ
2899 2503 3004 2585 τὴν

398 2625 467 2672 20
503 2605 726 2688 ἡλικίαν
774 2605 1195 2689 προβεβηκόσιν
1241 2605 1544 2691 ἀλλότριόν
1590 2628 1765 2690 φησιν
1822 2606 1963 2670 αὐτὸ
2018 2608 2218 2669 λοιπὸν
2264 2606 2412 2670 εἶναι
2458 2610 2544 2691 τῷ
2591 2606 2735 2669 εἶναι
2781 2608 2883 2687 μὲν
2929 2607 3004 2689 δὴ
3059 2622 3088 2663 τ»

510 2710 612 2793 τὴν
667 2710 817 2772 αἰδὼ
872 2707 1053 2793 φόβον
1108 2710 1363 2786 ἀδοξίας,
1419 2711 1515 2773 τὸν
1572 2711 1637 2773 δὲ
1680 2712 1862 2795 φόβον
1919 2715 2024 2794 τῆς
2068 2710 2296 2779 ἀδοξίας
2352 2710 2388 2792 ἢ
2445 2710 2540 2773 ἐπὶ
2592 2708 2881 2792 γεγονόσιν
2927 2710 3008 2771 αἰ-

509 2818 711 2897 σχροῖς
768 2812 805 2895 ἢ
853 2811 949 2875 ἐπὶ
1006 2813 1309 2895 μέλλουσιν
1354 2813 1613 2894 γίνεσθαι
1666 2814 1705 2895 ἢ
1753 2814 1848 2876 ἐπὶ
1907 2816 2202 2889 δοκοῦσιν,
2254 2814 2336 2875 ὧν
2382 2812 2575 2877 οὐκέτι
2619 2816 2672 2876 οἱ
2727 2814 3007 2899 προβεβη·

507 2914 670 2984 κότες
723 2914 872 2979 κατὰ
926 2916 1030 2997 τὴν
1085 2916 1309 2998 ἡλικίαν
1364 2918 1459 2979 καὶ
1515 2916 1617 2984 τὰς
1670 2916 1880 3000 ἀρετὰς
1935 2915 2171 3001 ἔχοντες
2227 2918 2548 3001 πρακτικοί.
2651 2916 2844 3001 ῥᾴδιον
2898 2919 3006 3002 γὰρ
3037 2933 3090 2974 ιο

502 3018 699 3087 αὐτοῖς
742 3018 1139 3102 φυλάττεσθαι
1192 3020 1287 3081 καὶ
1334 3018 1445 3082 ὅσα
1498 3018 1607 3081 οὐκ
1652 3017 1774 3082 ἔστι
1830 3020 1934 3098 μὲν
1990 3021 2238 3105 αἰσχρά,
2294 3022 2458 3083 δοκεῖ
2496 3021 2562 3084 δὲ
2604 3022 2864 3102 γίνεσθαι
2908 3022 3002 3084 καὶ

396 3140 462 3191 25
501 3120 649 3184 αὐτὰ
700 3121 931 3190 ἀδοξίας
985 3120 1157 3185 αἴτια.
1248 3121 1405 3190 ἄξιον
1464 3122 1539 3205 δὴ
1594 3123 1723 3205 περὶ
1778 3122 1982 3185 τούτου
2039 3123 2329 3207 διαλαβεῖν
2386 3124 2478 3185 καὶ
2537 3123 2814 3205 μάλιστα,
2877 3123 3004 3186 ἐπεὶ

502 3225 769 3307 σύνισμεν
815 3226 1013 3292 αὑτοῖς
1056 3223 1171 3308 ἤδη
1216 3224 1429 3309 ταύτην
1474 3223 1631 3309 (τὴν)
1675 3226 1905 3308 ἡλικίαν
1950 3224 2242 3308 γεγονόσιν
2289 3226 2649 3307 αἰδουμένοις
2693 3227 2879 3291 πολλὰ
2911 3228 3006 3290 καὶ
3033 3244 3087 3286 15

503 3330 795 3397 πολλάκις.
887 3328 939 3390 εἰ
985 3328 1087 3409 μὲν
1131 3325 1229 3390 οὖν
1276 3327 1347 3411 ἧν
1392 3327 1703 3411 λεγόμενον
1752 3328 1815 3389 τὸ
1860 3331 1976 3392 δεῖν
2024 3334 2402 3413 καταφρονεῖν
2449 3333 2554 3412 τῆς
2599 3329 2852 3404 ἀδοξίας,
2897 3326 3035 3393 οὐκ’

502 3430 569 3494 ἂν
614 3433 753 3514 ἡμῖν
799 3428 917 3493 ἔδει
947 3430 1155 3512 λόγων.
1231 3431 1359 3494 ἐπεὶ
1405 3428 1456 3494 δ’
1502 3431 1568 3493 οὐ
1610 3432 1763 3494 τοῦτ’
1808 3432 1959 3495 ἐστὶν
2004 3432 2069 3494 τὸ
2115 3432 2444 3514 λεγόμενον,
2492 3431 2642 3495 ἀλλὰ
2671 3439 2854 3495 κεῖται
2900 3435 3005 3517 μὲν

501 3533 589 3597 ὅτι
633 3536 727 3597 δεῖ
767 3534 1161 3617 φυλάττεσθαι
1204 3532 1311 3616 τὴν
1351 3534 1599 3609 ἀδοξίαν,
1646 3533 1707 3597 εἴ
1736 3558 1803 3617 γε
1846 3537 1885 3618 ἡ
1932 3534 2072 3605 δόξα
2117 3537 2212 3599 καὶ
2257 3536 2396 3619 τιμὴ
2444 3536 2708 3617 μέγιστον
2753 3541 2868 3599 τῶν
2913 3537 3001 3599 ἐκ·
3028 3554 3084 3597 2⁰

397 3656 464 3705 3ο
500 3637 599 3705 τὸς
642 3638 911 3720 ἀγαθῶν,
968 3636 1191 3719 λέγεται
1236 3638 1303 3700 δὲ
1346 3637 1435 3700 ὅτι
1482 3638 1687 3721 μηκέτι
1744 3640 1803 3701 ἐν
1860 3639 2060 3722 ἀδοξίᾳ
2113 3639 2358 3720 γίνονται
2411 3641 2466 3702 οἱ
2514 3642 2662 3724 μήτε
2708 3642 3001 3711 ποιοῦντές

497 3765 549 3805 τι
606 3742 848 3826 αἰσχρὸν
906 3742 1055 3825 μήτε
1108 3742 1481 3824 ποιήσαντες,
1535 3741 1797 3825 λέγοιμεν
1854 3742 1922 3805 ἄν
1978 3766 2031 3804 τι
2083 3743 2226 3825 πρὸς
2280 3742 2352 3805 τὰ
2407 3743 2710 3827 εἰρημένα,
2765 3743 2858 3827 ἐφ’
2916 3744 3003 3814 οἷς

500 3844 769 3928 σύνισμεν
823 3845 1020 3914 αὑτοῖς
1072 3845 1453 3926 αἰδουμένοις.
1553 3844 1621 3909 οὐ
1676 3845 1783 3929 γὰρ
1840 3844 2021 3911 ἔοικεν
2085 3848 2122 3929 ἡ
2180 3845 2377 3915 ἀδοξία
2443 3847 2539 3909 ἐπὶ
2594 3851 2712 3915 τοῖς
2764 3871 3002 3932 πραττο·
3029 3866 3084 3909 εὖ

390 4139 413 4189 1
454 4136 626 4207 παιδιᾷ
660 4136 856 4189 viem:
896 4134 1092 4204 παιδείᾳ
1127 4137 1248 4189 libri
1286 4138 1411 4190 item
1450 4154 1497 4191 v,
1525 4139 1572 4191 6.
1604 4137 1667 4189 17
1883 4140 2105 4209 καταζῆν
2143 4140 2352 4206 scripsi:
2391 4142 2526 4193 κατὰ
2560 4140 2652 4211 τὴν
2691 4141 2898 4195 VB¹S¹:
2937 4142 3105 4207 (εἶναι)

388 4226 518 4277 κατὰ
557 4224 743 4278 S²B²a
778 4226 866 4291 Sp.
1081 4224 1323 4294 σπουδῆς]
1370 4243 1393 4282 ς
1429 4227 1487 4278 in
1532 4226 1608 4277 lit.
1651 4230 1696 4277 V
1876 4228 1906 4279 6
1945 4226 2140 4279 παιδιάν
2181 4224 2386 4279 Vict.?:
2443 4226 2664 4281 παιδείαν
2701 4228 2822 4281 libri

388 4312 419 4364 7
456 4330 509 4364 τε
536 4314 651 4379 Sp.:
689 4330 742 4381 γε
769 4311 907 4375 libri,
947 4311 1084 4379 quod
1111 4313 1217 4364 S¹F
1244 4312 1360 4365 coll.
1387 4320 1509 4365 ante
1533 4313 1809 4384 ἐπιστήμης
1986 4314 2019 4366 8
2055 4315 2134 4385 εἴη
2172 4314 2290 4384 ἡμῖν
2325 4332 2358 4365 ει
2393 4317 2484 4381 Sp.
2667 4317 2722 4368 11
2771 4316 2846 4379 (ἃ)
2885 4316 3000 4369 οὔτε
3036 4318 3106 4370 13²

386 4402 500 4467 Sp.:
538 4399 655 4452 οὔτε
692 4398 848 4453 VS²13
888 4400 1053 4452 vien:
1092 4398 1205 4453 οὔτε
1246 4400 1279 4451 ἃ
1314 4402 1411 4454 S¹a
1621 4403 1673 4455 ἐν
1709 4408 1811 4459 τοῖς
1849 4417 1948 4453 om.
1986 4419 2018 4453 a
2247 4402 2307 4454 13
2360 4404 2472 4475 περὶ
2505 4402 2670 4461 αἰδοῦς
2706 4405 2760 4455 in
2797 4404 2877 4455 lit.
2916 4409 2964 4455 V

390 4488 454 4539 14
508 4488 561 4540 ἐν
596 4490 673 4556 τῷ
709 4486 948 4559 δευτέρῳ]
1002 4488 1117 4539 Eth.
1156 4487 1360 4551 Nie.11,
1388 4487 1436 4539 7.
1481 4489 1729 4543 1108230
1947 4488 2007 4542 15
2063 4488 2114 4541 ἐν
2161 4492 2238 4559 τῷ
2284 4492 2534 4562 τετάρτῳ]
2587 4492 2704 4544 Eth.
2742 4492 2855 4544 Nic.
2891 4493 2978 4557 IV,
3022 4492 3102 4546 15.

390 4574 643 4627 1128b10
849 4574 909 4627 19
965 4574 1142 4640 αἰδὼς]
1181 4581 1303 4629 ante
1340 4595 1362 4633 ς
1400 4592 1511 4628 una
1548 4576 1624 4629 lit.
1664 4592 1811 4630 erasa
1848 4581 1897 4628 V
2075 4576 2145 4630 20
2179 4576 2353 4631 λοιπὸν
2391 4579 2515 4631 αὑτό
2552 4595 2700 4649 φησιν
2739 4580 2861 4631 εἶναι
2886 4598 2918 4631 a
2942 4582 3030 4647 Sp.
3107 4640 3116 4647 ,

384 4661 445 4732 δὴ
483 4661 583 4714 V²t
630 4662 709 4715 διὰ
745 4662 874 4714 V¹a:
925 4678 1025 4715 om.
1062 4662 1133 4715 13²
1173 4664 1304 4716 vict.
1344 4666 1433 4731 Sp.
1626 4664 1691 4717 26
1729 4664 1959 4732 συνίσμεν
1999 4666 2068 4715 V¹
2107 4666 2182 4732 (et
2220 4682 2264 4717 v.
2292 4666 2382 4732 32)
2574 4666 2748 4719 αὒτοῖσ
2785 4671 2832 4718 V
3008 4668 3102 4737 τὴν

383 4748 505 4801 add.
531 4752 618 4817 Sp.
830 4748 1109 4817 αἰδομένοις
1136 4770 1167 4803 a
1200 4754 1289 4818 Sp.
1504 4751 1570 4803 32
1610 4752 1777 4811 αὺτοῖς
1816 4750 1987 4804 V²B²=
2025 4751 2195 4811 αὐτοῖς
2233 4754 2417 4805 VFB¹:
2456 4751 2628 4811 αὐτοῖς
2663 4754 2832 4813 αὐτοῖς
2869 4774 2925 4807 a:
2961 4753 3103 4808 αὐτοὶ

384 4835 557 4895 αὐτοῖς
594 4837 773 4891 vict?
814 4840 901 4906 Sp.
