3684 5567
555 269 634 333 10
1273 263 1725 322 ΑΛΕΞΑΝΔΡΟΥ
1761 263 2068 322 ΑΠΟΡΙΩΝ
2107 263 2231 320 ΚΑΙ
2266 263 2533 321 ΛΥΣΕΩΝ

657 462 825 524 μενον
872 441 954 525 μὴ
986 439 1254 522 γενέσθαι
1284 441 1522 504 δυνατὸν
1569 440 1650 524 μὴ
1682 418 1971 523 γενέσθαι,
2018 440 2170 506 ὥστε
2209 439 2273 501 τὸ
2305 438 2629 522 ἀναγκαίως
2657 437 2950 521 γινόμενον
2982 436 3142 502 ἔσται
3197 455 3225 496 a

653 543 888 606 δυνατὸν
936 545 1016 628 μὴ
1061 545 1348 626 γενέσθαι.

822 653 894 719 Β.
978 654 1200 740 Ὀρθῶς
1244 656 1444 738 λέγεις.

821 763 897 830 A.
967 765 1119 832 Ἀλλ’
1160 770 1213 831 εἰ
1253 769 1496 832 δυνατὸν
1543 769 1626 852 μὴ
1673 766 1943 850 γενέσθαι
1988 768 2053 830 τὸ
2098 766 2424 849 ἀναγκαίως
2466 766 2762 849 γινόμενον
2810 765 3003 846 μόνον,
3050 764 3141 846 εἴη

584 889 612 937 5
654 869 720 932 ἂν
767 871 860 932 καὶ
907 872 1143 934 δυνατὸν
1189 871 1456 954 γενέσθαι
1503 872 1568 934 τὸ
1609 871 1931 952 ἀναγκαίως
1979 870 2059 953 μὴ
2100 868 2395 952 γινόμενον
2440 869 2635 950 μόνον,
2680 867 2832 932 οὕτω
2876 893 2941 932 τε
2983 866 3144 933 ἔσται
3174 884 3228 926 1⁰

650 977 734 1056 τῷ
781 973 1102 1054 ἀναγκαίως
1143 974 1425 1058 γινομένῳ
1470 973 1752 1056 ἑπόμενον
1798 973 1865 1036 τὸ
1910 975 2239 1056 ἀναγκαίως
2285 974 2366 1056 μὴ
2412 972 2690 1054 γίνεσθαι,
2734 971 2883 1054 εἴγε
2928 975 2992 1034 τὸ
3039 973 3141 1053 μὲν

651 1077 886 1139 δυνατὸν
929 1075 1202 1158 γενέσθαι
1254 1079 1349 1140 καὶ
1395 1077 1478 1161 μὴ
1529 1075 1802 1160 γενέσθαι
1856 1076 2123 1152 δυνατόν,
2180 1077 2275 1139 ἐπὶ
2319 1077 2385 1140 δὲ
2438 1076 2618 1158 μόνου
2672 1081 2775 1138 τοῦ
2820 1074 3146 1157 ἀναγκαίως

653 1179 952 1262 γινομένου
995 1180 1060 1242 τὸ
1108 1181 1344 1244 δυνατὸν
1389 1180 1759 1264 ἀληθεύεται.
1850 1179 1918 1243 οὒ
1964 1179 2124 1249 ὄντος
2171 1179 2389 1243 ἀτόπου
2444 1177 2623 1242 ἕποιτ’
2680 1177 2747 1241 ἄν
2800 1183 2918 1247 τοῖς
2962 1179 3146 1242 πάντα
3176 1195 3228 1237 15

621 1283 912 1363 ’γίνεσθαι
957 1279 1088 1345 καθ’
1132 1284 1484 1368 εἱμαρμένην
1529 1282 1787 1365 λέγουσιν
1833 1285 1898 1346 τὸ
1945 1285 2181 1347 δυνατὸν
2222 1283 2365 1348 εἶναι
2416 1282 2590 1366 μόνον
2636 1284 2700 1345 τὸ
2744 1282 3039 1365 γινόμενον
3086 1283 3145 1351 ἐξ

557 1404 617 1451 10
654 1385 934 1469 ἀνάγκης,
988 1389 1086 1448 τοῦ
1133 1385 1193 1455 ἐξ
1237 1387 1493 1469 ἀνάγκης
1547 1387 1628 1471 μὴ
1675 1391 1775 1449 τοῦ
1831 1389 1914 1455 ὡς
1967 1387 2181 1470 βιαίου,
2233 1385 2385 1449 ἀλλὰ
2438 1386 2639 1449 τούτου
2684 1385 3146 1470 λαμβανομένου,

651 1487 720 1551 οὗ
765 1489 830 1551 τὸ
875 1489 1262 1569 ἀντικείμενον
1307 1490 1613 1564 ἀδύνατον,
1671 1490 1857 1553 καίτοι
1902 1489 2048 1552 κατὰ
2094 1487 2301 1572 μόνους
2358 1490 2491 1558 τοὺς
2533 1491 2717 1552 πάντα
2762 1489 2896 1552 καθ’
2953 1491 3145 1572 εἱμαρ-
3172 1504 3229 1546 2⁰

658 1591 832 1675 μένην
877 1591 1136 1672 γίνεσθαι
1166 1593 1434 1674 λέγοντας
1477 1593 1584 1656 οὐκ
1614 1593 1757 1657 ἄλλο
1800 1617 1855 1656 τι
1899 1599 2000 1657 τοῦ
2033 1594 2354 1674 ἀναγκαίως
2396 1593 2696 1676 γινομένου
2742 1595 2806 1656 τὸ
2850 1595 3146 1675 γινόμενον

649 1693 783 1757 οὔτε
826 1695 1120 1777 γινόμενον
1178 1694 1235 1764 ἐΕ
1291 1697 1570 1781 ἀνάγκης,
1631 1695 1751 1760 οὐδ’
1808 1695 1962 1760 ἔστιν
2014 1698 2079 1759 τὸ
2136 1698 2238 1778 μὲν
2294 1696 2353 1765 ἐξ
2406 1697 2655 1780 ἀνάγκης
2706 1695 3002 1779 γινόμενον
3066 1697 3147 1765 ὥς

650 1818 819 1880 φασιν
872 1799 938 1860 τὸ
983 1797 1279 1880 γινόμενον
1333 1798 1458 1882 βία,
1512 1799 1577 1862 τὸ
1631 1797 1682 1862 δ’
1739 1799 2062 1882 ἀναγκαίως
2112 1799 2177 1861 τὸ
2234 1798 2383 1862 κατὰ
2434 1800 2536 1882 τἠν
2590 1803 2707 1861 τῶν
2760 1801 2956 1863 αἰτίων
3011 1799 3141 1861 ἀκο·

557 1922 614 1970 15
655 1902 911 1966 λουθίαν.
1001 1905 1286 1986 γνώριμον
1331 1903 1395 1965 δὲ
1439 1905 1607 1966 τοῦτο
1664 1903 1731 1965 ἐκ
1775 1907 1877 1966 τοῦ
1926 1904 2075 1984 μηδὲ
2118 1901 2377 1983 γίνεσθαί
2419 1925 2471 1964 τι
2525 1901 2804 1966 δύνασθαι
2857 1902 2953 1987 βία
2998 1900 3133 1966 καθ’
3170 1917 3226 1960 25

649 2004 748 2074 οὓς
791 2005 929 2068 καθ’
971 2005 1324 2089 εἱμαρμένην
1368 2007 1554 2068 πάντα
1597 2007 1827 2087 γίνεται.
1916 2007 1970 2068 εἰ
2012 2005 2118 2087 γὰρ
2164 2006 2234 2068 τὰ
2278 2001 2409 2067 καθ’
2462 2007 2815 2090 εἱμαρμένην
2860 2003 3146 2091 γινόῐμενα
3183 2015 3252 2070 25

648 2107 784 2172 καθ’
839 2111 1038 2193 εἱρμὸν
1083 2111 1278 2172 αἰτίων
1323 2109 1532 2191 γίνεται
1574 2109 1670 2171 καὶ
1697 2109 1863 2171 κατὰ
1909 2109 2060 2178 τάξιν
2108 2109 2268 2172 θείαν
2314 2110 2469 2184 τινά,
2515 2109 2679 2173 οὐδὲν
2725 2110 2791 2172 δὲ
2834 2115 2950 2171 τῶν
2994 2108 3141 2172 κατὰ

645 2210 799 2280 τάξιν
842 2211 1154 2294 γινομένων
1197 2211 1464 2294 τοιαύτην
1509 2212 1605 2296 βίᾳ
1649 2211 1880 2294 γίνεται,
1926 2212 2093 2275 οὐδὲν
2139 2211 2207 2274 ἂν
2252 2217 2365 2275 τῶν
2413 2211 2548 2276 καθ’
2603 2212 2957 2298 εἱμαρμένην
3000 2235 3143 2294 γινο-

651 2315 839 2398 μένων
887 2315 982 2400 βίᾳ
1025 2315 1252 2397 γίνοιτο.
1343 2315 1438 2378 καὶ
1482 2314 1588 2397 γὰρ
1641 2313 1702 2378 εἴ
1739 2338 1885 2384 τινες
1940 2317 2021 2399 μὴ
2080 2317 2343 2379 δοκοῦσιν
2399 2321 2519 2384 τοῖς
2562 2317 2692 2400 περὶ
2749 2317 2960 2384 αὐτοὺς
3002 2339 3145 2398 γινο-
3198 2331 3227 2372 5

544 2437 612 2484 20
649 2418 840 2501 μένοις
884 2417 1240 2502 εὐαρεστεῖν,
1293 2415 1603 2480 καὶτοῦτο
1656 2417 1813 2502 παρὰ
1870 2423 1973 2502 τῆς
2024 2419 2371 2502 εἱμαρμένης
2426 2421 2519 2482 καὶ
2574 2425 2680 2503 τῆς
2724 2419 2885 2487 θείας
2926 2419 3143 2488 τάξεως

650 2518 844 2606 ἔχοιεν
891 2519 980 2582 ἄν.
1065 2520 1122 2582 τί
1159 2520 1268 2604 γὰρ
1311 2519 1454 2583 ἄλλο
1508 2520 1690 2601 λέγειν
1746 2519 1868 2583 οἷόν
1918 2543 1982 2583 τε
2037 2525 2156 2588 τοῖς
2209 2523 2393 2586 πάντα
2445 2522 2705 2604 λέγουσιν
2759 2523 2830 2586 τὰ
2876 2524 3144 2605 γινόμενα

652 2622 912 2704 γίνεσθαι
955 2624 1104 2686 κατά
1132 2645 1284 2691 τινας
1315 2622 1727 2706 ἀπαραβάτους
1770 2622 1953 2691 αἰτίας
2000 2624 2093 2686 καὶ
2136 2629 2303 2687 τοῦτο
2337 2625 2716 2707 ὀνομάζουσιν
2761 2625 3141 2710 εἱμαρμένην;
3172 2641 3228 2684 ιο

643 2726 710 2789 τὸ
755 2726 862 2809 γὰρ
909 2725 1090 2808 λέγειν
1126 2723 1280 2808 “r->jv
1326 2726 1680 2809 εἱμαρμένην
1726 2731 1909 2790 ποιεῖν
1955 2750 2079 2790 τινα
2124 2733 2388 2804 τοιαῦτα,
2436 2729 2473 2792 ἃ
2518 2731 2699 2813 χωρὶς
2744 2729 2869 2814 βίας
2912 2729 2982 2792 οὐ
3028 2729 3144 2792 πεί-

652 2849 814 2892 σεται
865 2833 984 2897 τοῖς
1035 2827 1314 2902 αἰτίοις”,
1379 2831 1737 2891 παντάπασιν
1793 2829 2092 2916 ἀλλότριον
2150 2831 2219 2894 ἂν
2266 2833 2410 2896 εἶναι
2462 2831 2617 2900 δόξαι
2684 2832 2847 2900 θείας
2899 2831 3139 2901 τάξεως·

541 2952 606 3001 25
644 2933 874 2995 πάντων
921 2931 1035 3016 (δὲ)
1081 2930 1218 2995 καθ’
1261 2931 1611 3014 εἱμαρμένην
1657 2932 1972 3016 γινομένων
2019 2935 2329 3018 ἀναιρεῖται
2376 2937 2440 2998 τὸ
2487 2935 2582 3020 βία
2627 2959 2677 2997 τι
2718 2936 3001 3018 γίνεσθαι·
3048 2933 3141 3018 εἴη

644 3036 752 3122 γὰρ
797 3035 866 3100 ἂν
911 3037 1006 3099 καὶ
1053 3039 1220 3098 τοῦτο
1278 3033 1413 3099 καθ’
1469 3034 1824 3119 εἱμαρμένην
1880 3037 2033 3106 τάξιν
2088 3042 2169 3107 ὡς
2222 3039 2573 3122 προείρηται.
2664 3039 2809 3102 κατὰ
2860 3038 2969 3123 γὰρ
3014 3037 3147 3107 τοὺς
3172 3053 3226 3096 16

645 3143 798 3203 οὕτω
844 3139 1111 3220 λέγοντας
1155 3141 1339 3202 πάντα
1383 3139 1641 3222 γίνεσθαι
1686 3139 1783 3200 καὶ
1829 3138 1972 3202 αὐτὸ
2018 3141 2082 3203 τὸ
2130 3141 2211 3223 μὴ
2244 3141 2557 3224 βούλεσθαι
2600 3139 2846 3204 ἕπεσθαι
2890 3145 2977 3224 τῷ
3024 3165 3140 3205 ποι·

648 3247 801 3306 οὖντι
853 3241 1014 3305 ἔσται
1069 3242 1205 3304 καθ’
1273 3243 1655 3326 εἱμαρμένην,
1725 3239 1887 3310 ὅπως
1942 3241 2009 3304 οὐ
2062 3246 2418 3306 παντάπασιν
2480 3241 2687 3326 ἄλογον
2741 3243 2923 3328 λέγειν
2978 3269 3145 3328 κατη-

647 3347 970 3427 ναγκάσθαι
1023 3346 1178 3414 τινὰς
1233 3345 1344 3408 ὑπό
1399 3369 1565 3408 τινων
1621 3345 2257 3430 προκαταβεβλημένων
2312 3346 2508 3409 αἰτίων
2566 3347 2967 3430 ἀντιπράσσειν
3029 3353 3143 3416 τοῖς
3170 3365 3228 3407 ω

544 3469 613 3517 3ο
651 3450 975 3532 ἀναγκαίως
1020 3448 1344 3532 ἑσομένοις;

818 3558 890 3624 Β.
973 3558 1375 3641 Ἀλογώτατον
1423 3561 1524 3645 μὲν
1572 3560 1691 3624 οὖν.

818 3679 890 3744 Α.
980 3676 1098 3744 Καὶ
1141 3680 1250 3765 γὰρ
1295 3679 1379 3744 ἔτι
1424 3683 1568 3765 πρὸς
1622 3681 1871 3760 τούτοις,
1928 3679 1979 3742 εἰ
2023 3677 2093 3740 τὰ
2137 3677 2273 3740 καθ’
2329 3681 2681 3765 εἱμαρμένην
2736 3682 3001 3764 γινόμενα
3048 3686 3143 3747 καὶ

539 4007 570 4059 2
607 4006 818 4060 δυνατὸν
844 4009 1055 4059 VFBR:
1095 4005 1335 4058 ἀδύνατον
1362 4007 1531 4060 GSLa
1555 4006 1642 4074 Sp.
1804 4004 1836 4056 3
1876 4003 2119 4074 ὀρθῶς-
2137 4001 2361 4073 γενέσθαι
2387 4003 2464 4070 (4)
2492 4019 2591 4057 om.
2616 4007 2659 4056 1³·
2826 4005 2857 4056 4
2897 4003 3104 4058 δυνατόν
3132 4009 3252 4060 VB:

542 4094 784 4147 ἀδύνατον
813 4097 1023 4147 SLFGa
1049 4093 1160 4162 Sp.:
1201 4094 1271 4163 μὴ
1299 4091 1508 4145 δυνατόν
1535 4097 1582 4146 R
1761 4093 1915 4159 μόνον
1953 4107 2051 4144 om.
2074 4095 2119 4145 R
2288 4091 2317 4144 5
2356 4092 2642 4159 ἀναγκαίως
2676 4091 2748 4144 13²
2784 4095 2924 4145 coni.
2958 4093 3070 4157 Spa
3109 4094 3253 4163 ἀναγ·

541 4189 685 4234 καῖον
724 4181 842 4233 libri
1027 4181 1056 4232 6
1095 4179 1335 4251 γίνεσθαι]
1383 4179 1610 4249 γενέσθαι
1655 4200 1686 4232 ιι
1864 4179 1939 4248 γε]
1990 4198 2045 4232 τε
2094 4183 2137 4232 R
2314 4180 2348 4232 8
2393 4179 2609 4232 fortasse
2658 4180 2845 4233 ἀτόπου
2890 4181 3255 4254 (ἀτοπώτερον)

539 4272 602 4339 γε’
616 4265 767 4322 νοιτ”
808 4267 866 4320 ἂν
901 4268 964 4321 cf.
1006 4268 1038 4319 1.
1065 4285 1107 4320 e.
1141 4284 1190 4335 p.
1219 4267 1319 4320 624
1529 4269 1591 4321 10
1637 4268 1883 4337 ἀνάγκης]
1920 4287 1979 4320 να
2016 4269 2073 4320 in
2112 4268 2187 4320 lit.
2220 4273 2267 4320 V
2452 4267 2512 4318 12
2550 4267 2757 4337 λέγοντα
2782 4266 3001 4336 γίνεσθαι
3026 4269 3188 4324 οὺκΒ

545 4355 608 4410 13
647 4353 760 4408 οὔτε
798 4356 1052 4425 γινόμενον
1096 4357 1411 4408 vB¹S¹RL1
1463 4354 1578 4408 οὔτε
1615 4356 1673 4409 τὸ
1710 4357 1967 4425 γινόμενον
2001 4355 2190 4409 B²s²a
2228 4357 2339 4423 Sp.:
2389 4357 2607 4409 sortasse
2642 4355 2729 4408 ἅτε
2766 4359 3025 4425 γινόμενον
3050 4362 3094 4412 Β

545 4444 605 4496 15
647 4442 728 4512 βία
757 4447 804 4495 V
989 4443 1049 4494 16
1089 4445 1249 4494 πάντα
1285 4443 1515 4511 γινόμενα
1549 4447 1592 4496 R
1775 4445 1834 4495 18
1874 4441 1931 4494 ἂν
1966 4450 2069 4494 τῶν
2106 4443 2187 4509 (ἂν
2224 4450 2299 4495 τῶ
2329 4444 2412 4495 m²
2438 4445 2495 4496 in
2522 4444 2710 4509 lit.)B:
2748 4443 2935 4497 θᾶττον
2962 4443 2970 4514 Ι
2998 4449 3118 4498 VR:
3160 4445 3255 4516 ἄρα

538 4530 626 4584 τὸν
665 4535 728 4582 F:
785 4531 880 4596 ἄρα
923 4537 1025 4582 τῶν
1066 4534 1230 4584 GSLa
1271 4532 1358 4598 Sp.
1581 4531 1658 4584 18.
1700 4531 1762 4581 19
1816 4529 2076 4598 γινόμενον
2114 4548 2145 4581 a
2363 4532 2423 4582 19
2482 4531 2672 4600 γένοιτο
2710 4551 2741 4582 a
2952 4532 3013 4584 21
3056 4533 3159 4584 οἶόν
3196 4551 3253 4585 τε

539 4621 790 4674 B²GFLa
825 4619 940 4685 Sp.:
997 4619 1184 4670 οἱονται
1239 4621 1312 4670 sit·
1354 4624 1426 4670 V:
1483 4619 1670 4671 οἴονται
1715 4619 1842 4671 B¹R
2064 4617 2148 4669 23.
2189 4618 2255 4670 24
2310 4619 2525 4670 πείσεται
2572 4621 2779 4672 FGS¹L
2824 4620 2941 4687 Sp.:
2998 4617 3253 4672 πείσεσθαι

537 4707 786 4760 ,vBRS2a
965 4706 1030 4758 24
1068 4703 1206 4764 δόξαι
1242 4707 1312 4758 B²
1349 4708 1482 4758 coni.
1523 4707 1636 4774 Sp.:
1677 4705 1794 4775 δόξῃ
1833 4707 2036 4757 VB¹R=
2076 4703 2209 4764 δόξει
2234 4709 2399 4758 GSLa
2576 4705 2643 4757 ‘25
2680 4705 2731 4757 δὲ
2757 4708 2925 4758 v²BR
2967 4707 3125 4759 vien:
3166 4706 3255 4759 οὖν

541 4798 613 4847 G:
653 4811 751 4844 om.
781 4796 840 4842 Ψ
862 4797 1019 4847 LFSa
1181 4792 1247 4844 26
1283 4793 1376 4861 τὴν
1413 4793 1549 4851 τάξιν
1576 4794 1705 4843 vict.
1871 4794 1938 4845 '28
1976 4791 2113 4850 ὅπως
2140 4795 2421 4845 VFB'LR:
2463 4793 2489 4845 ὃ
2528 4781 2639 4851 πῶς
2660 4795 2878 4847 (33²8ae
2916 4794 3135 4848 fortasse
3170 4797 3259 4847 ’καὶ

540 4888 650 4938 πῶς
825 4881 890 4934 29
929 4883 1273 4951 ἀντιπράττειν
1310 4899 1341 4934 a
1520 4880 1588 4934 30
1631 4880 1879 4948 ἐσομένοις
1915 4883 2031 4932 RB:
2073 4882 2327 4948 ἑσομένοισ
2360 4884 2430 4932 V:
2470 4883 2726 4950 ἑπομένοις
2762 4883 2923 4934 SLGa
2964 4883 3053 4949 Sp.
