3684 5567
1185 226 1348 297 HEP‘I
1387 238 1706 296 ΚΡΑΣΕΩΣ
1743 239 1866 296 ΚΑΙ
1904 240 2257 299 ΑΥΞΗΣΕΩΣ
2300 245 2430 298 1--2
3030 249 3153 315 215

556 411 744 494 μένων
790 411 851 476 ἐν
895 418 968 497 τῇ
1017 414 1310 500 διαιρέσει,
1379 415 1498 478 ἀλλ’
1554 416 1966 501 ἀναλυομένων
2035 417 2117 486 εἰς
2180 416 2253 479 τὰ
2319 424 2579 504 στοιχεῖα
2632 419 2727 482 καὶ
2772 417 2872 489 τὰς
2918 417 3047 482 ἀτό-
3075 437 3129 480 25

557 539 720 600 μους,
766 515 827 585 ἐξ
871 518 954 579 ὧν
997 516 1239 582 ἕκαστον
1284 519 1474 583 αὐτῶν
1522 520 1889 603 συγκείμενόν
1935 544 2060 590 πως
2105 520 2168 582 τὸ
2223 521 2327 601 μὲν
2358 520 2508 590 οἶνος
2538 518 2631 604 ἧν,
2675 521 2741 584 τὸ
2774 522 2839 584 δὲ
2869 522 3044 605 ὕδωρ,

552 619 617 681 τὸ
661 620 725 682 δὲ
770 619 920 702 μέλι,
971 622 1039 684 τὸ
1083 621 1147 684 δὲ
1191 620 1334 686 ἄλλο
1378 645 1450 694 τι,
1518 619 1717 684 ἔπειτα
1760 627 1900 707 ποιᾷ
1943 621 2162 686 τούτων
2206 628 2321 686 τῶν
2366 625 2676 706 σωμάτων,
2743 624 2802 692 ἐξ
2849 626 2929 686 ὧν
2976 624 3046 710 ἧν

551 721 622 786 τὰ
666 726 979 806 κιρνάμενα
1022 725 1164 807 πρὸς
1207 724 1455 809 ἄλληλα,
1525 723 1792 788 συνθέσει
1856 727 2185 806 γεννώντων
2242 727 2304 789 τὸ
2350 726 2698 808 κεκραμένον
2747 727 2753 811 Ι
2805 731 2995 810 σῶμα,
3046 737 3149 792 592

481 844 512 893 5
550 825 1030 910 συμμιγνυμένων
1075 825 1238 911 <οὐχ>
1283 826 1490 897 ὕδατός
1533 851 1596 890 τε
1638 828 1734 890 καὶ
1779 825 1963 904 οἴνου,
2032 828 2183 892 ἀλλὰ
2226 832 2341 892 τῶν
2396 829 2717 913 ὑδροποιῶν
2787 829 3041 913 ἀτόμων,

551 937 634 1002 ὥς
675 931 746 995 ἂν
789 932 944 997 εἴποι
986 957 1088 1010 τις,
1135 939 1260 1004 ταῖς
1301 935 1629 1008 οἰνοποιοῖς,
1697 935 1897 1019 φθορᾷ
1926 957 1990 998 τε
2034 936 2130 999 καὶ
2194 937 2413 1019 γενέσει
2471 941 2640 999 τινῶν
2694 938 2797 1020 τὴν
2843 941 3042 1020 κρᾶσιν

556 1035 816 1117 γίνεσθαι
873 1036 1084 1119 λέγων·
1153 1034 1246 1121 <ἡ>
1287 1037 1398 1122 γὰρ
1441 1039 1523 1107 εἰς
1566 1037 1636 1100 τὰ
1682 1041 1945 1121 στοιχεῖα
1987 1038 2259 1108 ἀνάλυσις
2302 1041 2546 1103 ἑκάστου
2592 1042 2688 1103 καὶ
2730 1042 2768 1124 ἡ
2815 1041 2883 1104 ἐκ
2926 1043 3042 1102 τῶν

549 1139 854 1224 στοιχείων
885 1139 1153 1209 σύνθεσις
1197 1139 1390 1204 αὐτῶν
1433 1141 1523 1224 (τὸ
1571 1141 1673 1222 μὲν
1717 1139 1980 1224 γένεσις),
2024 1140 2089 1202 τὸ
2135 1143 2199 1204 δὲ
2236 1144 2449 1226 φθορά.
2524 1143 2740 1206 τούτων
2788 1143 2891 1226 μὲν
2939 1141 3039 1207 οὖν
3093 1159 3121 1200 5

549 1238 682 1305 οὔτε
726 1243 780 1305 οἱ
825 1242 930 1326 τὴν
974 1243 1294 1328 παράθεσιν
1361 1243 1692 1326 αἰτιώμενοι
1737 1248 1841 1326 τῆς
1886 1245 2149 1325 κράσεως
2198 1243 2331 1308 οὔθ’
2385 1247 2439 1308 οἱ
2484 1248 2588 1329 τὴν
2642 1247 2723 1316 εἰς
2777 1246 2848 1308 τὰ
2892 1267 3040 1309 στοι-

453 1365 517 1412 ιο
552 1350 689 1430 χεῑα
735 1345 1004 1410 ἀνάλυσιν
1049 1347 1154 1429 τὴν
1199 1347 1328 1430 περὶ
1374 1346 1478 1429 τὴς
1522 1348 1786 1431 κράσεως
1816 1348 2073 1418 σώζουσι
2118 1347 2422 1432 πρόληψιν,
2468 1345 2527 1411 εἴ
2560 1372 2627 1430 γε
2668 1351 2707 1432 ἡ
2756 1349 2859 1432 μὲν
2901 1352 3039 1433 κρᾶ-

551 1468 636 1517 σις
679 1446 824 1511 εἶναι
868 1450 1030 1512 δοκεῖ
1070 1449 1131 1512 ἐν
1176 1449 1384 1513 ἑνώσει
1425 1453 1542 1512 τῶν
1587 1449 1977 1534 κεκραμένων,
2026 1452 2107 1518 ὡς
2150 1451 2329 1532 μηδὲν
2376 1452 2573 1533 μόριον
2619 1455 2720 1515 τοῦ
2749 1453 3041 1536 κράματος

545 1549 783 1634 ἄμικτον
827 1551 978 1616 εἶναί
1015 1575 1167 1622 τινος
1209 1555 1326 1616 τῶν
1371 1554 1681 1634 σωμάτων,
1727 1552 1786 1621 ἐξ
1832 1552 1915 1614 ὧν
1960 1554 2025 1616 τὸ
2071 1553 2442 1636 κεκραμένον,
2488 1551 2621 1616 οὔτε
2664 1555 2730 1617 δὲ
2771 1555 2809 1638 ἡ
2858 1555 3037 1638 παρά·
3067 1570 3121 1612 ιο

547 1654 710 1724 θεσις
753 1655 976 1732 ἕνωσις,
1023 1653 1158 1718 οὔτε
1201 1657 1240 1739 ἡ
1287 1655 1484 1740 φθορά
1527 1679 1588 1718 τε
1632 1657 1726 1718 καὶ
1772 1655 2252 1741 ἀναστοιχείωσις
2298 1657 2444 1741 μῖξίς
2488 1657 2635 1722 ἐστι·
2682 1659 2721 1740 ἡ
2750 1658 2859 1742 γὰρ
2893 1656 3038 1742 μῖξις

547 1757 898 1841 σωζομένων
942 1757 1214 1842 γενέσθαι
1257 1759 1434 1823 δοκεῖ.
1510 1759 1579 1822 οὐ
1623 1757 1732 1842 γὰρ
1775 1757 1923 1822 αὐτὰ
1970 1759 2292 1842 μιγνύουσιν
2340 1761 2392 1822 οἱ
2437 1764 2637 1823 τοῦτον
2682 1761 2781 1824 τὸν
2824 1760 3035 1846 τρόπον

440 1881 504 1928 15
541 1863 646 1944 τὴν
713 1865 916 1946 κρᾶσιν
971 1862 1228 1941 γίνεσθαι
1293 1861 1575 1944 λέγοντες,
1644 1858 1762 1924 ἀλλ’
1819 1861 1880 1930 ἐξ
1924 1862 2005 1924 ὧν
2058 1861 2178 1924 ἐστι
2231 1866 2407 1925 ταῦτα
2451 1862 2643 1926 ἐκεῖνα
2690 1864 3033 1947 μιγνύουσιν.

543 1965 597 2027 εἰ
636 1965 702 2028 δὲ
746 1964 812 2026 ἐκ
855 1967 972 2027 τῶν
1017 1963 1206 2027 αὐτῶν
1279 1965 1583 2049 στοιχείων
1651 1963 1772 2027 οἷόν
1818 1986 1882 2026 τε
1926 1965 2030 2028 καὶ·
2089 1965 2245 2049 ὕδωρ
2299 1967 2393 2028 καὶ
2449 1965 2603 2028 οἶνον
2647 1966 2916 2049 γενέσθαι
2960 1971 3033 2051 τῇ
3066 1983 3118 2024 ιε

547 2070 684 2150 ποιᾷ
731 2066 996 2131 συνθέσει
1042 2089 1106 2129 τε
1151 2067 1245 2130 καὶ
1291 2071 1616 2152 περιπλοκῇ
1685 2073 1788 2150 τῆς
1832 2071 1949 2130 τῶν
1992 2067 2303 2150 γινομένων
2372 2067 2431 2138 ἐξ
2496 2066 2689 2132 αὐτῶν
2755 2071 3035 2155 διαφορᾶς

543 2169 919 2253 γεννωμένης,
965 2167 1090 2234 οὐδ’
1133 2171 1286 2239 ὅλως
1332 2167 1399 2233 ἄν
1443 2168 1527 2233 ἔτι
1572 2174 1770 2254 κρᾶσις
1813 2170 2035 2234 τούτων
2064 2171 2273 2253 γίνοιτο
2319 2175 2403 2256 τῷ
2436 2175 2511 2254 τῇ
2558 2171 3036 2258 ἀναστοιχειώσει

543 2273 890 2357 φθείρεσθαι
936 2277 1135 2344 ταῦτα,
1180 2269 1313 2336 καθ’
1371 2273 1409 2336 ἃ
1452 2275 1491 2357 ἡ
1537 2277 1737 2358 κρᾶσις
1785 2277 1903 2336 τῶν
1948 2273 2303 2357 κιρναμένων
2358 2274 2585 2355 γίνεται.
2672 2277 2885 2358 γίνεται
2928 2277 3031 2358 μὲν

435 2395 509 2444 20
542 2375 650 2460 γὰρ
696 2378 733 2460 ἡ
780 2380 982 2460 κρᾶσις
1046 2372 1452 2462 διαΙφερόντων
1505 2381 1673 2439 τινῶν
1718 2377 1867 2440 κατὰ
1922 2375 2217 2460 ποιότητα,
2286 2377 2598 2462 ἀναιρεῖται
2652 2379 2716 2441 δὲ
2760 2381 2798 2462 ἡ
2846 2381 2991 2444 κατὰ
3038 2391 3141 2447 593

544 2483 711 2542 τοῦτο
779 2478 1027 2564 διαφορὰ
1092 2485 1211 2549 τοῖς
1264 2476 1497 2563 ἔχουσιν
1555 2479 1735 2562 αὐτὴν
1793 2479 1855 2542 ἐν
1900 2483 1972 2562 τῇ
2020 2485 2135 2542 τῶν
2180 2479 2371 2542 αὐτῶν
2424 2485 2562 2565 ποιᾷ
2618 2481 2889 2545 συνθέσει
2932 2489 3034 2568 τῆς

543 2580 875 2650 συνθέσεως
919 2581 1112 2646 αὐτῶν
1145 2581 1563 2667 ἀναιρεθείσης.
1632 2581 1679 2664 †
1715 2581 1746 2644 ὃ
1780 2581 1919 2651 ἴσως
1946 2583 2011 2644 δὲ
2054 2583 2150 2645 καὶ
2196 2587 2315 2651 τοῖς
2360 2581 2420 2652 ἐξ
2464 2583 2751 2646 ἐπιπέδων
2796 2592 3035 2667 γεννῶσι

541 2685 612 2748 τὰ
658 2687 904 2767 σώματα
948 2687 987 2769 ἡ
1035 2689 1234 2770 κρᾶσις
1277 2685 1489 2768 γίνεται
1543 2685 1690 2748 κατὰ
1758 2685 2234 2770 ἀναστοιχείωσίν
2301 2709 2443 2749 τινα.
2532 2687 2584 2750 εἰ
2652 2687 2755 2769 μὲν
2809 2686 2907 2751 οὖν
2962 2689 3033 2774 ἧν
3087 2709 3116 2751 5

543 2785 766 2873 ἔχουσά
807 2812 861 2851 τι
905 2791 1013 2874 ἥδε
1056 2790 1095 2873 ἡ
1143 2791 1273 2873 περὶ
1316 2793 1431 2851 τῶν
1479 2789 1682 2874 ἀρχῶν
1727 2787 1865 2858 δόξα
1908 2785 2165 2869 εὔλογον,
2224 2787 2362 2856 ἴσως
2406 2787 2501 2850 ἐπὶ
2545 2789 2719 2851 πλέον
2765 2788 2883 2853 ἔδει
2929 2793 3033 2875 τὴν

430 2911 500 2960 25
537 2891 788 2962 ἐξέτασιν
853 2891 1147 2956 ποιεῖσθαι
1211 2897 1317 2974 τῆς
1381 2896 1580 2955 τοῦτον
1648 2892 1746 2953 τὸν
1792 2889 2004 2973 τρόπον
2072 2891 2329 2972 γίνεσθαι
2380 2891 2695 2975 λεγομένης
2750 2895 3031 2977 κράσεως,

541 2994 929 3079 ἐλεγχομένης
971 2995 1036 3058 δὲ
1081 2995 1303 3079 ἐκείνης
1347 2995 1607 3079 περιττὸν
1653 2995 1719 3056 τὸ
1767 2998 1957 3077 ζητεῖν
2004 2991 2109 3069 ἔτι,
2174 2994 2224 3056 εἰ
2269 2994 2415 3057 κατὰ
2470 2995 2789 3078 παράθεσιν
2837 3003 3029 3082 μερῶν

535 3097 574 3180 ἢ
621 3097 766 3180 μῖξιν
813 3097 1046 3181 ἀτόμων
1115 3097 1154 3181 ἢ
1201 3096 1487 3160 ἐπιπέδων
1536 3099 1575 3180 ἦ
1620 3097 1855 3179 ἀμερῶν
1900 3120 2067 3160 τινων
2114 3098 2404 3180 σωμάτων
2472 3099 2509 3181 ἡ
2556 3101 2756 3180 κρᾶσις
2798 3100 3029 3181 γίνεται.

537 3201 625 3263 διὸ
670 3202 801 3286 περὶ
847 3201 952 3281 μὲν
995 3206 1099 3284 τῆς
1142 3205 1262 3262 τῶν
1305 3199 1589 3268 τοιαύταις
1659 3201 1872 3285 ἀρχαῖς
1915 3199 2238 3284 χρωμένων
2286 3200 2597 3284 διαφωνίας
2641 3225 2703 3264 τε
2748 3204 2891 3286 πρὸς
2933 3205 3028 3266 α’λ-
3058 3221 3111 3263 ιο

534 3305 746 3388 λήλους
811 3305 906 3368 καὶ
972 3302 1142 3387 δόξης
1204 3303 1335 3386 περὶ
1389 3303 1652 3385 κράσεως
1707 3303 1875 3366 οὐδὲν
1932 3305 2024 3366 δεῖ
2074 3303 2345 3387 μηκύνειν
2389 3303 2487 3366 τὸν
2532 3302 2718 3385 λόγον.
2809 3304 2877 3367 οὐ
2919 3307 3028 3390 γὰρ

430 3426 500 3475 30
536 3407 796 3476 ἐπίδειξις
839 3409 976 3491 ἡμῖν
1023 3405 1275 3488 ἱστορίας
1317 3407 1412 3470 καὶ
1457 3409 1677 3488 πολλῆς
1721 3409 1994 3489 γνώσεως
2039 3407 2104 3469 τὸ
2149 3405 2545 3490 προκείμενον,
2603 3404 2722 3471 ἀλλ’
2778 3407 3029 3478 ἐξέτασίς

534 3533 596 3574 τε
639 3511 735 3574 καὶ
782 3509 1017 3594 ζήτησις
1061 3513 1184 3582 τοῦ,
1230 3513 1356 3576 πῶς
1401 3507 1470 3573 ἄν
1515 3532 1596 3578 τις
1641 3509 1824 3592 λέγων
1869 3508 2129 3592 γίνεσθαι
2175 3509 2276 3578 τὰς
2320 3511 2554 3592 κράσεις
2582 3513 2698 3572 τῶν
2731 3513 3019 3594 σωμάτων

534 3617 859 3698 συμφώνως
927 3611 1085 3694 λέγοι
1150 3617 1274 3680 ταῖς
1339 3615 1470 3697 περὶ
1521 3612 1712 3676 αὐτῶν
1773 3612 2087 3696 αἰσθήσεσί
2129 3635 2191 3674 τε
2234 3612 2330 3676 καὶ
2374 3617 2591 3681 κοιναῖς
2644 3614 3023 3698 προσλήψεσι.
3053 3632 3107 3675 15

423 3883 450 3934 1
490 3881 583 3946 εἰς]
618 3881 662 3934 εἰ
695 3899 750 3933 a:
790 3879 840 3938 ἐς
864 3883 910 3933 R.
1086 3878 1118 3931 3
1156 3877 1324 3930 ἔπειτα
1364 3877 1483 3947 ποιᾷ
1518 3877 1728 3941 Usener,
1765 3879 1832 3940 qf.
1861 3877 2113 3946 Epicurea
2144 3895 2197 3941 p.
2222 3875 2441 3941 207,13:
2479 3875 2559 3928 ἐπὶ
2596 3877 2657 3929 τὰ
2694 3879 2812 3932 ποιὰ
2848 3879 2966 3933 libri

420 3971 456 4022 4
506 3975 651 4038 σῶμα
700 3968 804 4032 (οὐ)
845 3967 1010 4020 Ideler
1174 3963 1206 4016 5
1244 3965 1656 4032 συμμιγνυμένων
1694 3963 1834 4037 (οὐχ)
1872 3965 2067 4018 Usener
2276 3982 2331 4016 τε
2370 3979 2409 4016 s.
2435 3981 2485 4016 v.
2524 3970 2569 4016 A
2784 3967 2814 4018 6
2862 3965 3031 4040 φθορᾷ
3072 3987 3129 4022 τε

420 4057 644 4112 Usener:
700 4054 908 4126 φθοραῖς
955 4054 1075 4107 libri
1256 4050 1286 4102 7
1331 4052 1364 4121 ἠ
1416 4052 1532 4104 add.
1575 4052 1766 4105 Usener
1944 4050 2173 4109 ἀνάλυσις
2210 4051 2429 4104 Usener:
2467 4050 2725 4112 ἀναλύσεις
2762 4054 2881 4107 libri
3068 4058 3125 4128 ἡ]

419 4145 552 4198 ἐστιν
595 4143 758 4200 Ideler
968 4140 1000 4192 8
1053 4139 1112 4192 τὸ
1162 4140 1252 4208 μὲν
1301 4140 1484 4207 γένεσις
1530 4139 1644 4191 add.
1688 4140 1881 4192 Usener
2091 4139 2151 4191 τὸ
2187 4139 2285 4192 del.
2327 4139 2491 4191 Ideler
2702 4139 2867 4210 φθορά
2904 4143 3121 4197 Usener:

421 4230 600 4302 φθεῖρα
638 4233 837 4283 Aona:
893 4227 1092 4299 φθεῖραι
1128 4230 1244 4282 BP:
1301 4224 1506 4298 φθεῖρας
1542 4229 1578 4279 S
1791 4225 1822 4276 9
1862 4224 1978 4278 οὔθ’
2013 4227 2058 4278 οἱ
2096 4227 2281 4280 Ideler:
2321 4225 2457 4279 οὗτοι
2493 4225 2612 4279 libri
2795 4229 2857 4281 10
2894 4231 3124 4286 ἀνάλυσιν

418 4319 605 4372 ldeler:
644 4319 738 4370 ἀνά
773 4318 893 4369 libri
1036 4315 1086 4367 εἶ
1116 4315 1194 4384 γε]
1233 4314 1329 4367 εἴτε
1355 4318 1462 4368 Βει’
1582 4315 1638 4365 11
1681 4315 1977 4383 κράμματος
2014 4317 2093 4367 Ra
2274 4314 2335 4366 12
2373 4313 2425 4366 δὲ
2463 4315 2671 4383 scripsi:
2719 4314 2781 4385 δὴ
2818 4317 2935 4369 libri

424 4407 488 4460 13
525 4406 699 4463 ἔνωσις
735 4423 766 4458 a
952 4403 1077 4468 ἐστι]
1116 4402 1188 4454 ἔτι
1223 4407 1356 4456 ARa
1574 4401 1632 4454 15
1688 4402 1855 4454 ἐκεῖνα
1893 4417 1991 4453 om.
2030 4400 2194 4454 Ideler
2408 4401 2471 4452 16
2508 4418 2585 4470 pr.
2624 4404 2712 4455 καὶ
2752 4419 2852 4456 om.
2892 4405 3055 4458 ldeler

423 4495 484 4546 17
531 4494 648 4546 ποιὰ
691 4513 719 4544 a
863 4491 1121 4561 διαφορᾶς]
1177 4488 1450 4560 διαφθορᾶς
1496 4493 1572 4543 Ra
1788 4489 1853 4541 18
1896 4491 2231 4560 γεννωμένης]
2281 4491 2546 4559 γενομένης
2593 4490 2757 4543 ldeler
2944 4495 3005 4546 19
3044 4511 3121 4564 pr.

419 4583 604 4652 γίνεται
649 4597 749 4635 om.
794 4585 838 4634 B
1019 4578 1084 4631 22
1141 4577 1168 4630 8
1207 4578 1350 4647 ἴσως]
1390 4578 1578 4646 ὁμοίως
1613 4577 1757 4630 Diels
1795 4579 1949 4631 bene:
2008 4577 2126 4635 ἴσως
2164 4577 2327 4630 ldeler
2503 4577 2569 4631 26
2615 4578 2832 4648 ἐκείνης]
2868 4599 2930 4650 ης
2966 4583 3123 4650 periit

415 4671 475 4722 in
503 4674 557 4722 'A
768 4668 836 4721 28
873 4667 1003 4737 περὶ]
1041 4667 1174 4737 παρὰ
1199 4669 1375 4719 BCPS
1589 4665 1679 4732 μὲν
1717 4665 1804 4717 οὖν
1841 4671 1935 4735 τῆς
1968 4669 2047 4718 Ra
2259 4665 2324 4717 29
2369 4665 2588 4719 fortasse
2624 4665 2773 4736 δόξης
2808 4670 2941 4737 (τῆς)

417 4755 678 4827 μηκύνειν]
729 4753 931 4824 μηνύειν
975 4773 1006 4805 ιι
1215 4752 1324 4818 τὸν]
1361 4753 1420 4806 τὸ
1460 4756 1554 4805 ΑΒ
1735 4753 1804 4805 30
1838 4752 2027 4820 πολλῆς
2060 4755 2203 4806 SRa:
2241 4751 2441 4805 πολλῶν
2469 4755 2655 4807 ΑΒΟΡ
2833 4755 2892 4807 31
2937 4755 3122 4826 λέγων]

414 4844 571 4914 λέγειν
605 4849 688 4899 Ra
907 4841 1127 4917 κράσεις]
1175 4857 1273 4902 σεις
1325 4843 1539 4898 evanuit
1585 4843 1642 4894 in
1691 4847 1738 4894 A
1955 4842 2021 4896 32
2060 4849 2247 4899 κοιναῖς
2284 4857 2382 4894 om.
2420 4845 2501 4900 Ra
3104 4871 3109 4878 ·
