<?xml version="1.0" encoding="UTF-8"?>
<!DOCTYPE html PUBLIC "-//W3C//DTD XHTML 1.0 Transitional//EN"
    "http://www.w3.org/TR/xhtml1/DTD/xhtml1-transitional.dtd">
<html xmlns="http://www.w3.org/1999/xhtml" xml:lang="en" lang="en">
 <head>
  <title>
</title>
<meta http-equiv="Content-Type" content="text/html;charset=utf-8" />
  <meta name='ocr-system' content='tesseract 3.04.00' />
  <meta name='ocr-capabilities' content='ocr_page ocr_carea ocr_par ocr_line ocrx_word'/>
</head>
<body>
  <div class='ocr_page' id='page_1' title='image "./supplementumari00wissgoog_0149.png"; bbox 0 0 3684 5567; ppageno 0'>
   <div class='ocr_carea' id='block_1_1' title="bbox 1417 285 3156 357">
    <p class='ocr_par' dir='ltr' id='par_1_1' title="bbox 1417 285 3156 357">
     <span class='ocr_line' id='line_1_1' title="bbox 1417 285 3156 357; baseline 0.003 -16"><span class='ocrx_word' id='word_1_1' title='bbox 1417 286 1701 343; x_wconf 83' lang='grc' dir='ltr'><strong>ΒΙΒΛΙΟΝ</strong></span> <span class='ocrx_word' id='word_1_2' title='bbox 1740 285 1996 345; x_wconf 82' lang='grc' dir='ltr'><strong>ΤΡΙΤΟΝ</strong></span> <span class='ocrx_word' id='word_1_3' title='bbox 2037 290 2172 343; x_wconf 85' lang='grc'>2-3</span> <span class='ocrx_word' id='word_1_4' title='bbox 3071 292 3156 357; x_wconf 78' lang='lat'>83</span> 
     </span>
    </p>
   </div>
   <div class='ocr_carea' id='block_1_2' title="bbox 414 458 3156 4031">
    <p class='ocr_par' dir='ltr' id='par_1_2' title="bbox 538 458 3132 855">
     <span class='ocr_line' id='line_1_2' title="bbox 538 458 3049 548; baseline 0.001 -27"><span class='ocrx_word' id='word_1_5' title='bbox 538 464 624 544; x_wconf 80' lang='grc' dir='ltr'>τῷ</span> <span class='ocrx_word' id='word_1_6' title='bbox 678 458 808 523; x_wconf 83' lang='grc' dir='ltr'>τότε</span> <span class='ocrx_word' id='word_1_7' title='bbox 860 460 1105 543; x_wconf 81' lang='grc' dir='ltr'>δυνάμει</span> <span class='ocrx_word' id='word_1_8' title='bbox 1155 462 1260 545; x_wconf 84' lang='grc' dir='ltr'>τὴν</span> <span class='ocrx_word' id='word_1_9' title='bbox 1314 460 1588 545; x_wconf 78' lang='grc' dir='ltr'>αἴσθησιν</span> <span class='ocrx_word' id='word_1_10' title='bbox 1645 461 1790 525; x_wconf 84' lang='grc' dir='ltr'>εἶναι</span> <span class='ocrx_word' id='word_1_11' title='bbox 1840 462 1910 545; x_wconf 81' lang='grc' dir='ltr'>(ἡ</span> <span class='ocrx_word' id='word_1_12' title='bbox 1953 460 2065 546; x_wconf 83' lang='grc' dir='ltr'>γὰρ</span> <span class='ocrx_word' id='word_1_13' title='bbox 2123 461 2394 546; x_wconf 82' lang='grc' dir='ltr'>αἴσθησις</span> <span class='ocrx_word' id='word_1_14' title='bbox 2448 464 2593 548; x_wconf 88' lang='grc' dir='ltr'>πρὸς</span> <span class='ocrx_word' id='word_1_15' title='bbox 2635 464 2702 527; x_wconf 87' lang='grc' dir='ltr'>τὸ</span> <span class='ocrx_word' id='word_1_16' title='bbox 2747 459 3049 545; x_wconf 85' lang='grc' dir='ltr'>αἰσθητόν,</span> 
     </span>
     <span class='ocr_line' id='line_1_3' title="bbox 539 561 3048 651; baseline 0.001 -27"><span class='ocrx_word' id='word_1_17' title='bbox 539 561 819 644; x_wconf 85' lang='grc' dir='ltr'>αἰσθητὸν</span> <span class='ocrx_word' id='word_1_18' title='bbox 865 561 917 626; x_wconf 83' lang='grc' dir='ltr'>δ’</span> <span class='ocrx_word' id='word_1_19' title='bbox 972 563 1126 647; x_wconf 76' lang='grc' dir='ltr'>αὐτῇ</span> <span class='ocrx_word' id='word_1_20' title='bbox 1180 565 1248 626; x_wconf 85' lang='grc' dir='ltr'>τὸ</span> <span class='ocrx_word' id='word_1_21' title='bbox 1294 564 1753 649; x_wconf 83' lang='grc' dir='ltr'>κεχωρισμένον·</span> <span class='ocrx_word' id='word_1_22' title='bbox 1819 564 1987 627; x_wconf 84' lang='grc' dir='ltr'>οὐδὲν</span> <span class='ocrx_word' id='word_1_23' title='bbox 2032 563 2143 648; x_wconf 83' lang='grc' dir='ltr'>γὰρ</span> <span class='ocrx_word' id='word_1_24' title='bbox 2195 564 2294 648; x_wconf 82' lang='grc' dir='ltr'>ὑφ’</span> <span class='ocrx_word' id='word_1_25' title='bbox 2351 566 2565 630; x_wconf 82' lang='grc' dir='ltr'>ἑαυτοῦ</span> <span class='ocrx_word' id='word_1_26' title='bbox 2609 567 2850 651; x_wconf 81' lang='grc' dir='ltr'><strong>πάσχει,</strong></span> <span class='ocrx_word' id='word_1_27' title='bbox 2895 567 2935 648; x_wconf 80' lang='grc' dir='ltr'>ἡ</span> <span class='ocrx_word' id='word_1_28' title='bbox 2983 564 3048 627; x_wconf 86' lang='grc' dir='ltr'>δὲ</span> 
     </span>
     <span class='ocr_line' id='line_1_4' title="bbox 538 662 3132 752; baseline 0 -25"><span class='ocrx_word' id='word_1_29' title='bbox 538 662 809 747; x_wconf 80' lang='grc' dir='ltr'>αἴσθησις</span> <span class='ocrx_word' id='word_1_30' title='bbox 862 666 955 729; x_wconf 84' lang='grc' dir='ltr'>διὰ</span> <span class='ocrx_word' id='word_1_31' title='bbox 1000 666 1256 736; x_wconf 88' lang='grc' dir='ltr'>πάθους·</span> <span class='ocrx_word' id='word_1_32' title='bbox 1322 664 1439 730; x_wconf 81' lang='grc' dir='ltr'>ἔστ’</span> <span class='ocrx_word' id='word_1_33' title='bbox 1498 666 1566 731; x_wconf 83' lang='grc' dir='ltr'>ἂν</span> <span class='ocrx_word' id='word_1_34' title='bbox 1612 666 1713 729; x_wconf 82' lang='grc' dir='ltr'>οὖν</span> <span class='ocrx_word' id='word_1_35' title='bbox 1758 668 1840 751; x_wconf 89' lang='grc' dir='ltr'>μὴ</span> <span class='ocrx_word' id='word_1_36' title='bbox 1896 672 2060 752; x_wconf 83' lang='grc' dir='ltr'>παρῇ</span> <span class='ocrx_word' id='word_1_37' title='bbox 2113 668 2181 730; x_wconf 83' lang='grc' dir='ltr'>τὸ</span> <span class='ocrx_word' id='word_1_38' title='bbox 2234 668 2545 751; x_wconf 82' lang='grc' dir='ltr'>αἰσθητόν,</span> <span class='ocrx_word' id='word_1_39' title='bbox 2599 670 2838 750; x_wconf 79' lang='grc' dir='ltr'>δυνάμει</span> <span class='ocrx_word' id='word_1_40' title='bbox 2881 669 2921 750; x_wconf 80' lang='grc' dir='ltr'>ἡ</span> <span class='ocrx_word' id='word_1_41' title='bbox 2967 664 3132 729; x_wconf 67' lang='grc' dir='ltr'>αἶ’-ω</span> 
     </span>
     <span class='ocr_line' id='line_1_5' title="bbox 540 766 3048 855; baseline 0.001 -26"><span class='ocrx_word' id='word_1_42' title='bbox 540 766 747 850; x_wconf 91' lang='grc' dir='ltr'>σθησίς</span> <span class='ocrx_word' id='word_1_43' title='bbox 790 766 975 851; x_wconf 89' lang='grc' dir='ltr'>ἐστι),</span> <span class='ocrx_word' id='word_1_44' title='bbox 1029 770 1225 853; x_wconf 81' lang='grc' dir='ltr'>λαβὼν</span> <span class='ocrx_word' id='word_1_45' title='bbox 1282 770 1347 832; x_wconf 85' lang='grc' dir='ltr'>δὲ</span> <span class='ocrx_word' id='word_1_46' title='bbox 1398 770 1465 831; x_wconf 85' lang='grc' dir='ltr'>τὸ</span> <span class='ocrx_word' id='word_1_47' title='bbox 1512 770 1694 853; x_wconf 81' lang='grc' dir='ltr'>διχῶς</span> <span class='ocrx_word' id='word_1_48' title='bbox 1747 769 2024 850; x_wconf 84' lang='grc' dir='ltr'>λέγεσθαι</span> <span class='ocrx_word' id='word_1_49' title='bbox 2075 770 2141 831; x_wconf 87' lang='grc' dir='ltr'>τὸ</span> <span class='ocrx_word' id='word_1_50' title='bbox 2195 770 2581 835; x_wconf 85' lang='grc' dir='ltr'>αἰσθάνεσθαι</span> <span class='ocrx_word' id='word_1_51' title='bbox 2632 770 2759 853; x_wconf 84' lang='grc' dir='ltr'>(καὶ</span> <span class='ocrx_word' id='word_1_52' title='bbox 2801 768 2910 855; x_wconf 83' lang='grc' dir='ltr'>γὰρ</span> <span class='ocrx_word' id='word_1_53' title='bbox 2956 770 3048 832; x_wconf 89' lang='grc' dir='ltr'>δυ-</span> 
     </span>
    </p>

    <p class='ocr_par' dir='ltr' id='par_1_3' title="bbox 467 870 3130 1366">
     <span class='ocr_line' id='line_1_6' title="bbox 467 870 3046 957; baseline 0 -25"><span class='ocrx_word' id='word_1_54' title='bbox 467 890 499 938; x_wconf 83' lang='grc'>5</span> <span class='ocrx_word' id='word_1_55' title='bbox 536 870 705 951; x_wconf 87' lang='grc' dir='ltr'>νάμει</span> <span class='ocrx_word' id='word_1_56' title='bbox 749 872 847 934; x_wconf 88' lang='grc' dir='ltr'>καὶ</span> <span class='ocrx_word' id='word_1_57' title='bbox 890 871 1195 955; x_wconf 65' lang='grc' dir='ltr'>ἐνεργείᾳ),</span> <span class='ocrx_word' id='word_1_58' title='bbox 1252 870 1457 957; x_wconf 84' lang='grc' dir='ltr'>ἔλαβεν</span> <span class='ocrx_word' id='word_1_59' title='bbox 1504 872 1569 934; x_wconf 86' lang='grc' dir='ltr'>τὸ</span> <span class='ocrx_word' id='word_1_60' title='bbox 1614 876 1721 955; x_wconf 86' lang='grc' dir='ltr'>τῆς</span> <span class='ocrx_word' id='word_1_61' title='bbox 1764 872 2102 956; x_wconf 77' lang='grc' dir='ltr'>αἰσθήσεως</span> <span class='ocrx_word' id='word_1_62' title='bbox 2145 872 2251 955; x_wconf 86' lang='grc' dir='ltr'>τὴν</span> <span class='ocrx_word' id='word_1_63' title='bbox 2299 873 2401 954; x_wconf 85' lang='grc' dir='ltr'>μὲν</span> <span class='ocrx_word' id='word_1_64' title='bbox 2447 871 2594 936; x_wconf 82' lang='grc' dir='ltr'>εἶναι</span> <span class='ocrx_word' id='word_1_65' title='bbox 2638 874 2897 953; x_wconf 80' lang='grc' dir='ltr'>δυνάμει,</span> <span class='ocrx_word' id='word_1_66' title='bbox 2942 871 3046 955; x_wconf 81' lang='grc' dir='ltr'>τὴν</span> 
     </span>
     <span class='ocr_line' id='line_1_7' title="bbox 536 972 3130 1059; baseline 0 -24"><span class='ocrx_word' id='word_1_67' title='bbox 536 974 603 1035; x_wconf 86' lang='grc' dir='ltr'>δὲ</span> <span class='ocrx_word' id='word_1_68' title='bbox 645 972 923 1057; x_wconf 87' lang='grc' dir='ltr'>ἐνεργείᾳ,</span> <span class='ocrx_word' id='word_1_69' title='bbox 969 974 1187 1057; x_wconf 86' lang='grc' dir='ltr'>ὁμοίως</span> <span class='ocrx_word' id='word_1_70' title='bbox 1232 975 1298 1037; x_wconf 86' lang='grc' dir='ltr'>δὲ</span> <span class='ocrx_word' id='word_1_71' title='bbox 1342 976 1439 1037; x_wconf 79' lang='grc' dir='ltr'>καὶ</span> <span class='ocrx_word' id='word_1_72' title='bbox 1480 975 1547 1038; x_wconf 83' lang='grc' dir='ltr'>τὸ</span> <span class='ocrx_word' id='word_1_73' title='bbox 1590 975 1891 1058; x_wconf 86' lang='grc' dir='ltr'>αἰσθητόν.</span> <span class='ocrx_word' id='word_1_74' title='bbox 1980 975 2176 1059; x_wconf 84' lang='grc' dir='ltr'>λαβὼν</span> <span class='ocrx_word' id='word_1_75' title='bbox 2222 974 2287 1037; x_wconf 85' lang='grc' dir='ltr'>δὲ</span> <span class='ocrx_word' id='word_1_76' title='bbox 2315 976 2380 1038; x_wconf 84' lang='grc' dir='ltr'>τὸ</span> <span class='ocrx_word' id='word_1_77' title='bbox 2429 974 2560 1058; x_wconf 86' lang='grc' dir='ltr'>[τὴν</span> <span class='ocrx_word' id='word_1_78' title='bbox 2604 972 2908 1059; x_wconf 77' lang='grc' dir='ltr'>αἴσθησιν]</span> <span class='ocrx_word' id='word_1_79' title='bbox 2955 973 3049 1038; x_wconf 79' lang='grc' dir='ltr'>διὰ</span> <span class='ocrx_word' id='word_1_80' title='bbox 3074 988 3130 1031; x_wconf 71' lang='lat'>2⁶</span> 
     </span>
     <span class='ocr_line' id='line_1_8' title="bbox 540 1075 3052 1161; baseline 0.003 -23"><span class='ocrx_word' id='word_1_81' title='bbox 540 1076 769 1144; x_wconf 81' lang='grc' dir='ltr'>πάθους</span> <span class='ocrx_word' id='word_1_82' title='bbox 816 1076 1080 1159; x_wconf 86' lang='grc' dir='ltr'>γίνεσθαι</span> <span class='ocrx_word' id='word_1_83' title='bbox 1123 1078 1228 1161; x_wconf 87' lang='grc' dir='ltr'>τὴν</span> <span class='ocrx_word' id='word_1_84' title='bbox 1274 1075 1546 1161; x_wconf 80' lang='grc' dir='ltr'>αἴσθησιν</span> <span class='ocrx_word' id='word_1_85' title='bbox 1601 1078 1705 1161; x_wconf 85' lang='grc' dir='ltr'>τὴν</span> <span class='ocrx_word' id='word_1_86' title='bbox 1753 1078 1857 1160; x_wconf 87' lang='grc' dir='ltr'>μὲν</span> <span class='ocrx_word' id='word_1_87' title='bbox 1902 1079 2161 1160; x_wconf 83' lang='grc' dir='ltr'>δυνάμει,</span> <span class='ocrx_word' id='word_1_88' title='bbox 2222 1077 2326 1160; x_wconf 83' lang='grc' dir='ltr'>τὴν</span> <span class='ocrx_word' id='word_1_89' title='bbox 2381 1078 2446 1139; x_wconf 89' lang='grc' dir='ltr'>δὲ</span> <span class='ocrx_word' id='word_1_90' title='bbox 2498 1077 2774 1161; x_wconf 74' lang='grc' dir='ltr'>ἐνεργείᾳ,</span> <span class='ocrx_word' id='word_1_91' title='bbox 2841 1075 3052 1161; x_wconf 68' lang='grc' dir='ltr'>ἐφεξῆς</span> 
     </span>
     <span class='ocr_line' id='line_1_9' title="bbox 536 1177 3050 1265; baseline 0 -25"><span class='ocrx_word' id='word_1_92' title='bbox 536 1177 689 1259; x_wconf 83' lang='grc' dir='ltr'>λέγει</span> <span class='ocrx_word' id='word_1_93' title='bbox 734 1180 865 1263; x_wconf 87' lang='grc' dir='ltr'>περὶ</span> <span class='ocrx_word' id='word_1_94' title='bbox 921 1184 1023 1243; x_wconf 88' lang='grc' dir='ltr'>τοῦ</span> <span class='ocrx_word' id='word_1_95' title='bbox 1068 1182 1401 1263; x_wconf 84' lang='grc' dir='ltr'>πάσχοντος</span> <span class='ocrx_word' id='word_1_96' title='bbox 1453 1180 1565 1242; x_wconf 83' lang='grc' dir='ltr'>ὑπὸ</span> <span class='ocrx_word' id='word_1_97' title='bbox 1620 1179 1769 1248; x_wconf 90' lang='grc' dir='ltr'>τίνος</span> <span class='ocrx_word' id='word_1_98' title='bbox 1812 1180 2062 1263; x_wconf 89' lang='grc' dir='ltr'>πάσχει,</span> <span class='ocrx_word' id='word_1_99' title='bbox 2118 1178 2150 1241; x_wconf 88' lang='grc' dir='ltr'>ὃ</span> <span class='ocrx_word' id='word_1_100' title='bbox 2195 1180 2307 1263; x_wconf 84' lang='grc' dir='ltr'>πρὸ</span> <span class='ocrx_word' id='word_1_101' title='bbox 2362 1180 2558 1263; x_wconf 80' lang='grc' dir='ltr'>ὀλίγου</span> <span class='ocrx_word' id='word_1_102' title='bbox 2612 1180 2863 1265; x_wconf 83' lang='grc' dir='ltr'>ἐκίνησε.</span> <span class='ocrx_word' id='word_1_103' title='bbox 2953 1178 3050 1241; x_wconf 86' lang='grc' dir='ltr'>καὶ</span> 
     </span>
     <span class='ocr_line' id='line_1_10' title="bbox 537 1277 3049 1366; baseline 0 -24"><span class='ocrx_word' id='word_1_104' title='bbox 537 1280 731 1365; x_wconf 81' lang='grc' dir='ltr'>λαβὼν</span> <span class='ocrx_word' id='word_1_105' title='bbox 778 1280 867 1343; x_wconf 80' lang='grc' dir='ltr'>ὅτι</span> <span class='ocrx_word' id='word_1_106' title='bbox 908 1285 1024 1343; x_wconf 82' lang='grc' dir='ltr'>πᾶν</span> <span class='ocrx_word' id='word_1_107' title='bbox 1075 1282 1142 1344; x_wconf 86' lang='grc' dir='ltr'>τὸ</span> <span class='ocrx_word' id='word_1_108' title='bbox 1197 1282 1429 1365; x_wconf 88' lang='grc' dir='ltr'>πάσχον</span> <span class='ocrx_word' id='word_1_109' title='bbox 1485 1281 1705 1365; x_wconf 84' lang='grc' dir='ltr'>πάσχει</span> <span class='ocrx_word' id='word_1_110' title='bbox 1760 1282 1872 1343; x_wconf 81' lang='grc' dir='ltr'>ὑπὸ</span> <span class='ocrx_word' id='word_1_111' title='bbox 1929 1285 2032 1343; x_wconf 88' lang='grc' dir='ltr'>τοῦ</span> <span class='ocrx_word' id='word_1_112' title='bbox 2084 1286 2376 1365; x_wconf 78' lang='grc' dir='ltr'>κινητικοῦ</span> <span class='ocrx_word' id='word_1_113' title='bbox 2431 1282 2530 1344; x_wconf 84' lang='grc' dir='ltr'>καὶ</span> <span class='ocrx_word' id='word_1_114' title='bbox 2574 1282 2832 1366; x_wconf 84' lang='grc' dir='ltr'>ἐνεργείᾳ</span> <span class='ocrx_word' id='word_1_115' title='bbox 2886 1277 3049 1349; x_wconf 83' lang='grc' dir='ltr'>ὄντος</span> 
     </span>
    </p>

    <p class='ocr_par' dir='ltr' id='par_1_4' title="bbox 436 1380 3153 1879">
     <span class='ocr_line' id='line_1_11' title="bbox 436 1380 3153 1469; baseline -0.002 -20"><span class='ocrx_word' id='word_1_116' title='bbox 436 1402 498 1449; x_wconf 88' lang='lat'>10</span> <span class='ocrx_word' id='word_1_117' title='bbox 536 1382 759 1460; x_wconf 74' lang='grc' dir='ltr'>τούτου,</span> <span class='ocrx_word' id='word_1_118' title='bbox 801 1382 833 1445; x_wconf 88' lang='grc' dir='ltr'>ὃ</span> <span class='ocrx_word' id='word_1_119' title='bbox 864 1384 931 1446; x_wconf 85' lang='grc' dir='ltr'>τὸ</span> <span class='ocrx_word' id='word_1_120' title='bbox 960 1385 1193 1469; x_wconf 87' lang='grc' dir='ltr'>πάσχον</span> <span class='ocrx_word' id='word_1_121' title='bbox 1225 1380 1319 1446; x_wconf 83' lang='grc' dir='ltr'>ὑπ’</span> <span class='ocrx_word' id='word_1_122' title='bbox 1361 1382 1540 1447; x_wconf 79' lang='grc' dir='ltr'>αὐτοῦ</span> <span class='ocrx_word' id='word_1_123' title='bbox 1573 1382 1579 1467; x_wconf 86' lang='grc' dir='ltr'>Ι</span> <span class='ocrx_word' id='word_1_124' title='bbox 1614 1384 1849 1447; x_wconf 79' lang='grc' dir='ltr'>δύναται</span> <span class='ocrx_word' id='word_1_125' title='bbox 1880 1383 2172 1466; x_wconf 81' lang='grc' dir='ltr'>γενέσθαι,</span> <span class='ocrx_word' id='word_1_126' title='bbox 2218 1380 2426 1453; x_wconf 75' lang='grc' dir='ltr'>ἔδειξεν</span> <span class='ocrx_word' id='word_1_127' title='bbox 2458 1384 2526 1446; x_wconf 89' lang='grc' dir='ltr'>ἐκ</span> <span class='ocrx_word' id='word_1_128' title='bbox 2555 1383 2782 1460; x_wconf 77' lang='grc' dir='ltr'>τοῦτου,</span> <span class='ocrx_word' id='word_1_129' title='bbox 2827 1381 2916 1447; x_wconf 79' lang='grc' dir='ltr'>ὅτι</span> <span class='ocrx_word' id='word_1_130' title='bbox 2944 1382 3012 1445; x_wconf 84' lang='grc' dir='ltr'>τὸ</span> <span class='ocrx_word' id='word_1_131' title='bbox 3057 1387 3153 1445; x_wconf 82' lang='grc'>156</span> 
     </span>
     <span class='ocr_line' id='line_1_12' title="bbox 536 1482 3049 1570; baseline -0 -23"><span class='ocrx_word' id='word_1_132' title='bbox 536 1486 768 1570; x_wconf 85' lang='grc' dir='ltr'>πάσχον</span> <span class='ocrx_word' id='word_1_133' title='bbox 812 1482 959 1549; x_wconf 87' lang='grc' dir='ltr'>ἔστι</span> <span class='ocrx_word' id='word_1_134' title='bbox 1010 1487 1131 1569; x_wconf 86' lang='grc' dir='ltr'>μὲν</span> <span class='ocrx_word' id='word_1_135' title='bbox 1178 1490 1269 1556; x_wconf 82' lang='grc' dir='ltr'>ὡς</span> <span class='ocrx_word' id='word_1_136' title='bbox 1308 1487 1437 1549; x_wconf 84' lang='grc' dir='ltr'>ὑπὸ</span> <span class='ocrx_word' id='word_1_137' title='bbox 1470 1487 1717 1569; x_wconf 87' lang='grc' dir='ltr'>ὁμοίου</span> <span class='ocrx_word' id='word_1_138' title='bbox 1750 1486 2043 1570; x_wconf 88' lang='grc' dir='ltr'>πάσχει,</span> <span class='ocrx_word' id='word_1_139' title='bbox 2091 1484 2243 1549; x_wconf 86' lang='grc' dir='ltr'>ἔστι</span> <span class='ocrx_word' id='word_1_140' title='bbox 2285 1487 2359 1549; x_wconf 88' lang='grc' dir='ltr'>δὲ</span> <span class='ocrx_word' id='word_1_141' title='bbox 2403 1488 2494 1554; x_wconf 82' lang='grc' dir='ltr'>ὥς</span> <span class='ocrx_word' id='word_1_142' title='bbox 2537 1486 2668 1548; x_wconf 82' lang='grc' dir='ltr'>ὑπὸ</span> <span class='ocrx_word' id='word_1_143' title='bbox 2714 1483 3049 1567; x_wconf 80' lang='grc' dir='ltr'>ἀνομοίου</span> 
     </span>
     <span class='ocr_line' id='line_1_13' title="bbox 532 1586 3047 1675; baseline 0 -25"><span class='ocrx_word' id='word_1_144' title='bbox 532 1589 770 1673; x_wconf 87' lang='grc' dir='ltr'>πάσχει.</span> <span class='ocrx_word' id='word_1_145' title='bbox 844 1590 1112 1673; x_wconf 86' lang='grc' dir='ltr'>πάσχει</span> <span class='ocrx_word' id='word_1_146' title='bbox 1145 1590 1266 1669; x_wconf 83' lang='grc' dir='ltr'>μὲν</span> <span class='ocrx_word' id='word_1_147' title='bbox 1296 1589 1421 1673; x_wconf 80' lang='grc' dir='ltr'>γὰρ</span> <span class='ocrx_word' id='word_1_148' title='bbox 1452 1588 1819 1673; x_wconf 82' lang='grc' dir='ltr'>ἀνόμοιον,</span> <span class='ocrx_word' id='word_1_149' title='bbox 1854 1588 2208 1675; x_wconf 85' lang='grc' dir='ltr'>πεπονθὸς</span> <span class='ocrx_word' id='word_1_150' title='bbox 2237 1589 2311 1651; x_wconf 88' lang='grc' dir='ltr'>δὲ</span> <span class='ocrx_word' id='word_1_151' title='bbox 2342 1588 2585 1670; x_wconf 81' lang='grc' dir='ltr'>ὅμοιόν</span> <span class='ocrx_word' id='word_1_152' title='bbox 2617 1588 2826 1652; x_wconf 88' lang='grc' dir='ltr'>ἐστιν.</span> <span class='ocrx_word' id='word_1_153' title='bbox 2901 1586 3047 1672; x_wconf 82' lang='grc' dir='ltr'>χρή-</span> 
     </span>
     <span class='ocr_line' id='line_1_14' title="bbox 535 1690 3128 1776; baseline -0.001 -22"><span class='ocrx_word' id='word_1_154' title='bbox 535 1710 701 1775; x_wconf 89' lang='grc' dir='ltr'>σιμον</span> <span class='ocrx_word' id='word_1_155' title='bbox 732 1690 784 1753; x_wconf 81' lang='grc' dir='ltr'>δ’</span> <span class='ocrx_word' id='word_1_156' title='bbox 824 1690 990 1775; x_wconf 79' lang='grc' dir='ltr'>αὐτῷ</span> <span class='ocrx_word' id='word_1_157' title='bbox 1018 1694 1189 1755; x_wconf 87' lang='grc' dir='ltr'>τοῦτο</span> <span class='ocrx_word' id='word_1_158' title='bbox 1235 1693 1405 1754; x_wconf 90' lang='grc' dir='ltr'>πάλιν</span> <span class='ocrx_word' id='word_1_159' title='bbox 1450 1694 1595 1775; x_wconf 84' lang='grc' dir='ltr'>πρὸς</span> <span class='ocrx_word' id='word_1_160' title='bbox 1638 1692 1704 1754; x_wconf 89' lang='grc' dir='ltr'>τὸ</span> <span class='ocrx_word' id='word_1_161' title='bbox 1750 1694 1846 1755; x_wconf 86' lang='grc' dir='ltr'>καὶ</span> <span class='ocrx_word' id='word_1_162' title='bbox 1895 1690 2016 1776; x_wconf 84' lang='grc' dir='ltr'>[τὸ]</span> <span class='ocrx_word' id='word_1_163' title='bbox 2062 1692 2168 1774; x_wconf 84' lang='grc' dir='ltr'>τὴν</span> <span class='ocrx_word' id='word_1_164' title='bbox 2213 1690 2489 1775; x_wconf 80' lang='grc' dir='ltr'>αἴσθησιν</span> <span class='ocrx_word' id='word_1_165' title='bbox 2533 1692 2639 1775; x_wconf 86' lang='grc' dir='ltr'>τὴν</span> <span class='ocrx_word' id='word_1_166' title='bbox 2685 1692 2948 1773; x_wconf 87' lang='grc' dir='ltr'>δυνάμει,</span> <span class='ocrx_word' id='word_1_167' title='bbox 2993 1690 3048 1753; x_wconf 78' lang='grc' dir='ltr'>εἰ</span> <span class='ocrx_word' id='word_1_168' title='bbox 3099 1704 3128 1745; x_wconf 76' lang='lat'>⁵</span> 
     </span>
     <span class='ocr_line' id='line_1_15' title="bbox 534 1792 3040 1879; baseline 0 -24"><span class='ocrx_word' id='word_1_169' title='bbox 534 1792 629 1855; x_wconf 80' lang='grc' dir='ltr'>διὰ</span> <span class='ocrx_word' id='word_1_170' title='bbox 672 1794 898 1864; x_wconf 88' lang='grc' dir='ltr'>πάθους</span> <span class='ocrx_word' id='word_1_171' title='bbox 938 1796 1169 1877; x_wconf 88' lang='grc' dir='ltr'>γίνεται,</span> <span class='ocrx_word' id='word_1_172' title='bbox 1215 1795 1563 1879; x_wconf 88' lang='grc' dir='ltr'>πάσχουσαν</span> <span class='ocrx_word' id='word_1_173' title='bbox 1610 1796 1713 1877; x_wconf 84' lang='grc' dir='ltr'>μὲν</span> <span class='ocrx_word' id='word_1_174' title='bbox 1760 1796 2036 1877; x_wconf 85' lang='grc' dir='ltr'>ἀνομοίαν</span> <span class='ocrx_word' id='word_1_175' title='bbox 2081 1794 2228 1857; x_wconf 78' lang='grc' dir='ltr'>εἶναι</span> <span class='ocrx_word' id='word_1_176' title='bbox 2272 1800 2357 1878; x_wconf 79' lang='grc' dir='ltr'>τῷ</span> <span class='ocrx_word' id='word_1_177' title='bbox 2404 1798 2680 1871; x_wconf 83' lang='grc' dir='ltr'>ποιοῦντι,</span> <span class='ocrx_word' id='word_1_178' title='bbox 2729 1792 2762 1856; x_wconf 84' lang='grc' dir='ltr'>ὅ</span> <span class='ocrx_word' id='word_1_179' title='bbox 2805 1794 2929 1857; x_wconf 86' lang='grc' dir='ltr'>ἐστι</span> <span class='ocrx_word' id='word_1_180' title='bbox 2974 1793 3040 1856; x_wconf 83' lang='grc' dir='ltr'>τὸ</span> 
     </span>
    </p>

    <p class='ocr_par' dir='ltr' id='par_1_5' title="bbox 435 1893 3132 2393">
     <span class='ocr_line' id='line_1_16' title="bbox 435 1893 3051 1982; baseline -0.001 -23"><span class='ocrx_word' id='word_1_181' title='bbox 435 1915 495 1964; x_wconf 87' lang='lat'>15</span> <span class='ocrx_word' id='word_1_182' title='bbox 533 1896 835 1981; x_wconf 81' lang='grc' dir='ltr'>αἰσθητόν,</span> <span class='ocrx_word' id='word_1_183' title='bbox 882 1899 1184 1961; x_wconf 84' lang='grc' dir='ltr'>παθοῦσαν</span> <span class='ocrx_word' id='word_1_184' title='bbox 1230 1898 1296 1961; x_wconf 83' lang='grc' dir='ltr'>δὲ</span> <span class='ocrx_word' id='word_1_185' title='bbox 1328 1900 1424 1961; x_wconf 89' lang='grc' dir='ltr'>καὶ</span> <span class='ocrx_word' id='word_1_186' title='bbox 1467 1897 1781 1981; x_wconf 85' lang='grc' dir='ltr'>γενομένην</span> <span class='ocrx_word' id='word_1_187' title='bbox 1829 1898 2047 1979; x_wconf 82' lang='grc' dir='ltr'>ὁμοίως</span> <span class='ocrx_word' id='word_1_188' title='bbox 2091 1898 2252 1982; x_wconf 82' lang='grc' dir='ltr'>αὐτῷ’</span> <span class='ocrx_word' id='word_1_189' title='bbox 2287 1896 2452 1961; x_wconf 81' lang='grc' dir='ltr'>εἶναι.</span> <span class='ocrx_word' id='word_1_190' title='bbox 2539 1897 2627 1967; x_wconf 86' lang='grc' dir='ltr'>οἷς</span> <span class='ocrx_word' id='word_1_191' title='bbox 2671 1895 2878 1981; x_wconf 73' lang='grc' dir='ltr'>ἐφεξῆς</span> <span class='ocrx_word' id='word_1_192' title='bbox 2922 1893 3051 1957; x_wconf 86' lang='grc' dir='ltr'>ἐπέ-</span> 
     </span>
     <span class='ocr_line' id='line_1_17' title="bbox 534 1996 3132 2085; baseline -0.002 -24"><span class='ocrx_word' id='word_1_193' title='bbox 534 2001 707 2083; x_wconf 80' lang='grc' dir='ltr'>λαβεν</span> <span class='ocrx_word' id='word_1_194' title='bbox 750 2001 856 2083; x_wconf 85' lang='grc' dir='ltr'>τὴν</span> <span class='ocrx_word' id='word_1_195' title='bbox 900 2000 1177 2085; x_wconf 82' lang='grc' dir='ltr'>αἴσθησιν</span> <span class='ocrx_word' id='word_1_196' title='bbox 1222 2002 1327 2083; x_wconf 87' lang='grc' dir='ltr'>τὴν</span> <span class='ocrx_word' id='word_1_197' title='bbox 1376 2001 1481 2084; x_wconf 82' lang='grc' dir='ltr'>μὲν</span> <span class='ocrx_word' id='word_1_198' title='bbox 1527 2002 1767 2082; x_wconf 85' lang='grc' dir='ltr'>δυνάμει</span> <span class='ocrx_word' id='word_1_199' title='bbox 1811 2000 1989 2076; x_wconf 80' lang='grc' dir='ltr'>εἶναι,</span> <span class='ocrx_word' id='word_1_200' title='bbox 2043 2002 2148 2083; x_wconf 82' lang='grc' dir='ltr'>τὴν</span> <span class='ocrx_word' id='word_1_201' title='bbox 2196 2002 2260 2063; x_wconf 87' lang='grc' dir='ltr'>δὲ</span> <span class='ocrx_word' id='word_1_202' title='bbox 2305 2000 2666 2085; x_wconf 75' lang='grc' dir='ltr'>ἐντελεχείᾳ,</span> <span class='ocrx_word' id='word_1_203' title='bbox 2719 1996 2870 2083; x_wconf 63' lang='lat' dir='ltr'>(mi)</span> <span class='ocrx_word' id='word_1_204' title='bbox 2915 1998 3049 2061; x_wconf 82' lang='grc' dir='ltr'>διαί·</span> <span class='ocrx_word' id='word_1_205' title='bbox 3077 2013 3132 2055; x_wconf 78' lang='grc' dir='ltr'>ιο</span> 
     </span>
     <span class='ocr_line' id='line_1_18' title="bbox 536 2099 3048 2189; baseline -0.001 -24"><span class='ocrx_word' id='word_1_206' title='bbox 536 2122 689 2186; x_wconf 90' lang='grc' dir='ltr'>ρεσιν</span> <span class='ocrx_word' id='word_1_207' title='bbox 720 2107 967 2167; x_wconf 87' lang='grc' dir='ltr'>ποιεῖται</span> <span class='ocrx_word' id='word_1_208' title='bbox 1010 2109 1113 2167; x_wconf 88' lang='grc' dir='ltr'>τοῦ</span> <span class='ocrx_word' id='word_1_209' title='bbox 1153 2105 1393 2189; x_wconf 85' lang='grc' dir='ltr'>δυνάμει</span> <span class='ocrx_word' id='word_1_210' title='bbox 1436 2105 1534 2167; x_wconf 82' lang='grc' dir='ltr'>καὶ</span> <span class='ocrx_word' id='word_1_211' title='bbox 1578 2107 1680 2165; x_wconf 89' lang='grc' dir='ltr'>τοῦ</span> <span class='ocrx_word' id='word_1_212' title='bbox 1713 2103 2068 2187; x_wconf 74' lang='grc' dir='ltr'>ἐντελεχείᾳ,</span> <span class='ocrx_word' id='word_1_213' title='bbox 2115 2102 2466 2187; x_wconf 88' lang='grc' dir='ltr'>βουλόμενος</span> <span class='ocrx_word' id='word_1_214' title='bbox 2512 2100 2582 2165; x_wconf 81' lang='grc' dir='ltr'>δι’</span> <span class='ocrx_word' id='word_1_215' title='bbox 2624 2101 2805 2165; x_wconf 81' lang='grc' dir='ltr'>αὐτοῦ</span> <span class='ocrx_word' id='word_1_216' title='bbox 2849 2099 3048 2180; x_wconf 75' lang='grc' dir='ltr'>δεῖξαι,</span> 
     </span>
     <span class='ocr_line' id='line_1_19' title="bbox 536 2194 3052 2291; baseline 0.001 -24"><span class='ocrx_word' id='word_1_217' title='bbox 536 2203 623 2267; x_wconf 83' lang='grc' dir='ltr'>ὅτι</span> <span class='ocrx_word' id='word_1_218' title='bbox 670 2206 752 2289; x_wconf 87' lang='grc' dir='ltr'>μὴ</span> <span class='ocrx_word' id='word_1_219' title='bbox 798 2194 1011 2290; x_wconf 86' lang='grc' dir='ltr'>κυρίως</span> <span class='ocrx_word' id='word_1_220' title='bbox 1064 2208 1315 2291; x_wconf 89' lang='grc' dir='ltr'>πάσχειν</span> <span class='ocrx_word' id='word_1_221' title='bbox 1362 2206 1589 2289; x_wconf 88' lang='grc' dir='ltr'>λέγεται</span> <span class='ocrx_word' id='word_1_222' title='bbox 1640 2208 1679 2288; x_wconf 85' lang='grc' dir='ltr'>ἡ</span> <span class='ocrx_word' id='word_1_223' title='bbox 1728 2204 2004 2289; x_wconf 80' lang='grc' dir='ltr'>αἴσθησις</span> <span class='ocrx_word' id='word_1_224' title='bbox 2057 2206 2152 2268; x_wconf 87' lang='grc' dir='ltr'>καὶ</span> <span class='ocrx_word' id='word_1_225' title='bbox 2196 2205 2500 2269; x_wconf 83' lang='grc' dir='ltr'>κινεῖσθαι.</span> <span class='ocrx_word' id='word_1_226' title='bbox 2589 2204 2659 2268; x_wconf 82' lang='grc' dir='ltr'>οὐ</span> <span class='ocrx_word' id='word_1_227' title='bbox 2701 2203 2812 2287; x_wconf 82' lang='grc' dir='ltr'>γὰρ</span> <span class='ocrx_word' id='word_1_228' title='bbox 2857 2203 3052 2284; x_wconf 77' lang='grc' dir='ltr'>πάσης</span> 
     </span>
     <span class='ocr_line' id='line_1_20' title="bbox 534 2304 3130 2393; baseline -0.001 -24"><span class='ocrx_word' id='word_1_229' title='bbox 534 2308 836 2390; x_wconf 85' lang='grc' dir='ltr'>δυνάμεως</span> <span class='ocrx_word' id='word_1_230' title='bbox 889 2311 930 2392; x_wconf 81' lang='grc' dir='ltr'>ἣ</span> <span class='ocrx_word' id='word_1_231' title='bbox 984 2310 1065 2379; x_wconf 87' lang='grc' dir='ltr'>εἰς</span> <span class='ocrx_word' id='word_1_232' title='bbox 1111 2309 1399 2393; x_wconf 88' lang='grc' dir='ltr'>ἐνέργειαν</span> <span class='ocrx_word' id='word_1_233' title='bbox 1454 2308 1703 2392; x_wconf 83' lang='grc' dir='ltr'>πρόοδος</span> <span class='ocrx_word' id='word_1_234' title='bbox 1755 2308 1852 2371; x_wconf 83' lang='grc' dir='ltr'>διὰ</span> <span class='ocrx_word' id='word_1_235' title='bbox 1895 2307 2124 2375; x_wconf 89' lang='grc' dir='ltr'>πάθους</span> <span class='ocrx_word' id='word_1_236' title='bbox 2176 2307 2274 2370; x_wconf 85' lang='grc' dir='ltr'>καὶ</span> <span class='ocrx_word' id='word_1_237' title='bbox 2321 2307 2620 2391; x_wconf 86' lang='grc' dir='ltr'>κινήσεως.</span> <span class='ocrx_word' id='word_1_238' title='bbox 2711 2307 2896 2390; x_wconf 85' lang='grc' dir='ltr'>διχῶς</span> <span class='ocrx_word' id='word_1_239' title='bbox 2936 2304 3048 2388; x_wconf 77' lang='grc' dir='ltr'>γὰρ</span> <span class='ocrx_word' id='word_1_240' title='bbox 3078 2319 3130 2362; x_wconf 74' lang='lat'>15</span> 
     </span>
    </p>

    <p class='ocr_par' dir='ltr' id='par_1_6' title="bbox 428 2407 3132 2907">
     <span class='ocr_line' id='line_1_21' title="bbox 428 2407 3048 2495; baseline -0.001 -22"><span class='ocrx_word' id='word_1_241' title='bbox 428 2430 497 2477; x_wconf 79' lang='lat'>20</span> <span class='ocrx_word' id='word_1_242' title='bbox 531 2412 597 2472; x_wconf 87' lang='grc' dir='ltr'>τὸ</span> <span class='ocrx_word' id='word_1_243' title='bbox 642 2413 881 2492; x_wconf 85' lang='grc' dir='ltr'>δυνάμει</span> <span class='ocrx_word' id='word_1_244' title='bbox 926 2412 1269 2495; x_wconf 78' lang='grc' dir='ltr'>ἐπιστῆμον,</span> <span class='ocrx_word' id='word_1_245' title='bbox 1316 2412 1537 2494; x_wconf 85' lang='grc' dir='ltr'>ὁμοίως</span> <span class='ocrx_word' id='word_1_246' title='bbox 1567 2412 1632 2474; x_wconf 84' lang='grc' dir='ltr'>δὲ</span> <span class='ocrx_word' id='word_1_247' title='bbox 1671 2410 1767 2475; x_wconf 85' lang='grc' dir='ltr'>καὶ</span> <span class='ocrx_word' id='word_1_248' title='bbox 1811 2414 1928 2474; x_wconf 85' lang='grc' dir='ltr'>πᾶν</span> <span class='ocrx_word' id='word_1_249' title='bbox 1975 2409 2139 2486; x_wconf 81' lang='grc' dir='ltr'>ἄλλο,</span> <span class='ocrx_word' id='word_1_250' title='bbox 2184 2410 2430 2491; x_wconf 89' lang='grc' dir='ltr'>λέγεται.</span> <span class='ocrx_word' id='word_1_251' title='bbox 2505 2408 2571 2472; x_wconf 84' lang='grc' dir='ltr'>τό</span> <span class='ocrx_word' id='word_1_252' title='bbox 2616 2431 2680 2471; x_wconf 88' lang='grc' dir='ltr'>τε</span> <span class='ocrx_word' id='word_1_253' title='bbox 2721 2408 2832 2492; x_wconf 79' lang='grc' dir='ltr'>γὰρ</span> <span class='ocrx_word' id='word_1_254' title='bbox 2877 2407 3048 2491; x_wconf 81' lang='grc' dir='ltr'>φύσιν</span> 
     </span>
     <span class='ocr_line' id='line_1_22' title="bbox 533 2509 3050 2599; baseline -0.001 -24"><span class='ocrx_word' id='word_1_255' title='bbox 533 2510 672 2598; x_wconf 84' lang='grc' dir='ltr'>ἔχον</span> <span class='ocrx_word' id='word_1_256' title='bbox 718 2514 995 2583; x_wconf 74' lang='grc' dir='ltr'>δέξασθαι</span> <span class='ocrx_word' id='word_1_257' title='bbox 1047 2514 1374 2599; x_wconf 83' lang='grc' dir='ltr'>ἐπιστήμην</span> <span class='ocrx_word' id='word_1_258' title='bbox 1429 2514 1671 2597; x_wconf 88' lang='grc' dir='ltr'>δυνάμει</span> <span class='ocrx_word' id='word_1_259' title='bbox 1716 2514 2068 2596; x_wconf 78' lang='grc' dir='ltr'>ἐπιστῆμον,</span> <span class='ocrx_word' id='word_1_260' title='bbox 2124 2512 2276 2575; x_wconf 82' lang='grc' dir='ltr'>ἀλλὰ</span> <span class='ocrx_word' id='word_1_261' title='bbox 2330 2514 2424 2576; x_wconf 86' lang='grc' dir='ltr'>καὶ</span> <span class='ocrx_word' id='word_1_262' title='bbox 2477 2512 2544 2575; x_wconf 87' lang='grc' dir='ltr'>τὸ</span> <span class='ocrx_word' id='word_1_263' title='bbox 2598 2509 2738 2596; x_wconf 87' lang='grc' dir='ltr'>ἔχον</span> <span class='ocrx_word' id='word_1_264' title='bbox 2789 2510 2906 2594; x_wconf 87' lang='grc' dir='ltr'>ἤδη</span> <span class='ocrx_word' id='word_1_265' title='bbox 2950 2512 3050 2574; x_wconf 80' lang='grc' dir='ltr'>καὶ</span> 
     </span>
     <span class='ocr_line' id='line_1_23' title="bbox 534 2612 3046 2702; baseline -0.001 -25"><span class='ocrx_word' id='word_1_266' title='bbox 534 2616 870 2701; x_wconf 86' lang='grc' dir='ltr'>δεδεγμένον</span> <span class='ocrx_word' id='word_1_267' title='bbox 916 2618 1021 2701; x_wconf 81' lang='grc' dir='ltr'>τὴν</span> <span class='ocrx_word' id='word_1_268' title='bbox 1066 2618 1414 2702; x_wconf 85' lang='grc' dir='ltr'>ἐπιστήμην,</span> <span class='ocrx_word' id='word_1_269' title='bbox 1463 2618 1551 2701; x_wconf 86' lang='grc' dir='ltr'>μὴ</span> <span class='ocrx_word' id='word_1_270' title='bbox 1592 2616 1858 2700; x_wconf 86' lang='grc' dir='ltr'>ἐνεργοῦν</span> <span class='ocrx_word' id='word_1_271' title='bbox 1902 2616 1968 2679; x_wconf 87' lang='grc' dir='ltr'>δὲ</span> <span class='ocrx_word' id='word_1_272' title='bbox 2011 2614 2137 2679; x_wconf 81' lang='grc' dir='ltr'>κατ’</span> <span class='ocrx_word' id='word_1_273' title='bbox 2179 2614 2323 2677; x_wconf 82' lang='grc' dir='ltr'>αὐτὸ</span> <span class='ocrx_word' id='word_1_274' title='bbox 2369 2615 2614 2699; x_wconf 89' lang='grc' dir='ltr'>δυνάμει</span> <span class='ocrx_word' id='word_1_275' title='bbox 2656 2613 2886 2697; x_wconf 88' lang='grc' dir='ltr'>λέγεται</span> <span class='ocrx_word' id='word_1_276' title='bbox 2929 2612 3046 2675; x_wconf 87' lang='grc' dir='ltr'>ἐπι-</span> 
     </span>
     <span class='ocr_line' id='line_1_24' title="bbox 534 2714 3132 2803; baseline -0.002 -23"><span class='ocrx_word' id='word_1_277' title='bbox 534 2722 784 2803; x_wconf 80' lang='grc' dir='ltr'>στῆμον,</span> <span class='ocrx_word' id='word_1_278' title='bbox 839 2718 927 2783; x_wconf 82' lang='grc' dir='ltr'>ὅτι</span> <span class='ocrx_word' id='word_1_279' title='bbox 974 2721 1055 2803; x_wconf 87' lang='grc' dir='ltr'>μὴ</span> <span class='ocrx_word' id='word_1_280' title='bbox 1105 2721 1325 2801; x_wconf 83' lang='grc' dir='ltr'>ὁμοίως</span> <span class='ocrx_word' id='word_1_281' title='bbox 1377 2719 1632 2801; x_wconf 83' lang='grc' dir='ltr'>λέγεται,</span> <span class='ocrx_word' id='word_1_282' title='bbox 1686 2716 1917 2787; x_wconf 82' lang='grc' dir='ltr'>ἔδειξεν.</span> <span class='ocrx_word' id='word_1_283' title='bbox 2008 2718 2190 2781; x_wconf 82' lang='grc' dir='ltr'>εἰπὼν</span> <span class='ocrx_word' id='word_1_284' title='bbox 2245 2717 2310 2780; x_wconf 84' lang='grc' dir='ltr'>δὲ</span> <span class='ocrx_word' id='word_1_285' title='bbox 2363 2717 2462 2781; x_wconf 84' lang='grc' dir='ltr'>καὶ</span> <span class='ocrx_word' id='word_1_286' title='bbox 2517 2717 2615 2779; x_wconf 89' lang='grc' dir='ltr'>τὸν</span> <span class='ocrx_word' id='word_1_287' title='bbox 2669 2714 2886 2801; x_wconf 84' lang='grc' dir='ltr'>ἔχοντα</span> <span class='ocrx_word' id='word_1_288' title='bbox 2940 2716 3046 2798; x_wconf 81' lang='grc' dir='ltr'>μὲν</span> <span class='ocrx_word' id='word_1_289' title='bbox 3073 2730 3132 2773; x_wconf 70' lang='lat' dir='ltr'>no</span> 
     </span>
     <span class='ocr_line' id='line_1_25' title="bbox 535 2816 3048 2907; baseline -0.001 -24"><span class='ocrx_word' id='word_1_290' title='bbox 535 2820 651 2904; x_wconf 87' lang='grc' dir='ltr'>ἤδη</span> <span class='ocrx_word' id='word_1_291' title='bbox 675 2816 787 2904; x_wconf 57' lang='grc' dir='ltr'>’τὴν</span> <span class='ocrx_word' id='word_1_292' title='bbox 818 2822 1165 2907; x_wconf 87' lang='grc' dir='ltr'>ἐπιστήμην,</span> <span class='ocrx_word' id='word_1_293' title='bbox 1215 2822 1295 2905; x_wconf 84' lang='grc' dir='ltr'>μὴ</span> <span class='ocrx_word' id='word_1_294' title='bbox 1330 2820 1669 2905; x_wconf 84' lang='grc' dir='ltr'>ἐνεργοῦντα</span> <span class='ocrx_word' id='word_1_295' title='bbox 1699 2820 1784 2897; x_wconf 88' lang='grc' dir='ltr'>δέ,</span> <span class='ocrx_word' id='word_1_296' title='bbox 1830 2820 2074 2903; x_wconf 86' lang='grc' dir='ltr'>δυνάμει</span> <span class='ocrx_word' id='word_1_297' title='bbox 2105 2817 2190 2882; x_wconf 88' lang='grc' dir='ltr'>ἔτι</span> <span class='ocrx_word' id='word_1_298' title='bbox 2219 2820 2316 2883; x_wconf 83' lang='grc' dir='ltr'>καὶ</span> <span class='ocrx_word' id='word_1_299' title='bbox 2362 2818 2536 2882; x_wconf 83' lang='grc' dir='ltr'>αὐτὸν</span> <span class='ocrx_word' id='word_1_300' title='bbox 2569 2819 2932 2903; x_wconf 83' lang='grc' dir='ltr'>ἐπιστήμονα</span> <span class='ocrx_word' id='word_1_301' title='bbox 2959 2818 3048 2882; x_wconf 82' lang='grc' dir='ltr'>λέ-</span> 
     </span>
    </p>

    <p class='ocr_par' dir='ltr' id='par_1_7' title="bbox 424 2920 3156 3416">
     <span class='ocr_line' id='line_1_26' title="bbox 424 2920 3050 3009; baseline -0.002 -21"><span class='ocrx_word' id='word_1_302' title='bbox 424 2942 490 2991; x_wconf 82' lang='lat'>25</span> <span class='ocrx_word' id='word_1_303' title='bbox 528 2926 752 3005; x_wconf 88' lang='grc' dir='ltr'>γεσθαι,</span> <span class='ocrx_word' id='word_1_304' title='bbox 791 2924 1179 3009; x_wconf 85' lang='grc' dir='ltr'>προσέθηκεν,</span> <span class='ocrx_word' id='word_1_305' title='bbox 1212 2924 1299 2987; x_wconf 86' lang='grc' dir='ltr'>ὅτι</span> <span class='ocrx_word' id='word_1_306' title='bbox 1330 2924 1361 2987; x_wconf 84' lang='grc' dir='ltr'>ὁ</span> <span class='ocrx_word' id='word_1_307' title='bbox 1393 2924 1433 3008; x_wconf 86' lang='grc' dir='ltr'><strong>ἧ</strong></span> <span class='ocrx_word' id='word_1_308' title='bbox 1444 2928 1525 3007; x_wconf 90' lang='grc' dir='ltr'>δη</span> <span class='ocrx_word' id='word_1_309' title='bbox 1558 2925 1847 3006; x_wconf 81' lang='grc' dir='ltr'>θεωρῶν</span> <span class='ocrx_word' id='word_1_310' title='bbox 1890 2946 1952 2985; x_wconf 89' lang='grc' dir='ltr'>τε</span> <span class='ocrx_word' id='word_1_311' title='bbox 1983 2924 2080 2985; x_wconf 82' lang='grc' dir='ltr'>καὶ</span> <span class='ocrx_word' id='word_1_312' title='bbox 2110 2922 2356 3006; x_wconf 87' lang='grc' dir='ltr'>ἐνεργῶν</span> <span class='ocrx_word' id='word_1_313' title='bbox 2387 2920 2558 2991; x_wconf 78' lang='grc' dir='ltr'>οὗτός</span> <span class='ocrx_word' id='word_1_314' title='bbox 2587 2922 2740 2985; x_wconf 89' lang='grc' dir='ltr'>ἐστιν</span> <span class='ocrx_word' id='word_1_315' title='bbox 2773 2922 2805 2984; x_wconf 84' lang='grc' dir='ltr'><strong>ὁ</strong></span> <span class='ocrx_word' id='word_1_316' title='bbox 2838 2921 3050 3006; x_wconf 83' lang='grc' dir='ltr'>κυρίως</span> 
     </span>
     <span class='ocr_line' id='line_1_27' title="bbox 531 3023 3133 3110; baseline 0 -22"><span class='ocrx_word' id='word_1_317' title='bbox 531 3026 841 3110; x_wconf 84' lang='grc' dir='ltr'>λεγόμενος</span> <span class='ocrx_word' id='word_1_318' title='bbox 893 3026 1262 3109; x_wconf 82' lang='grc' dir='ltr'>ἐπιστήμων,</span> <span class='ocrx_word' id='word_1_319' title='bbox 1326 3024 1514 3089; x_wconf 85' lang='grc' dir='ltr'>οὐκέτ’</span> <span class='ocrx_word' id='word_1_320' title='bbox 1572 3026 1654 3089; x_wconf 84' lang='grc' dir='ltr'>ὢν</span> <span class='ocrx_word' id='word_1_321' title='bbox 1708 3026 1965 3107; x_wconf 86' lang='grc' dir='ltr'>δυνάμει.</span> <span class='ocrx_word' id='word_1_322' title='bbox 2069 3023 2164 3109; x_wconf 84' lang='grc' dir='ltr'>ἐφ’</span> <span class='ocrx_word' id='word_1_323' title='bbox 2221 3025 2307 3093; x_wconf 83' lang='grc' dir='ltr'>οἷς</span> <span class='ocrx_word' id='word_1_324' title='bbox 2357 3026 2461 3109; x_wconf 85' lang='grc' dir='ltr'>τὴν</span> <span class='ocrx_word' id='word_1_325' title='bbox 2523 3024 2805 3109; x_wconf 82' lang='grc' dir='ltr'>διαφορὰν</span> <span class='ocrx_word' id='word_1_326' title='bbox 2863 3024 3050 3107; x_wconf 84' lang='grc' dir='ltr'>λέγων</span> <span class='ocrx_word' id='word_1_327' title='bbox 3077 3039 3133 3081; x_wconf 72' lang='lat'>2⁵</span> 
     </span>
     <span class='ocr_line' id='line_1_28' title="bbox 528 3125 3156 3212; baseline 0 -22"><span class='ocrx_word' id='word_1_328' title='bbox 528 3132 643 3190; x_wconf 85' lang='grc' dir='ltr'>τῶν</span> <span class='ocrx_word' id='word_1_329' title='bbox 676 3130 916 3211; x_wconf 86' lang='grc' dir='ltr'>δυνάμει</span> <span class='ocrx_word' id='word_1_330' title='bbox 958 3129 1285 3211; x_wconf 83' lang='grc' dir='ltr'>λεγομένων</span> <span class='ocrx_word' id='word_1_331' title='bbox 1332 3128 1679 3191; x_wconf 89' lang='grc' dir='ltr'>ἐπίστασθαι</span> <span class='ocrx_word' id='word_1_332' title='bbox 1722 3125 1956 3204; x_wconf 74' lang='grc' dir='ltr'>ἔδειξεν,</span> <span class='ocrx_word' id='word_1_333' title='bbox 2002 3126 2091 3189; x_wconf 79' lang='grc' dir='ltr'>ὅτι</span> <span class='ocrx_word' id='word_1_334' title='bbox 2140 3125 2146 3209; x_wconf 86' lang='grc' dir='ltr'>Ι</span> <span class='ocrx_word' id='word_1_335' title='bbox 2196 3128 2228 3189; x_wconf 84' lang='grc' dir='ltr'>ὁ</span> <span class='ocrx_word' id='word_1_336' title='bbox 2277 3126 2380 3209; x_wconf 79' lang='grc' dir='ltr'>μὲν</span> <span class='ocrx_word' id='word_1_337' title='bbox 2425 3130 2655 3212; x_wconf 89' lang='grc' dir='ltr'>πρῶτος</span> <span class='ocrx_word' id='word_1_338' title='bbox 2699 3125 3013 3210; x_wconf 86' lang='grc' dir='ltr'>λεγόμενος</span> <span class='ocrx_word' id='word_1_339' title='bbox 3059 3134 3156 3191; x_wconf 80' lang='grc'>157</span> 
     </span>
     <span class='ocr_line' id='line_1_29' title="bbox 530 3228 3050 3315; baseline -0.001 -22"><span class='ocrx_word' id='word_1_340' title='bbox 530 3231 788 3313; x_wconf 85' lang='grc' dir='ltr'>δυνάμει,</span> <span class='ocrx_word' id='word_1_341' title='bbox 846 3232 880 3294; x_wconf 79' lang='grc' dir='ltr'>ὁ</span> <span class='ocrx_word' id='word_1_342' title='bbox 926 3230 1075 3294; x_wconf 85' lang='grc' dir='ltr'>κατὰ</span> <span class='ocrx_word' id='word_1_343' title='bbox 1118 3232 1183 3293; x_wconf 86' lang='grc' dir='ltr'>τὸ</span> <span class='ocrx_word' id='word_1_344' title='bbox 1228 3230 1567 3315; x_wconf 86' lang='grc' dir='ltr'>πεφυκέναι,</span> <span class='ocrx_word' id='word_1_345' title='bbox 1625 3229 1731 3293; x_wconf 76' lang='grc' dir='ltr'>οὐκ</span> <span class='ocrx_word' id='word_1_346' title='bbox 1784 3229 1979 3297; x_wconf 79' lang='grc' dir='ltr'>ἄλλως</span> <span class='ocrx_word' id='word_1_347' title='bbox 2022 3230 2106 3298; x_wconf 85' lang='grc' dir='ltr'>εἰς</span> <span class='ocrx_word' id='word_1_348' title='bbox 2147 3230 2214 3291; x_wconf 86' lang='grc' dir='ltr'>τὸ</span> <span class='ocrx_word' id='word_1_349' title='bbox 2262 3229 2520 3313; x_wconf 76' lang='grc' dir='ltr'>ἐνεργείᾳ</span> <span class='ocrx_word' id='word_1_350' title='bbox 2562 3228 2834 3312; x_wconf 83' lang='grc' dir='ltr'>γενέσθαι</span> <span class='ocrx_word' id='word_1_351' title='bbox 2881 3251 3050 3312; x_wconf 86' lang='grc' dir='ltr'>μετα-</span> 
     </span>
     <span class='ocr_line' id='line_1_30' title="bbox 528 3330 3050 3416; baseline -0 -21"><span class='ocrx_word' id='word_1_352' title='bbox 528 3332 757 3415; x_wconf 88' lang='grc' dir='ltr'>βάλλει,</span> <span class='ocrx_word' id='word_1_353' title='bbox 811 3332 864 3395; x_wconf 82' lang='grc' dir='ltr'>εἰ</span> <span class='ocrx_word' id='word_1_354' title='bbox 910 3334 993 3416; x_wconf 85' lang='grc' dir='ltr'>μὴ</span> <span class='ocrx_word' id='word_1_355' title='bbox 1040 3332 1135 3395; x_wconf 82' lang='grc' dir='ltr'>διὰ</span> <span class='ocrx_word' id='word_1_356' title='bbox 1178 3337 1281 3396; x_wconf 88' lang='grc' dir='ltr'>τοῦ</span> <span class='ocrx_word' id='word_1_357' title='bbox 1326 3333 1537 3395; x_wconf 82' lang='grc' dir='ltr'>παθεῖν</span> <span class='ocrx_word' id='word_1_358' title='bbox 1591 3354 1655 3393; x_wconf 91' lang='grc' dir='ltr'>τε</span> <span class='ocrx_word' id='word_1_359' title='bbox 1706 3334 1804 3394; x_wconf 79' lang='grc' dir='ltr'>καὶ</span> <span class='ocrx_word' id='word_1_360' title='bbox 1850 3330 2248 3414; x_wconf 80' lang='grc' dir='ltr'>ἀλλοιωθῆναι</span> <span class='ocrx_word' id='word_1_361' title='bbox 2303 3332 2402 3393; x_wconf 83' lang='grc' dir='ltr'>διὰ</span> <span class='ocrx_word' id='word_1_362' title='bbox 2448 3332 2794 3416; x_wconf 83' lang='grc' dir='ltr'>μαθήσεως,</span> <span class='ocrx_word' id='word_1_363' title='bbox 2852 3330 2940 3416; x_wconf 80' lang='grc' dir='ltr'>(ὁ)</span> <span class='ocrx_word' id='word_1_364' title='bbox 2982 3332 3050 3394; x_wconf 86' lang='grc' dir='ltr'>δὲ</span> 
     </span>
    </p>

    <p class='ocr_par' dir='ltr' id='par_1_8' title="bbox 419 3431 3130 3929">
     <span class='ocr_line' id='line_1_31' title="bbox 419 3431 3130 3520; baseline -0.003 -19"><span class='ocrx_word' id='word_1_365' title='bbox 419 3454 489 3501; x_wconf 88' lang='grc' dir='ltr'>3ο</span> <span class='ocrx_word' id='word_1_366' title='bbox 527 3434 644 3518; x_wconf 81' lang='grc' dir='ltr'>ἤδη</span> <span class='ocrx_word' id='word_1_367' title='bbox 692 3433 850 3520; x_wconf 86' lang='grc' dir='ltr'>ἔχων</span> <span class='ocrx_word' id='word_1_368' title='bbox 894 3436 979 3505; x_wconf 86' lang='grc' dir='ltr'>εἰς</span> <span class='ocrx_word' id='word_1_369' title='bbox 1022 3436 1089 3499; x_wconf 85' lang='grc' dir='ltr'>τὸ</span> <span class='ocrx_word' id='word_1_370' title='bbox 1134 3435 1383 3519; x_wconf 84' lang='grc' dir='ltr'>ἐνεργεῖν</span> <span class='ocrx_word' id='word_1_371' title='bbox 1440 3433 1508 3497; x_wconf 80' lang='grc' dir='ltr'>οὐ</span> <span class='ocrx_word' id='word_1_372' title='bbox 1554 3433 1651 3497; x_wconf 83' lang='grc' dir='ltr'>διὰ</span> <span class='ocrx_word' id='word_1_373' title='bbox 1694 3434 1922 3503; x_wconf 87' lang='grc' dir='ltr'>πάθους</span> <span class='ocrx_word' id='word_1_374' title='bbox 1976 3431 2061 3496; x_wconf 84' lang='grc' dir='ltr'>ἔτι</span> <span class='ocrx_word' id='word_1_375' title='bbox 2115 3435 2212 3495; x_wconf 85' lang='grc' dir='ltr'>καὶ</span> <span class='ocrx_word' id='word_1_376' title='bbox 2258 3434 2634 3502; x_wconf 85' lang='grc' dir='ltr'>ἀλλοιώσεως</span> <span class='ocrx_word' id='word_1_377' title='bbox 2677 3434 3044 3518; x_wconf 85' lang='grc' dir='ltr'>μεταβάλλει.</span> <span class='ocrx_word' id='word_1_378' title='bbox 3101 3452 3130 3494; x_wconf 80' lang='lat'><strong>5</strong></span> 
     </span>
     <span class='ocr_line' id='line_1_32' title="bbox 530 3534 3047 3620; baseline 0 -21"><span class='ocrx_word' id='word_1_379' title='bbox 530 3537 717 3607; x_wconf 73' lang='grc' dir='ltr'>δείξας</span> <span class='ocrx_word' id='word_1_380' title='bbox 762 3536 813 3601; x_wconf 85' lang='grc' dir='ltr'>δ’</span> <span class='ocrx_word' id='word_1_381' title='bbox 871 3536 959 3600; x_wconf 78' lang='grc' dir='ltr'>ὅτι</span> <span class='ocrx_word' id='word_1_382' title='bbox 1005 3538 1087 3620; x_wconf 86' lang='grc' dir='ltr'>μὴ</span> <span class='ocrx_word' id='word_1_383' title='bbox 1119 3538 1332 3606; x_wconf 85' lang='grc' dir='ltr'>παντὸς</span> <span class='ocrx_word' id='word_1_384' title='bbox 1375 3540 1478 3599; x_wconf 93' lang='grc' dir='ltr'>τοῦ</span> <span class='ocrx_word' id='word_1_385' title='bbox 1519 3537 1760 3617; x_wconf 88' lang='grc' dir='ltr'>δυνάμει</span> <span class='ocrx_word' id='word_1_386' title='bbox 1802 3536 1885 3604; x_wconf 83' lang='grc' dir='ltr'>εἰς</span> <span class='ocrx_word' id='word_1_387' title='bbox 1927 3536 1994 3597; x_wconf 80' lang='grc' dir='ltr'>τὸ</span> <span class='ocrx_word' id='word_1_388' title='bbox 2026 3534 2284 3618; x_wconf 89' lang='grc' dir='ltr'>ἐνεργείᾳ</span> <span class='ocrx_word' id='word_1_389' title='bbox 2331 3536 2626 3619; x_wconf 87' lang='grc' dir='ltr'>μεταβολὴ</span> <span class='ocrx_word' id='word_1_390' title='bbox 2673 3534 2771 3598; x_wconf 82' lang='grc' dir='ltr'>διὰ</span> <span class='ocrx_word' id='word_1_391' title='bbox 2815 3536 3047 3606; x_wconf 88' lang='grc' dir='ltr'>πάθους</span> 
     </span>
     <span class='ocr_line' id='line_1_33' title="bbox 524 3637 3048 3724; baseline 0 -23"><span class='ocrx_word' id='word_1_392' title='bbox 524 3662 587 3701; x_wconf 88' lang='grc' dir='ltr'>τε</span> <span class='ocrx_word' id='word_1_393' title='bbox 633 3640 729 3702; x_wconf 83' lang='grc' dir='ltr'>καὶ</span> <span class='ocrx_word' id='word_1_394' title='bbox 775 3640 1183 3715; x_wconf 82' lang='grc' dir='ltr'>ἀλλοιώσεως,</span> <span class='ocrx_word' id='word_1_395' title='bbox 1239 3638 1451 3723; x_wconf 73' lang='grc' dir='ltr'>ἐφεξῆς</span> <span class='ocrx_word' id='word_1_396' title='bbox 1498 3639 1600 3701; x_wconf 84' lang='grc' dir='ltr'>καὶ</span> <span class='ocrx_word' id='word_1_397' title='bbox 1644 3642 1746 3701; x_wconf 92' lang='grc' dir='ltr'>τοῦ</span> <span class='ocrx_word' id='word_1_398' title='bbox 1792 3638 2178 3701; x_wconf 83' lang='grc' dir='ltr'>ἀλλοιοῦσθαί</span> <span class='ocrx_word' id='word_1_399' title='bbox 2225 3660 2288 3701; x_wconf 89' lang='grc' dir='ltr'>τε</span> <span class='ocrx_word' id='word_1_400' title='bbox 2340 3637 2436 3700; x_wconf 79' lang='grc' dir='ltr'>καὶ</span> <span class='ocrx_word' id='word_1_401' title='bbox 2480 3637 2729 3721; x_wconf 88' lang='grc' dir='ltr'>πάσχειν</span> <span class='ocrx_word' id='word_1_402' title='bbox 2775 3638 3048 3724; x_wconf 89' lang='grc' dir='ltr'>διαίρεσιν</span> 
     </span>
     <span class='ocr_line' id='line_1_34' title="bbox 525 3738 3128 3826; baseline -0.002 -23"><span class='ocrx_word' id='word_1_403' title='bbox 525 3740 871 3825; x_wconf 88' lang='grc' dir='ltr'>ἐποιήσατο,</span> <span class='ocrx_word' id='word_1_404' title='bbox 924 3742 1021 3804; x_wconf 86' lang='grc' dir='ltr'>καὶ</span> <span class='ocrx_word' id='word_1_405' title='bbox 1068 3739 1274 3826; x_wconf 84' lang='grc' dir='ltr'>ἔλαβεν</span> <span class='ocrx_word' id='word_1_406' title='bbox 1328 3741 1394 3802; x_wconf 89' lang='grc' dir='ltr'>τὸ</span> <span class='ocrx_word' id='word_1_407' title='bbox 1443 3739 1547 3821; x_wconf 85' lang='grc' dir='ltr'>μέν</span> <span class='ocrx_word' id='word_1_408' title='bbox 1602 3763 1653 3802; x_wconf 89' lang='grc' dir='ltr'>τι</span> <span class='ocrx_word' id='word_1_409' title='bbox 1708 3740 1936 3823; x_wconf 84' lang='grc' dir='ltr'>φθορὰν</span> <span class='ocrx_word' id='word_1_410' title='bbox 1992 3738 2140 3803; x_wconf 80' lang='grc' dir='ltr'>εἶναι</span> <span class='ocrx_word' id='word_1_411' title='bbox 2193 3739 2308 3802; x_wconf 83' lang='grc' dir='ltr'>ὑπὸ</span> <span class='ocrx_word' id='word_1_412' title='bbox 2352 3743 2452 3802; x_wconf 88' lang='grc' dir='ltr'>τοῦ</span> <span class='ocrx_word' id='word_1_413' title='bbox 2500 3738 2758 3803; x_wconf 83' lang='grc' dir='ltr'>ἐναντίου</span> <span class='ocrx_word' id='word_1_414' title='bbox 2813 3742 2909 3804; x_wconf 89' lang='grc' dir='ltr'>καὶ</span> <span class='ocrx_word' id='word_1_415' title='bbox 2955 3740 3044 3805; x_wconf 84' lang='grc' dir='ltr'>ἔκ·</span> <span class='ocrx_word' id='word_1_416' title='bbox 3074 3758 3128 3800; x_wconf 88' lang='grc' dir='ltr'>ιο</span> 
     </span>
     <span class='ocr_line' id='line_1_35' title="bbox 526 3838 3042 3929; baseline 0 -23"><span class='ocrx_word' id='word_1_417' title='bbox 526 3864 725 3907; x_wconf 88' lang='grc' dir='ltr'>στασιν</span> <span class='ocrx_word' id='word_1_418' title='bbox 769 3848 873 3907; x_wconf 88' lang='grc' dir='ltr'>τοῦ</span> <span class='ocrx_word' id='word_1_419' title='bbox 920 3844 980 3907; x_wconf 88' lang='grc' dir='ltr'>ἐν</span> <span class='ocrx_word' id='word_1_420' title='bbox 1036 3838 1089 3929; x_wconf 75' lang='grc' dir='ltr'><strong><em>ᾧ</em></strong></span> <span class='ocrx_word' id='word_1_421' title='bbox 1137 3842 1241 3927; x_wconf 81' lang='grc' dir='ltr'>ἦν,</span> <span class='ocrx_word' id='word_1_422' title='bbox 1298 3845 1380 3910; x_wconf 86' lang='grc' dir='ltr'>ὡς</span> <span class='ocrx_word' id='word_1_423' title='bbox 1424 3844 1642 3926; x_wconf 86' lang='grc' dir='ltr'>πάσχει</span> <span class='ocrx_word' id='word_1_424' title='bbox 1686 3843 1876 3904; x_wconf 89' lang='grc' dir='ltr'>πάντα</span> <span class='ocrx_word' id='word_1_425' title='bbox 1926 3841 2000 3903; x_wconf 85' lang='grc' dir='ltr'>τὰ</span> <span class='ocrx_word' id='word_1_426' title='bbox 2056 3842 2140 3910; x_wconf 82' lang='grc' dir='ltr'>εἰς</span> <span class='ocrx_word' id='word_1_427' title='bbox 2183 3841 2255 3904; x_wconf 83' lang='grc' dir='ltr'>τὰ</span> <span class='ocrx_word' id='word_1_428' title='bbox 2298 3841 2529 3905; x_wconf 86' lang='grc' dir='ltr'>ἐναντία</span> <span class='ocrx_word' id='word_1_429' title='bbox 2584 3842 3042 3927; x_wconf 86' lang='grc' dir='ltr'>μεταβάλλοντα,</span> 
     </span>
    </p>

    <p class='ocr_par' dir='ltr' id='par_1_9' title="bbox 414 3942 3042 4031">
     <span class='ocr_line' id='line_1_36' title="bbox 414 3942 3042 4031; baseline -0.002 -18"><span class='ocrx_word' id='word_1_430' title='bbox 414 3964 483 4013; x_wconf 83' lang='grc'>35</span> <span class='ocrx_word' id='word_1_431' title='bbox 522 3947 588 4009; x_wconf 86' lang='grc' dir='ltr'>τὸ</span> <span class='ocrx_word' id='word_1_432' title='bbox 634 3946 699 4011; x_wconf 83' lang='grc' dir='ltr'>δέ</span> <span class='ocrx_word' id='word_1_433' title='bbox 742 3968 797 4007; x_wconf 91' lang='grc' dir='ltr'>τι</span> <span class='ocrx_word' id='word_1_434' title='bbox 842 3947 1091 4031; x_wconf 89' lang='grc' dir='ltr'>πάσχειν</span> <span class='ocrx_word' id='word_1_435' title='bbox 1135 3944 1295 4009; x_wconf 82' lang='grc' dir='ltr'>εἶπεν</span> <span class='ocrx_word' id='word_1_436' title='bbox 1352 3943 1501 4007; x_wconf 80' lang='grc' dir='ltr'>εἶναι</span> <span class='ocrx_word' id='word_1_437' title='bbox 1554 3943 1623 4006; x_wconf 82' lang='grc' dir='ltr'>οὐ</span> <span class='ocrx_word' id='word_1_438' title='bbox 1675 3949 1761 4027; x_wconf 76' lang='grc' dir='ltr'>τῷ</span> <span class='ocrx_word' id='word_1_439' title='bbox 1808 3943 2185 4027; x_wconf 84' lang='grc' dir='ltr'>φθείρεσθαι,</span> <span class='ocrx_word' id='word_1_440' title='bbox 2239 3942 2391 4006; x_wconf 81' lang='grc' dir='ltr'>ἀλλὰ</span> <span class='ocrx_word' id='word_1_441' title='bbox 2443 3948 2533 4029; x_wconf 77' lang='grc' dir='ltr'>τῷ</span> <span class='ocrx_word' id='word_1_442' title='bbox 2589 3946 2890 4017; x_wconf 78' lang='grc' dir='ltr'>σώζεσθαι</span> <span class='ocrx_word' id='word_1_443' title='bbox 2945 3947 3042 4011; x_wconf 82' lang='grc' dir='ltr'>καὶ</span> 
     </span>
    </p>
   </div>
   <div class='ocr_carea' id='block_1_3' title="bbox 406 4170 3150 4944">
    <p class='ocr_par' dir='ltr' id='par_1_10' title="bbox 408 4170 3150 4680">
     <span class='ocr_line' id='line_1_37' title="bbox 416 4170 3148 4247; baseline 0 -20"><span class='ocrx_word' id='word_1_444' title='bbox 416 4176 440 4227; x_wconf 95' lang='grc'>1</span> <span class='ocrx_word' id='word_1_445' title='bbox 481 4174 599 4227; x_wconf 78' lang='grc' dir='ltr'>τότε</span> <span class='ocrx_word' id='word_1_446' title='bbox 633 4172 773 4227; x_wconf 86' lang='lat' dir='ltr'><strong>coni.</strong></span> <span class='ocrx_word' id='word_1_447' title='bbox 809 4173 926 4241; x_wconf 88' lang='lat' dir='ltr'>Sp.:</span> <span class='ocrx_word' id='word_1_448' title='bbox 966 4174 1024 4225; x_wconf 85' lang='grc' dir='ltr'>τό</span> <span class='ocrx_word' id='word_1_449' title='bbox 1060 4192 1113 4243; x_wconf 82' lang='grc' dir='ltr'>γε</span> <span class='ocrx_word' id='word_1_450' title='bbox 1150 4174 1271 4227; x_wconf 81' lang='lat' dir='ltr'>libri</span> <span class='ocrx_word' id='word_1_451' title='bbox 1449 4173 1481 4225; x_wconf 83' lang='lat'><strong>2</strong></span> <span class='ocrx_word' id='word_1_452' title='bbox 1518 4172 1647 4245; x_wconf 78' lang='grc' dir='ltr'>αὕτη</span> <span class='ocrx_word' id='word_1_453' title='bbox 1675 4191 1705 4224; x_wconf 78' lang='grc' dir='ltr'>ε</span> <span class='ocrx_word' id='word_1_454' title='bbox 1893 4174 1925 4225; x_wconf 87' lang='lat'>4</span> <span class='ocrx_word' id='word_1_455' title='bbox 1962 4170 2194 4242; x_wconf 73' lang='grc' dir='ltr'>λέγεσθαι</span> <span class='ocrx_word' id='word_1_456' title='bbox 2230 4172 2394 4227; x_wconf 56' lang='lat' dir='ltr'><strong>vien:</strong></span> <span class='ocrx_word' id='word_1_457' title='bbox 2442 4172 2638 4243; x_wconf 84' lang='grc' dir='ltr'>λέγεται</span> <span class='ocrx_word' id='word_1_458' title='bbox 2675 4173 2796 4226; x_wconf 86' lang='lat' dir='ltr'><strong>libri</strong></span> <span class='ocrx_word' id='word_1_459' title='bbox 2985 4174 3016 4226; x_wconf 89' lang='lat'>6</span> <span class='ocrx_word' id='word_1_460' title='bbox 3053 4176 3148 4247; x_wconf 85' lang='grc' dir='ltr'>τὴν</span> 
     </span>
     <span class='ocr_line' id='line_1_38' title="bbox 410 4258 3146 4334; baseline 0.001 -21"><span class='ocrx_word' id='word_1_461' title='bbox 410 4258 641 4331; x_wconf 76' lang='grc' dir='ltr'>αἴσθησιν</span> <span class='ocrx_word' id='word_1_462' title='bbox 680 4260 781 4315; x_wconf 82' lang='lat' dir='ltr'><strong>del.</strong></span> <span class='ocrx_word' id='word_1_463' title='bbox 820 4260 1079 4314; x_wconf 78' lang='lat' dir='ltr'><strong>Schwartz</strong></span> <span class='ocrx_word' id='word_1_464' title='bbox 1265 4262 1296 4313; x_wconf 82' lang='lat'><strong>7</strong></span> <span class='ocrx_word' id='word_1_465' title='bbox 1336 4261 1424 4313; x_wconf 79' lang='grc' dir='ltr'>καὶ</span> <span class='ocrx_word' id='word_1_466' title='bbox 1460 4261 1557 4330; x_wconf 83' lang='grc' dir='ltr'>τὴν</span> <span class='ocrx_word' id='word_1_467' title='bbox 1594 4258 1822 4329; x_wconf 73' lang='grc' dir='ltr'>αἴσθησιν</span> <span class='ocrx_word' id='word_1_468' title='bbox 1861 4262 1932 4314; x_wconf 83' lang='lat' dir='ltr'>G:</span> <span class='ocrx_word' id='word_1_469' title='bbox 1972 4262 2058 4313; x_wconf 78' lang='grc' dir='ltr'>καὶ</span> <span class='ocrx_word' id='word_1_470' title='bbox 2096 4262 2231 4315; x_wconf 79' lang='lat' dir='ltr'><strong>vict.</strong></span> <span class='ocrx_word' id='word_1_471' title='bbox 2272 4261 2363 4329; x_wconf 88' lang='lat' dir='ltr'>Sp.</span> <span class='ocrx_word' id='word_1_472' title='bbox 2557 4261 2615 4313; x_wconf 91' lang='lat' dir='ltr'>ll</span> <span class='ocrx_word' id='word_1_473' title='bbox 2646 4265 2698 4314; x_wconf 83' lang='lat' dir='ltr'>et</span> <span class='ocrx_word' id='word_1_474' title='bbox 2728 4260 2790 4313; x_wconf 83' lang='lat'>12</span> <span class='ocrx_word' id='word_1_475' title='bbox 2826 4262 3006 4334; x_wconf 80' lang='grc' dir='ltr'>πάσχει</span> <span class='ocrx_word' id='word_1_476' title='bbox 3031 4261 3146 4331; x_wconf 87' lang='lat' dir='ltr'>Sp.:</span> 
     </span>
     <span class='ocr_line' id='line_1_39' title="bbox 408 4346 3150 4419; baseline 0.001 -18"><span class='ocrx_word' id='word_1_477' title='bbox 408 4351 621 4419; x_wconf 81' lang='grc' dir='ltr'>πάσχειν</span> <span class='ocrx_word' id='word_1_478' title='bbox 657 4348 781 4401; x_wconf 78' lang='lat' dir='ltr'><strong>libri</strong></span> <span class='ocrx_word' id='word_1_479' title='bbox 925 4347 1025 4401; x_wconf 73' lang='grc' dir='ltr'>ὕπὸ</span> <span class='ocrx_word' id='word_1_480' title='bbox 1063 4352 1153 4401; x_wconf 80' lang='grc' dir='ltr'>τοῦ</span> <span class='ocrx_word' id='word_1_481' title='bbox 1190 4350 1351 4401; x_wconf 84' lang='lat' dir='ltr'><strong>Arist.</strong></span> <span class='ocrx_word' id='word_1_482' title='bbox 1502 4347 1565 4399; x_wconf 89' lang='grc'>12</span> <span class='ocrx_word' id='word_1_483' title='bbox 1602 4346 1659 4400; x_wconf 86' lang='grc' dir='ltr'>τὸ</span> <span class='ocrx_word' id='word_1_484' title='bbox 1696 4346 1935 4415; x_wconf 80' lang='grc' dir='ltr'>ἀνόμοιον</span> <span class='ocrx_word' id='word_1_485' title='bbox 1975 4348 2132 4401; x_wconf 81' lang='lat' dir='ltr'><strong>Arist.</strong></span> <span class='ocrx_word' id='word_1_486' title='bbox 2283 4348 2347 4401; x_wconf 87' lang='lat'>13</span> <span class='ocrx_word' id='word_1_487' title='bbox 2384 4347 2442 4400; x_wconf 82' lang='grc' dir='ltr'>τὸ</span> <span class='ocrx_word' id='word_1_488' title='bbox 2477 4347 2577 4401; x_wconf 79' lang='lat' dir='ltr'>del.</span> <span class='ocrx_word' id='word_1_489' title='bbox 2605 4348 2694 4416; x_wconf 86' lang='lat' dir='ltr'>Sp.</span> <span class='ocrx_word' id='word_1_490' title='bbox 2839 4348 3046 4417; x_wconf 82' lang='grc' dir='ltr'>δυνάμει</span> <span class='ocrx_word' id='word_1_491' title='bbox 3076 4348 3150 4404; x_wconf 67' lang='lat'>(3²</span> 
     </span>
     <span class='ocr_line' id='line_1_40' title="bbox 410 4432 3146 4504; baseline 0 -15"><span class='ocrx_word' id='word_1_492' title='bbox 410 4435 529 4504; x_wconf 78' lang='lat' dir='ltr'>Sp.=</span> <span class='ocrx_word' id='word_1_493' title='bbox 570 4432 777 4504; x_wconf 76' lang='grc' dir='ltr'>δι’)ναμιν</span> <span class='ocrx_word' id='word_1_494' title='bbox 816 4436 1105 4491; x_wconf 78' lang='lat' dir='ltr'><strong>VG¹FBSa</strong></span> <span class='ocrx_word' id='word_1_495' title='bbox 1276 4435 1339 4488; x_wconf 87' lang='lat'>15</span> <span class='ocrx_word' id='word_1_496' title='bbox 1378 4435 1569 4504; x_wconf 84' lang='grc' dir='ltr'>ὁμοίως</span> <span class='ocrx_word' id='word_1_497' title='bbox 1598 4437 1811 4487; x_wconf 80' lang='lat' dir='ltr'><strong>VFBSa</strong></span> <span class='ocrx_word' id='word_1_498' title='bbox 1834 4434 1951 4502; x_wconf 89' lang='lat' dir='ltr'>Sp.:</span> <span class='ocrx_word' id='word_1_499' title='bbox 1990 4434 2169 4503; x_wconf 83' lang='grc' dir='ltr'>ὁμοίαν</span> <span class='ocrx_word' id='word_1_500' title='bbox 2199 4439 2246 4491; x_wconf 85' lang='lat' dir='ltr'>G</span> <span class='ocrx_word' id='word_1_501' title='bbox 2285 4436 2398 4504; x_wconf 87' lang='lat' dir='ltr'><strong>Sp.:</strong></span> <span class='ocrx_word' id='word_1_502' title='bbox 2439 4433 2614 4503; x_wconf 79' lang='grc' dir='ltr'>ὅμοιον</span> <span class='ocrx_word' id='word_1_503' title='bbox 2653 4436 2793 4489; x_wconf 81' lang='lat' dir='ltr'><strong>vict.</strong></span> <span class='ocrx_word' id='word_1_504' title='bbox 2959 4436 3021 4489; x_wconf 85' lang='lat'>16</span> <span class='ocrx_word' id='word_1_505' title='bbox 3059 4438 3146 4489; x_wconf 78' lang='grc' dir='ltr'>καὶ</span> 
     </span>
     <span class='ocr_line' id='line_1_41' title="bbox 409 4521 3076 4593; baseline 0 -18"><span class='ocrx_word' id='word_1_506' title='bbox 409 4522 527 4576; x_wconf 76' lang='lat' dir='ltr'><strong>add.</strong></span> <span class='ocrx_word' id='word_1_507' title='bbox 564 4524 703 4577; x_wconf 78' lang='lat' dir='ltr'><strong>vict.</strong></span> <span class='ocrx_word' id='word_1_508' title='bbox 732 4522 824 4591; x_wconf 88' lang='lat' dir='ltr'>Sp.</span> <span class='ocrx_word' id='word_1_509' title='bbox 852 4522 1130 4592; x_wconf 83' lang='grc' dir='ltr'>(ἐπιλαβὼν</span> <span class='ocrx_word' id='word_1_510' title='bbox 1168 4523 1451 4589; x_wconf 77' lang='lat' dir='ltr'><strong>Schwartz)</strong></span> <span class='ocrx_word' id='word_1_511' title='bbox 1594 4522 1663 4573; x_wconf 85' lang='lat'>20</span> <span class='ocrx_word' id='word_1_512' title='bbox 1700 4522 1973 4592; x_wconf 83' lang='grc' dir='ltr'>ἐπιστῆμον</span> <span class='ocrx_word' id='word_1_513' title='bbox 2003 4522 2119 4590; x_wconf 85' lang='lat' dir='ltr'><strong>Sp.:</strong></span> <span class='ocrx_word' id='word_1_514' title='bbox 2158 4521 2469 4590; x_wconf 85' lang='grc' dir='ltr'>ἐπιστήμονα</span> <span class='ocrx_word' id='word_1_515' title='bbox 2494 4524 2704 4577; x_wconf 78' lang='lat' dir='ltr'>VFGS:</span> <span class='ocrx_word' id='word_1_516' title='bbox 2741 4522 3017 4593; x_wconf 78' lang='grc' dir='ltr'>ἐπιστήμον</span> <span class='ocrx_word' id='word_1_517' title='bbox 3043 4540 3076 4575; x_wconf 77' lang='grc' dir='ltr'>ε</span> 
     </span>
     <span class='ocr_line' id='line_1_42' title="bbox 410 4608 2994 4680; baseline 0.001 -20"><span class='ocrx_word' id='word_1_518' title='bbox 410 4608 477 4660; x_wconf 88' lang='grc'>22</span> <span class='ocrx_word' id='word_1_519' title='bbox 513 4608 673 4679; x_wconf 71' lang='grc' dir='ltr'>αυτὴν</span> <span class='ocrx_word' id='word_1_520' title='bbox 710 4608 799 4677; x_wconf 87' lang='lat' dir='ltr'>Sp.</span> <span class='ocrx_word' id='word_1_521' title='bbox 998 4608 1083 4663; x_wconf 89' lang='grc'>22.</span> <span class='ocrx_word' id='word_1_522' title='bbox 1111 4609 1179 4663; x_wconf 83' lang='grc'>23</span> <span class='ocrx_word' id='word_1_523' title='bbox 1216 4610 1491 4680; x_wconf 83' lang='grc' dir='ltr'>ἐπιστῆμον</span> <span class='ocrx_word' id='word_1_524' title='bbox 1530 4610 1609 4677; x_wconf 87' lang='lat' dir='ltr'>(in</span> <span class='ocrx_word' id='word_1_525' title='bbox 1645 4609 1749 4675; x_wconf 88' lang='lat' dir='ltr'><strong>lit.)</strong></span> <span class='ocrx_word' id='word_1_526' title='bbox 1792 4612 1927 4661; x_wconf 88' lang='lat' dir='ltr'>VFB</span> <span class='ocrx_word' id='word_1_527' title='bbox 1968 4608 2084 4678; x_wconf 85' lang='lat' dir='ltr'><strong>Sp.:</strong></span> <span class='ocrx_word' id='word_1_528' title='bbox 2124 4608 2402 4678; x_wconf 79' lang='grc' dir='ltr'>ἐπιστήμην</span> <span class='ocrx_word' id='word_1_529' title='bbox 2442 4627 2500 4661; x_wconf 80' lang='lat' dir='ltr'>a:</span> <span class='ocrx_word' id='word_1_530' title='bbox 2538 4610 2832 4679; x_wconf 85' lang='grc' dir='ltr'>ἐπιστήμων</span> <span class='ocrx_word' id='word_1_531' title='bbox 2858 4612 2994 4663; x_wconf 81' lang='lat' dir='ltr'><strong>vict.</strong></span> 
     </span>
    </p>

    <p class='ocr_par' dir='ltr' id='par_1_11' title="bbox 406 4694 3142 4944">
     <span class='ocr_line' id='line_1_43' title="bbox 409 4694 3142 4767; baseline 0.001 -21"><span class='ocrx_word' id='word_1_532' title='bbox 409 4694 476 4747; x_wconf 86' lang='grc'>23</span> <span class='ocrx_word' id='word_1_533' title='bbox 512 4694 589 4747; x_wconf 78' lang='grc' dir='ltr'>ὅτι</span> <span class='ocrx_word' id='word_1_534' title='bbox 624 4694 723 4759; x_wconf 70' lang='grc' dir='ltr'>(δὲ)</span> <span class='ocrx_word' id='word_1_535' title='bbox 748 4696 887 4748; x_wconf 84' lang='lat' dir='ltr'><strong>coni.</strong></span> <span class='ocrx_word' id='word_1_536' title='bbox 915 4696 1029 4763; x_wconf 79' lang='lat' dir='ltr'><strong>Sp.:</strong></span> <span class='ocrx_word' id='word_1_537' title='bbox 1067 4694 1291 4749; x_wconf 80' lang='lat' dir='ltr'><strong>fortasse</strong></span> <span class='ocrx_word' id='word_1_538' title='bbox 1327 4696 1399 4760; x_wconf 81' lang='grc' dir='ltr'>(ὃ)</span> <span class='ocrx_word' id='word_1_539' title='bbox 1426 4694 1501 4748; x_wconf 83' lang='grc' dir='ltr'>ὅτι</span> <span class='ocrx_word' id='word_1_540' title='bbox 1669 4694 1999 4756; x_wconf 75' lang='grc' dir='ltr'>δτι-ἔδειξεν</span> <span class='ocrx_word' id='word_1_541' title='bbox 2037 4713 2084 4747; x_wconf 88' lang='lat' dir='ltr'><strong>m</strong></span> <span class='ocrx_word' id='word_1_542' title='bbox 2105 4696 2122 4727; x_wconf 88' lang='lat'>¹</span> <span class='ocrx_word' id='word_1_543' title='bbox 2147 4697 2182 4747; x_wconf 90' lang='lat' dir='ltr'>i.</span> <span class='ocrx_word' id='word_1_544' title='bbox 2211 4711 2314 4764; x_wconf 82' lang='lat' dir='ltr'>mg.</span> <span class='ocrx_word' id='word_1_545' title='bbox 2342 4699 2390 4746; x_wconf 89' lang='lat' dir='ltr'>V</span> <span class='ocrx_word' id='word_1_546' title='bbox 2569 4696 2636 4749; x_wconf 85' lang='lat'>25</span> <span class='ocrx_word' id='word_1_547' title='bbox 2674 4695 2752 4749; x_wconf 78' lang='grc' dir='ltr'>ὅτι</span> <span class='ocrx_word' id='word_1_548' title='bbox 2779 4695 2805 4749; x_wconf 85' lang='grc' dir='ltr'><strong>ὁ</strong></span> <span class='ocrx_word' id='word_1_549' title='bbox 2831 4696 2927 4767; x_wconf 84' lang='grc' dir='ltr'>ἤδη</span> <span class='ocrx_word' id='word_1_550' title='bbox 2957 4698 3142 4765; x_wconf 79' lang='lat' dir='ltr'><strong>scripsi</strong></span> 
     </span>
     <span class='ocr_line' id='line_1_44' title="bbox 406 4780 3142 4853; baseline 0.001 -19"><span class='ocrx_word' id='word_1_551' title='bbox 406 4780 493 4848; x_wconf 80' lang='lat' dir='ltr'><strong>(cf.</strong></span> <span class='ocrx_word' id='word_1_552' title='bbox 532 4782 568 4833; x_wconf 89' lang='lat' dir='ltr'>l.</span> <span class='ocrx_word' id='word_1_553' title='bbox 593 4798 637 4835; x_wconf 83' lang='lat' dir='ltr'>c.</span> <span class='ocrx_word' id='word_1_554' title='bbox 675 4781 945 4850; x_wconf 71' lang='lat'>417228):</span> <span class='ocrx_word' id='word_1_555' title='bbox 1002 4781 1029 4835; x_wconf 82' lang='grc' dir='ltr'>ὁ</span> <span class='ocrx_word' id='word_1_556' title='bbox 1074 4781 1171 4852; x_wconf 76' lang='grc' dir='ltr'>ἤδη</span> <span class='ocrx_word' id='word_1_557' title='bbox 1212 4782 1349 4835; x_wconf 81' lang='lat' dir='ltr'><strong>vict.</strong></span> <span class='ocrx_word' id='word_1_558' title='bbox 1400 4800 1465 4835; x_wconf 80' lang='lat' dir='ltr'>ex</span> <span class='ocrx_word' id='word_1_559' title='bbox 1504 4784 1692 4836; x_wconf 73' lang='lat' dir='ltr'><strong>Arist-z</strong></span> <span class='ocrx_word' id='word_1_560' title='bbox 1742 4780 1819 4835; x_wconf 83' lang='grc' dir='ltr'>ὅτι</span> <span class='ocrx_word' id='word_1_561' title='bbox 1857 4782 1986 4852; x_wconf 66' lang='grc' dir='ltr'>μηδὲ</span> <span class='ocrx_word' id='word_1_562' title='bbox 2026 4785 2247 4836; x_wconf 67' lang='lat' dir='ltr'>vBS¹22=</span> <span class='ocrx_word' id='word_1_563' title='bbox 2293 4780 2370 4835; x_wconf 82' lang='grc' dir='ltr'>ὅτι</span> <span class='ocrx_word' id='word_1_564' title='bbox 2417 4782 2500 4836; x_wconf 81' lang='grc' dir='ltr'>ὅδε</span> <span class='ocrx_word' id='word_1_565' title='bbox 2547 4783 2674 4853; x_wconf 79' lang='grc' dir='ltr'>μηδὲ</span> <span class='ocrx_word' id='word_1_566' title='bbox 2711 4788 2778 4837; x_wconf 71' lang='grc' dir='ltr'>Εε</span> <span class='ocrx_word' id='word_1_567' title='bbox 2830 4782 2908 4837; x_wconf 83' lang='grc' dir='ltr'>ὅτι</span> <span class='ocrx_word' id='word_1_568' title='bbox 2950 4783 3032 4838; x_wconf 82' lang='grc' dir='ltr'>ὅδε</span> <span class='ocrx_word' id='word_1_569' title='bbox 3071 4788 3142 4839; x_wconf 80' lang='lat' dir='ltr'>G:</span> 
     </span>
     <span class='ocr_line' id='line_1_45' title="bbox 406 4864 2815 4944; baseline 0.002 -25"><span class='ocrx_word' id='word_1_570' title='bbox 406 4864 481 4919; x_wconf 80' lang='grc' dir='ltr'>ὅτι</span> <span class='ocrx_word' id='word_1_571' title='bbox 517 4867 581 4921; x_wconf 80' lang='lat' dir='ltr'>S²</span> <span class='ocrx_word' id='word_1_572' title='bbox 776 4867 845 4923; x_wconf 88' lang='grc'>26</span> <span class='ocrx_word' id='word_1_573' title='bbox 884 4864 1050 4922; x_wconf 71' lang='grc' dir='ltr'>οὐκέτ’</span> <span class='ocrx_word' id='word_1_574' title='bbox 1090 4867 1188 4938; x_wconf 79' lang='grc' dir='ltr'>ὢν]</span> <span class='ocrx_word' id='word_1_575' title='bbox 1228 4867 1288 4921; x_wconf 80' lang='grc' dir='ltr'>οὺ</span> <span class='ocrx_word' id='word_1_576' title='bbox 1326 4870 1413 4921; x_wconf 78' lang='grc' dir='ltr'>καὶ</span> <span class='ocrx_word' id='word_1_577' title='bbox 1448 4875 1553 4921; x_wconf 86' lang='grc' dir='ltr'>τῶν</span> <span class='ocrx_word' id='word_1_578' title='bbox 1591 4870 1665 4922; x_wconf 71' lang='lat' dir='ltr'>Sa</span> <span class='ocrx_word' id='word_1_579' title='bbox 1844 4868 1912 4920; x_wconf 86' lang='grc'>29</span> <span class='ocrx_word' id='word_1_580' title='bbox 1949 4867 1976 4921; x_wconf 84' lang='grc' dir='ltr'><strong>ὁ</strong></span> <span class='ocrx_word' id='word_1_581' title='bbox 2014 4868 2132 4922; x_wconf 66' lang='lat' dir='ltr'><strong>add.</strong></span> <span class='ocrx_word' id='word_1_582' title='bbox 2172 4869 2261 4937; x_wconf 79' lang='lat' dir='ltr'>Sp.</span> <span class='ocrx_word' id='word_1_583' title='bbox 2443 4870 2510 4923; x_wconf 83' lang='lat'>35</span> <span class='ocrx_word' id='word_1_584' title='bbox 2548 4872 2748 4944; x_wconf 83' lang='grc' dir='ltr'>πάσχον</span> <span class='ocrx_word' id='word_1_585' title='bbox 2782 4887 2815 4923; x_wconf 73' lang='grc' dir='ltr'>ε</span> 
     </span>
    </p>
   </div>
   <div class='ocr_carea' id='block_1_4' title="bbox 2641 4956 2734 5019">
    <p class='ocr_par' dir='ltr' id='par_1_12' title="bbox 2641 4956 2734 5019">
     <span class='ocr_line' id='line_1_46' title="bbox 2641 4956 2734 5019; baseline 0 -24"><span class='ocrx_word' id='word_1_586' title='bbox 2641 4956 2734 5019; x_wconf 61' lang='grc'>6*</span> 
     </span>
    </p>
   </div>
  </div>
 </body>
</html>
