3684 5567
624 298 747 360 100
1584 295 1625 349 A
1634 292 1888 350 nomes
1931 292 2050 349 ΚΑΙ
2087 291 2354 348 ΛΥΣΕΩΝ

723 468 1036 533 ὑπόστασιν
1086 471 1373 553 γίνεσθαι,
1430 472 1525 535 καὶ
1578 472 1773 555 πλήρη
1830 472 1936 554 τὴν
1995 476 2103 553 γῆν
2165 470 2430 552 τοιαύτης
2485 466 2990 550 καταμεμιγμένης
3041 463 3216 550 ξηρᾶς

723 573 819 634 καὶ
865 574 1128 637 ἀπέπτου
1160 577 1561 658 περιττώσεως
1604 574 1823 657 ὁμοίως
1865 578 1942 656 τῇ
1977 574 2190 658 τέφρα·
2235 574 2307 655 ἢν
2351 572 2412 633 ἐν
2455 576 2579 640 ταῖς
2621 572 2734 635 ὑπὸ
2773 575 2878 633 τοῦ
2923 570 3093 653 ἡλίου
3137 593 3212 651 γι·
3240 583 3296 624 ¹⁰

728 675 990 756 νομέναις
1034 678 1488 761 ἀναθυμιάσεσιν
1534 676 1651 739 ἀπό
1695 700 1759 739 τε
1800 682 1908 760 τῆς
1949 682 2056 759 γῆς
2107 677 2205 737 καὶ
2247 678 2350 737 τοῦ
2397 674 2602 742 ὕδατος
2643 672 3211 756 ἐγκαταμεμιγμένην

723 776 827 839 ἀ”τε
870 776 1045 842 οὖσαν
1090 779 1443 863 κουφοτέραν
1488 781 1547 842 ἐν
1577 785 1701 848 ταῖς
1744 779 1824 847 εἰς
1873 780 2028 862 ὕδωρ
2061 776 2374 841 συστάσεσί
2411 800 2474 839 τε
2517 782 2633 839 τῶν
2663 782 2854 861 νεφῶν
2902 777 2998 838 καὶ
3043 798 3210 856 μετα-

656 898 687 947 5
726 880 925 962 βολαῖς
970 882 1536 966 ἐγκαταμιγνυμένην
1580 884 1675 946 καὶ
1708 880 2288 965 συγκαταφερομένην
2333 879 2425 941 ἀεὶ
2469 880 2658 964 ἀρχὴν
2703 881 2800 943 καὶ
2843 879 3026 941 αἰτίαν
3071 878 3214 941 εἶναι
3237 892 3291 933 ¹⁵

722 988 827 1067 τῆς
868 986 1175 1069 ποιότητος
1216 990 1317 1049 τοῦ
1364 990 1467 1069 τῆς
1512 985 1801 1067 θαλάττης
1847 985 2070 1059 ὕδατος,
2114 983 2186 1066 ἧς
2229 984 2630 1067 περιττώσεως
2673 983 2734 1045 ἐν
2779 988 2903 1050 ταῖς
2945 982 3064 1044 ἀπὸ
3106 985 3212 1063 τῆς

720 1086 1012 1171 θαλάττης
1068 1088 1489 1171 ἀναθυμιάσεσι
1542 1090 1609 1151 τὸ
1653 1092 1922 1151 πλεῖστον
1977 1086 2284 1170 ὑπομένον.
2371 1085 2518 1148 εἶναι
2569 1087 2677 1168 γάρ
2723 1108 2774 1147 τι
2825 1086 2923 1147 καὶ
2978 1105 3209 1147 συνανα-

716 1189 1035 1273 φερόμενον
1079 1196 1165 1276 τῷ
1214 1192 1375 1255 ὕδατι
1419 1191 1514 1254 καὶ
1560 1192 1918 1277 μεταβάλλον
1971 1192 2056 1259 εἰς
2097 1190 2275 1273 γλυκὺ
2321 1191 2382 1253 ἐν
2427 1194 2502 1271 τῇ
2549 1189 2721 1273 πέψει
2775 1211 2838 1250 τε
2879 1187 2975 1249 καὶ
3019 1189 3093 1269 τῇ
3141 1185 3208 1247 ἐκ
3233 1201 3290 1243 2⁰

716 1297 832 1354 τῶν
864 1298 1057 1376 νεφῶν
1097 1295 1415 1379 μεταβολῇ,
1460 1313 1501 1352 ὓ
1544 1312 1585 1352 ¹⁵
1628 1313 1669 1351 ³²·-
1713 1298 1882 1357 τοῦτο
1929 1296 1992 1358 δὲ
2035 1294 2100 1358 τὸ
2132 1293 2417 1377 ὑπομένον
2459 1298 2563 1376 τῆς
2593 1291 2988 1376 ἁλμυρότητος
3029 1288 3207 1353 αἴτιον
3287 1274 3302 1291 ‘

616 1415 675 1460 ιο
710 1398 799 1480 τῷ
858 1396 1019 1459 ὕδατι
1070 1402 1155 1481 τῷ
1209 1403 1311 1480 τῆς
1364 1398 1683 1481 θαλάσσης.
1772 1396 1864 1461 ὅτι
1915 1399 1982 1460 δὲ
2031 1398 2134 1461 σὺν
2190 1402 2274 1482 τῷ
2329 1396 2558 1479 ὑομένφ
2611 1396 2774 1459 ὕδατι
2828 1394 3064 1477 τοιαύτη
3121 1417 3203 1463 τις

712 1499 1204 1585 συγκαταφέρεται
1248 1501 1599 1584 περίττωσις,
1644 1498 1854 1571 ἔδειξεν
1885 1501 1953 1563 ἐκ
1981 1506 2080 1563 τοῦ
2121 1502 2194 1563 τά
2237 1524 2299 1563 τε
2342 1500 2502 1564 νότια
2547 1500 2727 1562 ὕδατα
2771 1500 3019 1580 μάλιστα
3061 1496 3207 1560 εἶναι

711 1601 933 1665 πλατέα
977 1608 1061 1688 τῷ
1109 1604 1205 1666 καὶ
1256 1605 1351 1666 τὸν
1394 1603 1558 1667 νότον
1604 1606 1721 1667 ἀπὸ
1776 1610 1892 1667 τῶν
1939 1610 2132 1689 μερῶν
2188 1604 2424 1666 ἐκείνων
2478 1604 2583 1686 τὴν
2635 1602 2854 1684 γένεσιν
2898 1598 3086 1687 ἔχειν,
3143 1601 3203 1663 ἐν
3231 1616 3288 1657 2⁵

714 1704 800 1773 οἷς
844 1706 1058 1769 πλείων
1102 1730 1140 1788 η
1188 1705 1333 1790 ξηρὰ
1375 1707 1756 1788 ἀναθυμίασις
1796 1708 2043 1791 γίνεται,
2097 1708 2424 1790 πλατύτερα
2477 1707 2544 1768 δὲ
2585 1706 2682 1767 καὶ
2726 1706 2796 1767 τὰ
2840 1708 3044 1788 πρῶτα
3087 1708 3201 1767 τῶν

713 1814 1125 1892 μετοπωρινῶν
1180 1810 1435 1885 ὑδάτων,
1500 1807 1587 1871 ὅτι
1639 1811 1862 1894 ἀνάγκη
1922 1810 1994 1873 τὰ
2047 1810 2335 1895 βαρύτατα
2395 1812 2600 1894 πρῶτα
2655 1806 2662 1893 Ι
2721 1807 3170 1892 καταφέρεσθαι,
3217 1814 3312 1871 192

612 1929 669 1978 15
708 1912 1003 1995 βαρύτατα
1060 1914 1123 1975 δὲ
1178 1912 1247 1975 τὰ
1300 1915 1569 1975 πλεῖστον
1622 1914 1688 1975 τὸ
1740 1914 1958 1995 γεῶδες
2011 1914 2072 1976 ἐν
2126 1914 2357 1983 ἑαυτοῖς
2409 1912 2640 1999 ἔχοντα.
2731 1911 2818 1975 ὅτι
2873 1912 2938 1974 δὲ
2979 1914 3203 1975 τοιοῦτο

708 2016 1039 2099 περίττωμα
1084 2020 1157 2097 τῇ
1192 2015 1465 2099 θαλάσσῃ
1506 2016 1675 2091 πολύ,
1720 2016 2082 2080 ἐπιστώσατο
2125 2018 2222 2081 καὶ
2267 2017 2363 2080 διὰ
2404 2022 2508 2081 τοῦ
2539 2017 2766 2101 θερμὴν
2809 2014 2992 2098 αὐτὴν
3035 2012 3199 2077 εἶναι.

706 2120 893 2182 πάντα
934 2118 1045 2203 γὰρ
1092 2118 1201 2182 ὅσα
1246 2119 1579 2203 πεπύρωται
1625 2117 1755 2205 ἔχει
1799 2122 1924 2183 τινὰ
1969 2120 2206 2203 δύναμιν
2253 2122 2609 2205 θερμότητος
2653 2120 2715 2181 ἐν
2759 2118 2984 2195 αὑτοῖς,
3035 2121 3118 2186 ὥς
3161 2117 3202 2199 ἤ
3255 2134 3282 2175 ⁵

709 2244 772 2284 τε
816 2222 978 2284 κονία
1021 2224 1119 2286 καὶ
1160 2224 1199 2305 ἡ
1244 2222 1427 2305 τέφρα
1470 2224 1567 2287 καὶ
1612 2224 1650 2306 ἡ
1696 2226 1812 2286 τῶν
1861 2222 2030 2307 ζῴων
2077 2222 2408 2301 ὑπόστασις,
2455 2224 2552 2285 καὶ
2595 2224 2635 2305 ὴ
2680 2226 2798 2285 τῶν
2835 2221 3198 2306 θερμοτέρων

704 2325 807 2408 τὴν
862 2326 1077 2389 κοιλίαν
1124 2325 1295 2410 ζῴων
1352 2327 1447 2389 καὶ
1492 2325 1805 2394 ὑπόστασις
1857 2326 2200 2419 θερμοτέρα.
2277 2326 2642 2389 ἐπιστώσατο
2697 2326 2762 2387 δὲ
2815 2326 3073 2409 ἁλμυρὸν
3123 2325 3199 2406 γί-

606 2446 672 2493 20
710 2430 911 2491 νεσθαι
955 2428 1103 2492 κατὰ
1134 2428 1283 2507 μῖξιν
1328 2430 1587 2493 τοιούτου
1619 2432 1768 2497 τινὸς
1796 2433 2229 2514 περιττώματος
2271 2430 2369 2492 καὶ
2413 2429 2530 2491 ἀπὸ
2575 2434 2680 2511 τῆς
2711 2430 2978 2513 ἱστορίας,
3023 2452 3196 2512 παρα·
3227 2444 3280 2486 ιο

700 2530 949 2613 θέμενος
991 2532 1224 2613 λιμένας
1276 2556 1339 2595 τε
1385 2535 1479 2596 καὶ
1524 2533 1845 2617 ποταμούς,
1901 2534 1982 2595 ὧν
2029 2532 2209 2596 ὄντων
2257 2533 2529 2616 ἁλμυρῶν
2585 2532 2947 2617 συμβέβηκεν
2990 2533 3088 2594 καὶ
3131 2532 3194 2594 τὸ

700 2634 855 2717 ὕδωρ
900 2634 1227 2719 παχύτερόν
1282 2659 1346 2699 τε
1389 2636 1534 2699 εἶναι
1587 2638 1681 2699 καὶ
1725 2636 2143 2720 γεωδέστερον,
2207 2638 2288 2705 ὡς
2329 2638 2396 2698 τὸ
2444 2636 2548 2717 μὲν
2595 2636 2678 2718 μὴ
2724 2635 2826 2697 ἐᾶν
2871 2635 2966 2698 διὰ
3011 2633 3191 2719 παχύ-

700 2760 845 2822 τητα
889 2738 1324 2823 καταφέρεσθαι
1376 2740 1439 2802 ἐν
1483 2740 1673 2823 ἑαυτῷ
1719 2740 1791 2802 τὰ
1834 2740 2004 2823 φύσιν
2049 2737 2262 2824 ἔχοντα
2307 2740 2368 2801 ἐν
2413 2744 2498 2823 τῷ
2548 2738 2709 2801 ὕδατι
2751 2736 2994 2800 τεθέντα
3034 2738 3194 2801 κάτω

699 2840 1001 2925 φέρεσθαι,
1048 2842 1118 2905 τὰ
1164 2843 1229 2905 δὲ
1276 2843 1677 2927 θερμανθέντα
1720 2842 1813 2905 διὰ
1859 2844 1962 2926 τὴν
2007 2842 2318 2928 παχύτητα
2361 2842 2506 2910 ἅλας
2549 2845 2750 2904 ποιεῖν.
3223 2856 3274 2897 1⁵

591 3102 655 3151 25
694 3082 802 3147 XI.
886 3082 1369 3171 Ἐπιχείρησις
1414 3084 1524 3147 ὅτι
1566 3083 1768 3147 θέσει
1810 3084 1893 3147 τὰ
1937 3083 2266 3169 ὀνόματα.

866 3253 939 3319 Εἰ
982 3254 1203 3319 θετικοὶ
1246 3260 1363 3319 τῶν
1421 3254 1720 3339 ὀνομάτων
1776 3256 1952 3340 ἐσμὲν
1997 3256 2196 3339 φύσει,
2251 3257 2347 3319 καὶ
2399 3261 2570 3319 τοῦτο
2613 3256 2773 3340 παρὰ
2816 3260 2919 3340 τῆς
2961 3254 3190 3339 φύσεως

696 3355 908 3441 ἔχομεν
963 3360 1028 3421 τὸ
1075 3360 1359 3423 δύνασθαι
1414 3359 1713 3441 ὀνομάζειν
1774 3360 1874 3423 καὶ
1925 3360 2192 3423 τίθεσθαι
2247 3360 2318 3422 τὰ
2365 3358 2620 3441 ὀνόματα
2671 3363 2791 3428 τοῖς
2845 3362 3190 3443 πράγμασιν,
3217 3374 3274 3416 2⁰

695 3464 869 3543 δῆλον
917 3462 999 3529 ὡς
1043 3460 1208 3525 θέσει
1250 3462 1325 3525 τὰ
1368 3461 1651 3545 ὀνόματα·
1718 3463 1884 3526 θέσει
1927 3464 2036 3547 γὰρ
2081 3466 2249 3547 ἡμεῖς
2304 3462 2606 3545 τιθέμεθα.
2697 3462 2765 3525 οὐ
2809 3464 2917 3547 γὰρ
2962 3463 3082 3526 οἷόν
3127 3486 3189 3527 τε

693 3568 793 3625 τοῦ
839 3564 1119 3648 ὀνόματος
1168 3562 1414 3628 ἑκάστου
1458 3570 1575 3629 τῶν
1621 3568 1972 3649 πραγμάτων
2019 3567 2378 3652 ὑπάρχοντος
2429 3566 2602 3651 φύσει
2645 3568 2803 3650 ἡμᾶς
2846 3564 2938 3629 ἐπ’
2994 3566 3190 3635 αὐτοῖς

588 3684 655 3732 30
692 3667 958 3730 τίθεσθαι
1001 3668 1168 3731 αὐτά.
1241 3672 1322 3737 ὥς
1365 3668 1470 3753 γὰρ
1512 3668 1839 3753 ἐπιστήμης
1889 3668 1896 3754 Ι
1945 3668 2103 3739 ὄντες
2146 3671 2388 3733 δεκτικοὶ
2437 3670 2606 3755 φύσει
2651 3672 2759 3733 οὐκ
2789 3668 3004 3755 ἔχομεν
3047 3670 3150 3739 τὰς
3195 3676 3289 3733 193

698 3770 1021 3853 ἐπιστήμας
1064 3772 1258 3854 φύσει,
1305 3772 1455 3835 ἀλλὰ
1499 3773 1564 3836 τὸ
1612 3774 1715 3852 μὲν
1762 3772 2044 3835 δύνασθαι
2089 3773 2368 3857 δέχεσθαι
2413 3774 2742 3858 ἐπιστήμην
2786 3771 2924 3857 παρ’
2965 3773 3186 3854 ἐκείνης

695 3874 833 3955 ἡμῖν
880 3874 1061 3951 ἐστιν,
1114 3874 1219 3939 οὐκ
1264 3874 1348 3937 ἔτι
1394 3874 1585 3957 μέντοι
1640 3876 1735 3939 καὶ
1792 3876 2107 3959 ἐπιστῆμαι
2161 3874 2295 3958 παρ’
2351 3876 2571 3958 ἐκείνης
2623 3876 2722 3959 (οὐ
2767 3876 2874 3960 γὰρ
2925 3874 2995 3938 ἂν
3040 3874 3187 3959 ἦμεν

691 3977 937 4039 δεκτικοὶ
980 3981 1096 4040 τῶν
1128 3978 1465 4060 ἐπιστημῶν
1513 3976 1631 4040 ἀλλ’
1674 3976 1908 4062 ἔχοντες
1953 3978 2133 4047 αὐτὰς
2175 3980 2268 4042 καὶ
2309 3978 2737 4063 ἐπιστήμονες),
2783 3978 2937 4041 οὕτω
2983 3980 3080 4041 καὶ
3123 3979 3188 4040 τὸ
3242 3995 3270 4034 5

689 4078 792 4158 μὲν
840 4078 1117 4143 δύνασθαι
1161 4080 1430 4143 τίθεσθαι
1474 4084 1569 4144 καὶ
1612 4081 1685 4143 τὰ
1716 4080 1973 4162 ὀνόματα
2015 4078 2150 4164 παρ’
2191 4081 2434 4166 ἐκείνης,
2479 4081 2546 4144 οὐ
2580 4082 2774 4164 μέντοι
2817 4083 2913 4145 καὶ
2957 4080 3030 4144 τὰ
3059 4081 3187 4144 ὀνο-

582 4199 647 4248 35
686 4204 839 4263 ματα
870 4179 980 4245 ἔτι·
1027 4182 1094 4245 οὐ
1140 4183 1248 4267 γὰρ
1296 4182 1363 4246 ἂν
1408 4182 1501 4247 ἔθ’
1540 4185 1713 4267 ἡμεῖς
1756 4188 1860 4247 τοῦ
1903 4185 2180 4247 τίθεσθαι
2219 4184 2369 4249 αὐτὰ
2411 4185 2612 4270 κύριοι.
2683 4182 2770 4253 οἷς
2811 4182 2920 4267 γὰρ
2963 4186 3031 4247 τὸ
3075 4188 3188 4247 κεῖ·

684 4286 821 4348 σθαι
866 4284 1053 4369 φύσει,
1120 4286 1340 4356 τούτοις
1384 4287 1575 4351 οὐκέτι
1622 4287 1774 4352 κατὰ
1816 4288 1988 4373 φύσιν
2033 4288 2099 4350 τὸ
2145 4286 2243 4372 ὑφ’
2297 4290 2466 4371 ἡμῶν
2511 4288 2800 4352 τίθεσθαι.
2893 4289 2944 4351 εἰ
2989 4290 3054 4352 δὲ
3101 4289 3182 4373 μὴ
3213 4304 3269 4346 ιο

576 4472 607 4525 5
646 4474 1135 4547 ἐγκαταμιγνυμένην
1172 4474 1282 4545 καὶ]
1322 4477 1821 4547 ἐγκαταμεμιγμένην
1859 4477 1946 4529 καὶ
1983 4495 2014 4528 a
2051 4476 2164 4544 Sp.:
2212 4476 2430 4529 fortasse
2466 4476 2564 4529 del.
2779 4477 2809 4529 9
2846 4477 3066 4532 fortasse
3102 4478 3204 4548 (τῷ
3239 4476 3292 4531 δὲ

576 4558 780 4613 ἔλαττον
818 4562 940 4614 εἶναι
972 4566 1121 4615 τοῦτο
1148 4561 1390 4632 τοσούτῳ,
1430 4562 1533 4633 ὅσῳ
1569 4565 1656 4617 καὶ
1692 4565 1745 4617 ἐν
1772 4568 1849 4635 τῷ
1875 4564 2073 4633 ὑομένῳ
2111 4563 2169 4615 τὸ
2207 4562 2428 4637 ἁλμυρὸν
2461 4568 2552 4617 τοῦ
2579 4564 2786 4635 γλυκέος
2821 4565 3052 4628 ἔλαττον)
3085 4564 3289 4635 τούτῳ

574 4646 645 4715 δὴ
684 4647 765 4711 τό;
805 4648 869 4699 of.
910 4648 991 4701 ΑΙ.
1032 4651 1087 4701 in
1125 4652 1241 4702 Met.
1272 4650 1455 4702 97v29
1674 4654 1736 4705 14
1774 4650 1851 4705 ὅτι
1888 4652 2000 4720 Sp.:
2042 4650 2162 4703 ὅταν
2198 4651 2323 4704 libri
2538 4650 2602 4705 15
2643 4652 2694 4705 δὲ
2731 4653 2842 4720 Sp.:
2881 4672 2936 4705 τε
2974 4652 3091 4706 libri

580 4732 641 4785 19
679 4732 985 4806 θερμοθέρα]
1026 4733 1182 4806 θερμο
1220 4754 1258 4790 s.
1286 4754 1333 4789 v.
1362 4741 1409 4787 V
1598 4740 1665 4792 23
1703 4738 1844 4793 ὕδατι
1879 4738 2089 4792 τεθέντα
2117 4738 2230 4807 Sp.:
2270 4737 2646 4808 ὕδατιητιθέντα
2681 4738 2733 4807 (ὕ
2771 4743 2828 4794 in
2863 4740 2962 4809 lit.)
2989 4744 3110 4793 VB:
3149 4738 3294 4794 ὕδατι

577 4818 814 4891 ἠτιθέντα
843 4826 913 4876 Sa
1128 4824 1210 4876 27.
1239 4824 1305 4877 28
1342 4826 1763 4895 τοῖς-ὀνόματα
1791 4830 1862 4878 V¹
1898 4830 1956 4880 in
1993 4843 2095 4897 mg.
2307 4826 2374 4879 29
2410 4826 2627 4882 fortasse
2663 4829 2906 4898 ἑκάστῳ
3102 4826 3170 4882 35
3209 4824 3290 4881 ἔτ’

570 4908 698 4979 ἦμεν
736 4910 881 4979 ἡμεῖς
919 4912 1054 4963 coni.
1094 4911 1179 4979 Sp.
1220 4918 1356 4965 reete
1570 4913 1650 4967 35.
1692 4914 1758 4967 36
1797 4914 1994 4968 κεῖσθαι
2031 4917 2144 4983 Spa
2183 4912 2424 4967 κινεῖσθαι
2459 4915 2580 4970 libri
