3684 5567
577 232 701 298 242

577 405 831 476 αἱρετός
873 405 1058 470 119,15
1079 421 1156 471 sq.
1208 402 1390 468 12639
1443 401 1624 466 146,14
1647 418 1724 470 sq.
1771 402 1887 467 178,

683 492 752 544 20
773 509 851 560 sq.

577 581 765 654 αἱρέω
824 580 1004 646 179,11
1067 578 1257 642 201,19
1312 577 1502 638 206,14
1576 579 1802 650 αἱρέομαι
1839 579 1889 632 τί

678 687 812 728 τινος
849 668 940 735 (=
977 666 1088 719 ἀντί
1122 665 1274 733 τινος)
1318 665 1502 730 197,6?

576 756 716 809 αἶσα
760 755 912 819 2073

576 843 974 913 αἰσθάνομαι.
1047 840 1123 894 ὅτι
1167 841 1270 894 ἔστι
1313 859 1362 893 τι
1417 838 1459 910 ᾦ
1497 839 1604 909 ἅμα
1649 839 1883 895 αἰσθανό-

681 929 812 1000 μεθα
857 929 1138 983 secundum
1189 929 1518 982 Aristotelem
1567 929 1664 996 (De.
1705 933 1882 984 anima

679 1020 771 1084 111,
789 1018 838 1070 2.
859 1017 1030 1071 42722
1043 1016 1144 1084 sq.)
1183 1015 1472 1084 explicatur
1498 1017 1880 1086 94,26-98,15

679 1106 759 1158 διὰ
797 1105 1080 1177 μικρότητα
1116 1105 1186 1175 μὴ
1226 1106 1293 1157 αἰ.
1321 1104 1510 1168 21435

575 1193 858 1264 αἴσθησις
895 1193 1027 1258 34,3
1101 1209 1222 1262 ορρ.
1269 1191 1415 1262 λόγος
1463 1191 1593 1254 733
1663 1193 1696 1263 ἡ
1747 1196 1883 1266 παρὰ

677 1286 768 1351 τῆς
803 1281 870 1334 αἰ.
908 1282 1153 1353 μαρτυρία
1202 1295 1317 1350 ορρ.
1360 1282 1392 1352 ἡ
1437 1281 1538 1334 ἀπὸ
1585 1285 1677 1352 τῆς
1715 1281 1883 1340 οὐσίας

676 1375 781 1421 τῶν
827 1373 1136 1440 πραγμάτων
1181 1367 1400 1427 ἔνστασις
1443 1369 1640 1434 10133
1659 1387 1732 1438 sq.
1819 1371 1880 1423 οὐ

679 1457 859 1529 μέτρον
885 1455 1121 1527 ἀληθείας
1150 1457 1298 1521 1023
1371 1456 1430 1509 τὸ
1467 1459 1645 1515 πάσαις
1679 1465 1786 1514 ταῖς
1812 1458 1879 1511 αἰ.

677 1547 809 1597 κατὰ
845 1545 1167 1616 συμβεβηκὸς
1204 1541 1446 1616 αἰσθητόν
1475 1543 1631 1608 93,30
1700 1546 1806 1614 μία,
1844 1544 1877 1616 ᾖ

677 1635 879 1686 πάντων
923 1631 1264 1702 αἰσθανόμεθα
1302 1630 1457 1699 95,18
1477 1649 1554 1702 sq.
1627 1633 1768 1691 ἐντὸς
1805 1634 1879 1686 αἰ-

678 1719 907 1789 σθήσεως
964 1722 1172 1785 10133
1245 1722 1547 1774 Aristotelis
1601 1723 1666 1774 do
1721 1739 1879 1774 sensu

677 1811 1025 1878 expositionis
1064 1825 1196 1877 quae
1233 1809 1426 1876 legitur
1455 1809 1527 1861 De
1551 1810 1726 1861 anima
1755 1811 1819 1874 Π,
1848 1810 1880 1861 5

676 1897 894 1949 416b32
918 1897 1184 1950 -41826
1279 1897 1513 1966 analysis
1571 1899 1880 1965 explicatior

673 1985 758 2046 82,
773 1985 1043 2049 24-86,3
1117 1986 1320 2038 brevior
1356 1985 1726 2050 86,4-86,35
1800 1983 1878 2038 ὅτι

675 2073 745 2143 μὴ
783 2072 983 2131 πλείους
1017 2078 1120 2124 τῶν
1144 2075 1288 2126 πέντε
1315 2073 1596 2126 secundum
1629 2075 1782 2126 Arist.
1813 2074 1877 2126 de

673 2178 757 2214 an.
817 2162 913 2224 ΙΙΙ,
965 2163 1007 2213 l.
1061 2161 1202 2215 4241»
1219 2161 1286 2213 24
1316 2177 1394 2229 sq.
1494 2160 1878 2213 demonstratur

674 2249 1026 2314 90,3-91,23

568 2334 881 2406 αἰσθητός.
957 2338 1000 2391 εἰ
1051 2335 1290 2408 αἰσθητὸν
1346 2335 1376 2388 ὅ
1421 2337 1599 2394 πάσαις
1647 2342 1756 2393 ταῖς
1801 2337 1878 2388 αἰ-

673 2423 876 2494 σθήσεσι
937 2427 1069 2479 κατὰ
1125 2424 1444 2496 συμβεβηκὸς
1505 2423 1744 2495 αἰσθητόν
1791 2424 1876 2487 93,

675 2513 973 2577 25-94,10

568 2599 982 2673 αἰσθητήριον
1055 2601 1320 2673 ξηρότερον
1391 2600 1654 2670 γινόμενον
1711 2599 1876 2663 3434

671 2695 870 2762 πρῶτον
909 2689 1069 2754 9734
1142 2688 1354 2758 ἔσχατον
1393 2687 1551 2752 96,31
1586 2705 1662 2756 sq.
1737 2687 1878 2741 οὐδὲν

671 2775 880 2830 ἐλλείπει
925 2785 1029 2835 τοῖς
1074 2779 1162 2836 τὰς
1199 2777 1340 2829 πέντε
1389 2775 1643 2846 αἰσθήσεις
1677 2775 1876 2849 ἔχουσιν

671 2866 954 2918 secundum
991 2867 1078 2918 Ar.
1117 2866 1192 2917 De
1229 2881 1314 2918 an.
1353 2865 1441 2920 ΙΙΙ.
1473 2865 1518 2916 l.
1555 2864 1775 2915 424b24
1797 2879 1873 2930 sq.

671 2953 1055 3005 demonstratur
1092 2951 1440 3016 90,3-91,23

873 230 1098 318 αἱρετός

569 3039 831 3112 αἰσχρός
877 3041 1062 3104 138‚13
1081 3057 1155 3108 sq.
1196 3039 1379 3103 21031

568 3128 758 3180 αἰτέω
803 3128 951 3192 164,6
991 3128 1181 3190 212,15

568 3218 738 3268 αἰτία
776 3215 896 3278 8,32
918 3231 994 3282 sq.
1052 3215 1200 3280 1032
1247 3213 1404 3278 2035
1452 3213 1572 3276 343
1609 3215 1782 3278 48,16.
1817 3215 1877 3266 19

673 3303 757 3366 62,
773 3303 839 3354 36
881 3301 1000 3366 77,8
1043 3302 1155 3366 164,
1171 3303 1239 3354 20
1281 3301 1458 3366 166,3.
1490 3301 1550 3354 18
1595 3301 1778 3368 172,19
1799 3319 1878 3369 sq.

681 3390 863 3450 175,12
901 3391 1120 3457 176,5.6
1167 3390 1316 3452 178,9
1362 3389 1562 3468 18732.
1584 3389 1648 3441 24
1687 3389 1879 3450 20738

675 3478 860 3550 ἄδηλος
895 3477 1043 3539 1743
1115 3479 1181 3530 αι’.
1220 3478 1484 3531 συνάπτειν
1520 3493 1616 3528 τινι
1653 3475 1842 3538 20833

570 3567 903 3634 αἰτιάομαι
940 3565 1093 3630 9837
1131 3563 1316 3627 15538
1359 3563 1544 3630 16738
1589 3561 1788 3626 187,10.
1811 3563 1878 3614 29

684 3653 868 3719 189,16
907 3652 1094 3718 20736
1134 3652 1288 3714 2153
1325 3653 1515 3718 22432

569 3741 781 3799 αἴτιος
835 3741 920 3806 9,]
989 3741 1246 3807 103489.
1303 3739 1466 3805 5638
1523 3739 1654 3806 57,5
1710 3739 1877 3802 87,16

674 3829 828 3882 αἰτιον
853 3827 1149 3899 πλεοναχῶς
1172 3827 1364 3897 λέγεται
1396 3829 1580 3893 166,19
1603 3845 1680 3896 sq.
1741 3835 1877 3897 πρῶ-

673 3935 760 3969 τον
799 3916 1108 3982 3,18--4,26
1149 3915 1211 3967 cf.
1247 3915 1394 3979 196,ss
1453 3916 1518 3968 τὰ
1542 3915 1733 3986 κυρίως
1763 3918 1877 3978 194,

680 4004 740 4056 19
793 4010 1102 4072 περιεστῶτα
1129 4003 1314 4068 20831
1359 4003 1538 4068 20931
1599 4005 1730 4056 κατὰ
1757 4019 1876 4072 συμ-

675 4093 892 4162 βεβηκός
926 4091 1108 4155 194,16
1181 4090 1340 4161 ἄδηλα
1383 4090 1660 4159 174‚20sq.
1732 4109 1877 4161 ποιη-

672 4182 788 4233 τικά
832 4179 1013 4240 167,16
1036 4195 1112 4247 sq.
1187 4177 1435 4232 συνοδεΰει
1482 4177 1720 4249 ἀλλήλοις
1764 4180 1876 4243 169,

674 4269 740 4319 22
811 4269 874 4319 τὰ
912 4267 1023 4320 θεῖα
1067 4267 1251 4331 16933
1322 4266 1380 4318 τὸ
1427 4265 1549 4318 αὐτὸ
1593 4272 1697 4324 τοῖς
1739 4267 1877 4337 πρώ-

673 4374 774 4414 τοις
811 4356 896 4408 καὶ
921 4354 1142 4420 ὑστέροις
1174 4355 1322 4416 195,5
1349 4385 1411 4392 -—
1448 4354 1736 4406 Stoicorum
1763 4369 1878 4405 συν-

673 4444 883 4511 δεόμενα
911 4442 1145 4512 ἀλλήλοις
1176 4441 1322 4508 1923
1343 4459 1421 4508 sq.
1494 4441 1668 4494 αἰτίων
1707 4442 1877 4512 εἱρμός

672 4533 786 4595 8,31
833 4531 966 4596 9,12.
988 4531 1053 4582 27
1076 4547 1150 4598 sq.
1226 4528 1504 4582 ἀκολουθία
1534 4531 1683 4593 1(),14
1756 4548 1875 4602 προ-

671 4621 1011 4688 καταρκτικά,
1073 4619 1320 4682 συναίτια,
1383 4619 1589 4682 ἑκτικά,
1653 4635 1875 4671 συνεκτι-

669 4709 738 4762 κά
806 4707 1022 4770 192,19.
1085 4735 1152 4744 -
1217 4707 1340 4778 πρός
1403 4725 1449 4758 τι
1519 4707 1690 4768 17,10
1778 4724 1874 4758 τινι

677 4795 838 4858 108,8

2960 228 2983 281 1
3054 225 3299 280 INDEX

1990 398 2335 458 ἀκίνδυνος
2376 399 2543 464 191,7.
2564 400 2632 452 24

1992 488 2292 557 ἀκίνητος
2326 486 2414 550 4,3
2450 487 2609 549 47,10
2650 486 2807 550 62,30

1991 575 2305 628 ἀκολασία
2349 575 2491 640 150,1

1991 661 2345 721 ἀκόλαστος
2390 663 2571 730 12037
2622 663 2803 728 121,11
2849 663 3035 726 12635
3079 666 3265 730 17033

1986 749 2353 804 ἀκολουθέω
2399 749 2509 814 13,5
2537 751 2687 817 8831
2727 751 2910 818 105,18
2952 754 3102 818 178,8
3147 755 3297 818 187,3

2092 838 2248 904 206,3
2288 837 2479 902 223,15
2522 839 2703 904 12731

1985 925 2342 980 ἀκολουθία
2379 926 2464 992 9,3
2509 928 2658 990 ΙΟ,14
2695 926 2869 991 7132.
2896 927 2981 980 28.
3002 927 3071 980 33
3114 929 3297 992 165,18

2092 1013 2257 1079 2063
2318 1014 2622 1078 208,19.22
2686 1016 2927 1080 210,4.8
2983 1016 3201 1080 211,15.
3230 1017 3299 1070 30

2094 1101 2249 1164 2143

1986 1188 2347 1247 ἀκόλουθος
2392 1189 2545 1256 201,6
2603 1190 2797 1258 235,14
2864 1190 3047 1257 167,16
3114 1193 3295 1255 16835

2099 1277 2299 1340 170,13.
2333 1277 2392 1330 21
2444 1279 2593 1338 171,4

1985 1364 2315 1426 ἀκοντίζω
2358 1366 2509 1430 167,8

1984 1453 2297 1511 ἀκούσιος.
2373 1452 2447 1507 ὅτι
2496 1455 2565 1526 μὴ
2624 1454 2893 1525 πολλαχῶς
2936 1457 2995 1510 τὸ
3044 1460 3293 1527 ἀκούσιον,

2088 1541 2196 1594 ἐπεὶ
2242 1543 2329 1594 καὶ
2384 1541 2467 1614 βίᾳ
2526 1544 2612 1596 καὶ
2666 1540 2735 1596 δι’
2784 1545 2987 1614 ἄγνοιαν
3030 1547 3296 1610 131,19-

2099 1629 2281 1691 132,17
2342 1645 2460 1699 opp.
2500 1630 2559 1683 τὸ
2584 1630 2815 1685 ἑκοὺσιον
2847 1632 3293 1694 15832--16139

2090 1719 2137 1770 οἱ
2197 1717 2451 1776 ἀκουσίως
2510 1717 2781 1789 πράξαντες
2840 1722 3293 1790 συγγιγνώσκεσθαι

2090 1804 2215 1865 ἄξιοι
2259 1807 2442 1870 189,13
2463 1823 2540 1874 sq.
2614 1807 2719 1877 εἴδη
2758 1813 2848 1860 τοῦ
2886 1809 2934 1860 ἀ.
2980 1811 3165 1874 13132

1983 1893 2201 1947 ἀκοὺω
2248 1894 2429 1958 17333
2475 1895 2649 1958 181,11
2690 1895 2877 1959 182,30
2901 1897 3093 1962 208,15
3148 1899 3295 1969 δόξης

2088 1981 2468 2052 Ἀριστοτέλους
2504 1983 2697 2048 216,10

1983 2071 2255 2144 ἀκρατής
2306 2069 2490 2136 17034

1983 2158 2257 2230 ἀκριβής
2299 2159 2444 2218 165,7

1981 2245 2417 2316 ἀκριβολογέω
2459 2246 2640 2310 173,11

1980 2335 2171 2404 ἄκρος
2212 2333 2404 2396 12236
2451 2333 2608 2396 162,3
2628 2351 2706 2403 sq.
2776 2334 2835 2389 τὸ
2877 2336 2929 2388 ἐν
2966 2339 3043 2406 τῷ
3079 2335 3132 2389 εὖ
3174 2337 3293 2400 153,

2086 2422 2152 2474 32
2230 2423 2288 2474 τὰ
2324 2421 2509 2489 μεταξὺ
2545 2423 2787 2494 ἑκατέρου
2811 2429 2917 2477 τῶν
2942 2425 3118 2495 ἄκρων
3144 2443 3291 2492 μετα-

2086 2509 2319 2580 βάλλεται
2357 2509 2548 2572 22934
2619 2512 2707 2563 τὸν
2755 2510 2969 2584 θατέρου
3004 2511 3154 2582 λόγον
3192 2514 3293 2565 σώ-

2088 2597 2156 2658 ζει
2191 2603 2296 2649 τῶν
2336 2597 2570 2651 ἐναντίων
2610 2599 2800 2664 ’22935

1981 2684 2265 2756 ἀκρότης
2316 2685 2455 2750 198,1

1981 2771 2308 2831 ἀκώλυτος
2346 2775 2428 2838 9,7
2478 2773 2633 2836 3038
2686 2775 2871 2840 17633
2908 2775 3063 2842 208,5
3100 2777 3292 2840 21030

1980 2859 2251 2931 ἀλήθεια
2312 2862 2516 2926 16430
2576 2862 2763 2926 17131
2838 2863 3028 2926 18034
3092 2865 3289 2926 20533

2089 2949 2245 3014 217,3

1980 3035 2273 3106 ἀληθευω
2334 3037 2457 3099 10,8
2526 3037 2988 3102 11,9.10.13.18.
3010 3039 3071 3090 21
3138 3039 3290 3102 12,10

2085 3124 2199 3188 31,1
2251 3126 2434 3188 19034
2475 3125 2665 3188 235‚15

1983 3211 2221 3282 ἀληθής
2265 3213 2448 3274 17133
2510 3215 2591 3266 ἐπί
2614 3233 2749 3272 τινος
2774 3214 2932 3278 3630
2992 3231 3113 3283 opp.
3142 3216 3289 3285 ἀναγ-

2088 3307 2229 3358 καῖος
2271 3300 2417 3366 177,7
2488 3302 2547 3354 τὸ
2587 3303 2661 3355 ἀεὶ
2698 3303 2745 3354 ἀ.
2792 3302 3045 3371 177‚9sq.
3119 3306 3181 3356 τὰ
3219 3304 3291 3362 ὡς

2088 3387 2293 3460 ἀληθῶς
2331 3389 2495 3459 ἀγαθά
2539 3389 2723 3454 13838

1983 3473 2119 3533 ἅλις
2156 3475 2309 3537 204,6
2348 3477 2502 3542 228,4

1982 3561 2265 3628 ἀλλά...,
2313 3565 2440 3618 ἀλλά
2496 3565 2677 3631 17336
2734 3565 2919 3626 174,18
2990 3568 3036 3618 ἀ.
3076 3587 3131 3637 γε
3168 3567 3282 3632 68,1

2095 3651 2277 3716 12136
2322 3654 2507 3717 183,1()
2544 3653 2729 3718 20937
2805 3655 2854 3705 ἀ.
2887 3654 2951 3724 δή
2986 3655 3171 3719 120,10
3240 3657 3289 3708 ἀ.

2086 3741 2185 3810 μήν
2224 3741 2325 3805 9,5.
2354 3743 2429 3794 18.
2448 3741 2611 3794 26.33
2650 3741 2901 3804 26,18.25
2939 3743 3091 3804 33,17
3138 3744 3287 3802 131,7

2094 3828 2276 3894 135,13
2323 3829 2507 3890 14430
2549 3829 2734 3892 17930
2768 3829 2957 3894 21136
3030 3831 3079 3884 ἀ.
3104 3831 3206 3899 μὴν
3229 3831 3288 3883 τὸ

2086 3921 2302 3985 πρῶτον,
2342 3917 2401 3968 τὸ
2440 3917 2535 3988 ἄρα
2572 3915 2805 3987 δεύτερον
2849 3916 3032 3982 13938

1981 4001 2218 4072 ἀλλαγή
2265 4003 2413 4068 13,12
2456 4004 2633 4058 16.17.
2660 4004 2726 4056 22
2764 4003 2957 4069 22630

1981 4090 2266 4160 ἀλλήλων
2304 4089 2509 4155 22135.
2537 4091 2604 4144 34
2624 4107 2701 4160 sq.
2775 4093 2918 4144 κοινὰ
2954 4093 3041 4144 καὶ
3078 4091 3201 4162 πρὸς
3236 4091 3287 4144 ἄ.

2085 4193 2207 4246 opp.
2246 4178 2343 4230 ἴδια
2388 4181 2475 4232 καὶ
2512 4175 2637 4232 καθ’
2678 4179 2865 4232 ἕκαστα
2903 4179 3024 4246 7,30
3093 4175 3163 4230 δι’
3200 4179 3287 4230 ἀλ-

2084 4265 2257 4337 λήλων
2302 4265 2523 4336 χώρησις
2559 4266 2723 4332 5733
2795 4269 2858 4320 τὰ
2894 4269 3017 4339 πρὸς
3062 4269 3110 4321 ἄ.
3148 4267 3286 4336 λεγό-

2084 4372 2208 4421 μενα
2253 4355 2359 4418 19,1
2438 4353 2561 4424 πρὸς
2596 4355 2643 4406 ἅ.
2682 4355 2865 4424 γένεσις
2901 4355 3057 4420 4938

1978 4439 2227 4498 ἀλλοῖος
2262 4441 2381 4504 50,6
2424 4441 2603 4506 10731
2654 4441 2838 4506 17834
2882 4443 3061 4508 187,11

1977 4529 2248 4582 ἀλλοιόω
2286 4530 2403 4594 58,6
2444 4530 2601 4597 6430
2638 4529 2825 4595 23637

1975 4615 2308 4675 ἀλλοίωσις
2346 4618 2498 4686 2833
2536 4618 2690 4682 49,19
2730 4618 2849 4678 58,6
2888 4617 3035 4683 8131
3088 4617 3235 4680 163,7

1978 4703 2181 4763 ἄλλος.
2236 4702 2358 4757 ἄλλο
2398 4711 2489 4759 τοῦ
2514 4707 2803 4775 ἀναγκαίως
2827 4706 3089 4777 γινομένου
3130 4705 3283 4769 10,12

2080 4800 2177 4848 etc.
2238 4794 2271 4862 ἡ
2310 4795 2589 4860 56,150tc.
2664 4797 2798 4868 παρά
2833 4811 2881 4846 τι
2916 4792 3075 4856 47,31
3122 4791 3281 4856 108,1
