3684 5567
590 236 716 300 216
1461 227 1922 294 ΑΛΕΞΑΝΔΡΟΥ
1960 233 2413 292 ΑΦΡΟΔῙΣΙΕΩΣ

590 414 662 469 111
701 405 1101 493 Μετέλθωμεν
1143 411 1207 474 δὲ
1235 409 1332 472 ἐπὶ
1377 410 1510 480 τοὺς
1555 415 1761 479 κοινῶς
1807 411 2075 496 ἡνῶσθαι
2118 412 2225 496 τὴν
2270 412 2413 496 ὕλην
2458 411 2727 494 λέγοντας
2758 411 2855 474 καὶ
2886 411 3016 494 μίαν
3044 415 3189 476 πᾶσι

698 517 820 581 τοῖς
869 511 1185 596 γινομένοις
1239 515 1336 577 καὶ
1385 515 1490 596 τὴν
1541 513 1722 598 αὐτὴν
1771 513 2112 588 ὑποθέντας,
2166 516 2251 578 ὦν
2294 515 2390 580 καὶ
2448 512 2641 578 αὐτῶν
2699 515 3190 599 παραιτησάμενοι

697 613 801 684 τὰς
845 613 1313 700 ἐπιπολαιότερόν
1355 639 1418 680 τε
1459 620 1554 682 καὶ
1606 617 2053 704 προχειρότερον
2103 615 2409 702 εἰρημένας
2460 617 2561 686 τὰς
2612 618 2861 700 μάλιστα
2910 617 3191 686 δοκούσας

699 714 952 803 ἔχεσθαί
991 741 1141 789 τινος
1183 719 1359 801 λόγου
1405 719 1582 789 αὐτὰς
1625 721 1991 804 ἐξετάσωμεν
2035 721 2561 806 προχειρισάμενοι.
2644 723 2760 784 τῶν
2804 720 2879 803 δὴ
2922 721 3191 803 ἡνῶσθαι
3216 737 3272 779 ω

630 839 659 887 5
699 820 804 903 τὴν
851 821 992 905 ὕλην
1036 821 1320 905 λεγόντων
1365 824 1602 886 δοκοῦσι
1646 825 1899 907 μάλιστά
1942 846 2007 885 τε
2050 823 2144 886 καὶ
2188 825 2317 908 περὶ
2348 825 2612 908 κράσεως
2640 824 2694 885 οἱ
2726 823 2843 886 ἀπὸ
2872 828 2978 906 τῆς
3006 823 3191 893 Στοᾶς

705 923 837 1008 περὶ
879 925 1144 1008 κράσεως
1186 925 1609 1010 διαλαμβάνειν.
1701 925 1881 1010 οὔσης
1928 927 1993 991 δὲ
2034 927 2129 990 καὶ
2195 925 2257 989 ἐν
2322 926 2543 996 τούτοις
2586 926 2955 1010 πολυφωνίας
2996 924 3195 1008 (ἄλλοι

697 1027 808 1110 γὰρ
852 1027 1047 1096 ἄλλως
1090 1027 1282 1091 αὐτῶν
1327 1028 1429 1097 τὰς
1474 1030 1704 1113 κράσεις
1746 1029 2007 1113 γίνεσθαι
2052 1027 2361 1112 λέγουσιν),
2428 1031 2467 1112 ἠ
2515 1030 2765 1113 μάλιστα
2806 1031 3063 1108 δοκοῦσα
3102 1028 3191 1092 36-

701 1129 770 1198 ξα
811 1127 1138 1214 εὐδοκιμεῖν
1183 1129 1318 1214 παρ’
1373 1131 1568 1200 αὐτοῖς
1611 1133 1740 1217 περὶ
1787 1133 2051 1216 κράσεώς
2116 1131 2269 1195 ἐστιν
2323 1133 2363 1215 ἡ
2410 1133 2521 1196 ὑπὸ
2566 1130 2916 1216 Χρυσίππου
2960 1131 3192 1216 λεγομέ-
3218 1149 3274 1192 κ

703 1253 794 1315 νη.
883 1237 1000 1294 τῶν
1042 1232 1151 1317 γὰρ
1199 1232 1323 1316 μετ’
1377 1233 1550 1298 αὐτὸν
1597 1237 1652 1298 οἱ
1699 1236 1804 1318 μὲν
1850 1231 2181 1318 Χρυσίππῳ
2227 1232 2637 1319 συμφέρονται,
2690 1234 2747 1296 οἱ
2790 1233 2856 1296 δέ
2900 1257 3044 1304 τινες
3088 1235 3189 1300 αὐ-

603 1354 664 1401 10
699 1337 816 1396 τῶν
861 1339 966 1419 τῆς
1001 1333 1443 1420 Ἀριστοτέλους
1486 1336 1656 1421 δόξης
1701 1337 1939 1422 ὕστερον
1986 1337 2233 1400 ἀκοῦσαι
2287 1337 2631 1421 δυνηθέντες
2696 1335 2883 1400 πολλὰ
2934 1341 3050 1400 τῶν
3112 1340 3193 1402 εἰ-

699 1437 967 1522 ρημένων
1013 1436 1109 1501 ὑπ’
1165 1438 1384 1502 ἐκείνου
1430 1443 1559 1525 περὶ
1625 1443 1889 1526 κράσεως
1932 1440 2029 1504 καὶ
2074 1438 2237 1503 αὐτοὶ
2283 1439 2572 1522 λέγουσιν·
2642 1441 2724 1503 ὧν
2768 1439 2853 1510 εἷς
2918 1440 3041 1504 ἐστι
3098 1443 3196 1506 καὶ

705 1539 1052 1625 Σωσιγένης,
1099 1542 1324 1626 ἑταῖρος
1372 1539 1380 1628 Ι
1423 1541 1823 1628 Ἀντιπάτρου.
1916 1543 2003 1612 οἷς
2046 1543 2113 1606 οὐ
2160 1544 2465 1626 δυνάμενοι
2508 1543 2699 1627 πάντῃ
2746 1543 3145 1628 συμφέρεσθαι
3192 1553 3301 1610 594

703 1643 798 1706 διὰ
841 1645 946 1728 τὴν
989 1646 1050 1708 ἐν
1095 1648 1213 1714 τοῖς
1253 1645 1448 1717 ἄλλοις
1494 1646 1810 1731 διαφωνίαν
1856 1646 1916 1709 ἐν
1962 1649 2198 1716 πολλοῖς
2251 1646 2447 1715 αὑτοῖς
2511 1645 2775 1730 λέγοντες
2838 1645 3197 1731 εύρίσκονται

699 1749 1026 1832 μαχόμενα.
1116 1746 1238 1812 ἔστι
1304 1749 1370 1812 δὲ
1413 1749 1472 1832 ἠ.
1501 1747 1848 1833 Χρυσίππου
1894 1748 2033 1818 δόξα
2076 1749 2207 1833 περὶ
2250 1749 2513 1833 κράσεως
2566 1750 2701 1834 ἥδε·
2768 1749 3038 1833 ἡνῶσθαι
3092 1752 3198 1832 μὲν

603 1870 665 1918 15
707 1850 1042 1914 ὑποτίθεται
1096 1851 1200 1934 τὴν
1254 1853 1560 1935 σύμπασαν
1614 1853 1832 1929 οὐσίαν,
1902 1851 2225 1937 πνεύματός
2268 1875 2419 1921 τινος
2476 1851 2571 1916 διὰ
2615 1854 2809 1936 πάσης
2850 1852 3031 1936 αὐτῆς
3074 1856 3197 1939 διή-
3250 1873 3280 1916 5

702 1976 921 2032 κοντος,
987 1952 1088 2038 ὑφ’
1143 1952 1213 2017 οὗ
1257 1954 1563 2041 συνέχεταί
1605 1979 1667 2018 τε
1735 1957 1832 2020 καὶ
1878 1955 2155 2039 συμμένει
2224 1956 2321 2020 καὶ
2372 1955 2675 2039 σύμπαθές
2720 1955 2873 2020 ἐστιν
2919 1957 3081 2040 αὑτῷ
3124 1959 3195 2021 τὸ

699 2061 834 2132 πᾶν,
905 2060 1020 2119 τῶν
1065 2057 1130 2120 δὲ
1176 2058 1533 2143 μιγνυμένων
1578 2059 1640 2122 ἐν
1685 2058 1837 2142 αὐτῇ
1886 2058 2173 2142 σωμάτων
2240 2059 2343 2127 τὰς
2387 2058 2491 2142 μὲν
2540 2059 2861 2144 παραθέσει
2906 2059 3081 2142 μίξεις
3121 2061 3199 2144 γί-

697 2160 912 2224 -νεσθαι
955 2159 1129 2244 λέγει,
1175 2159 1278 2223 δύο
1322 2165 1492 2224 τινῶν
1537 2162 1576 2244 ἢ
1624 2163 1720 2227 καὶ
1765 2159 2047 2224 πλειόνων
2094 2159 2308 2224 οὐσιῶν
2368 2162 2450 2229 εἰς
2494 2159 2700 2226 ταύτὸν
2743 2163 3197 2246 συντεθειμένων

707 2264 804 2326 καὶ
849 2262 1322 2346 παρατιθεμένων
1369 2263 1666 2346 ἀλλήλαις,
1713 2265 1794 2333 ὥς
1839 2284 2035 2350 φησιν,
2091 2263 2226 2327 καθ’
2283 2264 2496 2348 ἁρμήν,
2541 2261 2861 2350 σωζούΙσης
2905 2266 3153 2351 ἑκάστης
3198 2275 3304 2332 595

599 2387 669 2433 20
707 2365 898 2429 αὐτῶν
955 2366 1016 2428 ἐν
1059 2372 1134 2450 τῇ
1179 2366 1418 2450 τοιαύτῃ
1473 2367 1796 2452 παραθέσει
1839 2367 1987 2431 κατὰ
2032 2368 2137 2450 τὴν
2182 2368 2539 2451 περιγραφὴν
2583 2368 2687 2451 τὴν
2739 2368 2954 2432 οἰκείαν
2998 2369 3197 2434 οὐσίαν

703 2493 768 2532 τε
812 2469 908 2533 καὶ
950 2466 1249 2552 ποιότητα,
1295 2471 1376 2537 ὡς
1419 2469 1516 2532 ἐπὶ
1560 2473 1798 2554 κυάμων
1841 2470 1983 2556 φέρε
2027 2469 2207 2533 εἰπεῖν
2258 2470 2355 2534 καὶ
2400 2475 2594 2554 πυρῶν
2639 2471 2699 2533 ἐν
2744 2474 2819 2555 τῇ
2849 2470 2984 2555 παρ’
3026 2471 3198 2558 ἀλλή·

702 2575 841 2639 λους
885 2571 1050 2636 θέσει
1091 2572 1321 2654 γίνεται,
1364 2571 1467 2640 τὰς
1511 2571 1576 2636 δέ
1619 2597 1772 2642 τινας
1819 2573 2104 2659 συγχύσει
2146 2569 2219 2636 δι’
2275 2571 2427 2637 ὅλων
2480 2577 2595 2636 τῶν
2640 2596 2704 2638 τε
2748 2574 2962 2638 οὐσιῶν
3008 2574 3198 2639 αὐτῶν

704 2676 800 2739 καὶ
843 2679 960 2738 τῶν
1005 2675 1067 2738 ἐν
1112 2676 1313 2744 αὐταῖς
1355 2677 1680 2758 ποιοτήτων
1725 2675 2242 2762 συμφθειρομένων
2274 2677 2571 2762 ἀλλήλαις,
2616 2679 2699 2744 ὡς
2726 2677 2989 2758 γίνεσθαί
3027 2701 3198 2764 φησιν
3253 2697 3283 2740 5

705 2779 801 2842 ἐπὶ
845 2783 962 2841 τῶν
1009 2779 1277 2864 ἰατρικῶν
1323 2781 1646 2864 φαρμάκων
1692 2779 1840 2844 κατὰ
1887 2778 2253 2864 σύμφθαρσιν
2300 2785 2414 2844 τῶν
2461 2778 2840 2864 μιγνυμένων,
2895 2781 3074 2845 ἄλλου
3118 2807 3197 2846 τι-

599 2903 666 2952 25
707 2883 804 2950 νὸς
847 2881 907 2950 ἐξ
953 2881 1143 2945 αὐτῶν
1187 2881 1550 2966 γεννωμένου
1597 2885 1897 2965 σώματος·
1943 2883 2045 2951 τὰς
2089 2883 2155 2946 δέ
2194 2905 2351 2952 τινας
2389 2883 2653 2965 γίνεσθαι
2698 2882 2870 2966 μίξεις
2914 2883 3065 2967 λέγει
3108 2883 3188 2948 δι’

705 2985 858 3048 ὅλων
901 2987 1072 3048 τινῶν
1117 2982 1330 3048 οὐσιῶν
1376 3007 1438 3048 τε
1482 2987 1578 3050 καὶ
1623 2991 1738 3050 τῶν
1782 2987 2003 3050 τούτων
2049 2988 2371 3070 ποιοτήτων
2416 2985 3068 3070 ἀντιπαρεκτεινομένων
3098 2988 3198 3050 ἀλ-

707 3091 912 3174 λήλαις
957 3087 1104 3172 μετὰ
1149 3091 1252 3150 τοῦ
1296 3088 1396 3156 τὰς
1441 3088 1500 3158 ἐξ
1545 3090 1739 3174 ἀρχῆς
1783 3089 1981 3158 οὐσίας
2026 3113 2091 3153 τε
2135 3091 2231 3153 καὶ
2276 3088 2585 3172 ποιότητας
2629 3091 2838 3162 σώζειν
2882 3090 2942 3152 ἐν
2986 3093 3061 3174 τῇ
3110 3091 3196 3171 μί-
3226 3107 3282 3148 ιο

710 3191 790 3262 Εει
833 3195 909 3274 τῇ
957 3191 1172 3274 τοιᾷδε,
1240 3191 1439 3274 ἥντινα
1482 3195 1599 3255 τῶν
1645 3191 1852 3274 μίξεων
1898 3197 2100 3278 κρᾶσιν
2147 3193 2304 3261 ἰδίως
2348 3191 2493 3256 εἶναι
2538 3191 2711 3273 λέγει.
2784 3193 2889 3276 τὴν
2942 3191 3051 3277 γὰρ
3096 3194 3201 3256 δύο

709 3294 748 3376 ἢ
793 3295 890 3357 καὶ
933 3293 1213 3358 πλειόνων
1279 3299 1450 3356 τινῶν
1498 3296 1785 3376 σωμάτων
1855 3293 2007 3358 ὅλων
2050 3292 2124 3358 δι’
2182 3293 2335 3358 ὅλων
2402 3293 2872 3379 ἀντιπαρέκτασιν
2928 3296 3203 3381 ἀλλήλοις

600 3417 670 3465 30
710 3397 916 3474 οὕτως,
982 3399 1064 3465 ὡς
1111 3399 1316 3468 σώζειν
1363 3395 1604 3460 ἕκαστον
1649 3395 1840 3460 αὐτῶν
1905 3397 1967 3461 ἐν
2010 3405 2085 3481 τῇ
2134 3397 2281 3483 μίξει
2323 3403 2399 3480 τῇ
2456 3398 2695 3481 τοιαύτῃ
2738 3399 2845 3482 τήν
2888 3421 2953 3461 τε
2996 3400 3205 3463 οἰκείαν

710 3501 909 3565 οὐσίαν
953 3500 1048 3562 καὶ
1090 3499 1194 3568 τὰς
1236 3498 1297 3562 ἐν
1342 3498 1496 3582 αὐτῇ
1542 3498 1871 3584 ποιότητας,
1940 3499 2093 3584 λέγει
2136 3506 2338 3585 κρᾶσιν
2382 3500 2528 3564 εἶναι
2588 3499 2769 3585 μόνην
2811 3505 2929 3564 τῶν
2976 3501 3199 3586 μίξεων.
3230 3521 3282 3563 15

707 3603 856 3667 εἶναι
897 3603 1004 3687 γὰρ
1049 3601 1189 3666 ἴδιον
1236 3607 1352 3666 τῶν
1396 3603 1764 3687 κεκραμένων
1809 3604 1875 3666 τὸ
1920 3603 2203 3668 δύνασθαι
2246 3603 2605 3690 χωρίζεσθαι
2648 3604 2816 3666 πάλιν
2870 3601 2975 3666 ἀπ’
3030 3605 3204 3691 ἀλλή·

605 3879 638 3930 2
676 3875 953 3935 ὓποθέντας
989 3877 1178 3930 Melet:
1217 3875 1464 3936 ὕποθέτας
1500 3878 1881 3932 ΑΒΒΟΡΞΡιε
1920 3875 2208 3935 ὑποθέσεως
2242 3881 2285 3931 Ρ
2499 3876 2531 3929 3
2568 3877 2646 3930 ἐπὶ
2682 3876 3001 3946 πολαιότερον
3037 3897 3070 3930 ει

602 3963 986 4038 προκειρότερον
1025 3967 1104 4018 Ra
1312 3966 1345 4017 4
1383 3963 1558 4033 αὐτὰς]
1597 3963 1744 4026 δόξας
1779 3966 1922 4018 Diels
2134 3967 2166 4018 5
2202 3967 2313 4035 περὶ
2348 3963 2599 4037 κράσεως]
2646 3964 2861 4018 fortasse
2896 3963 2992 4036 πρὸ
3028 3968 3233 4020 πάντων

603 4055 636 4107 6
682 4055 792 4122 περὶ
839 4055 1063 4123 κράσεως
1100 4052 1197 4106 del.
1237 4052 1403 4106 ldeler
1684 4053 1715 4106 9
1753 4053 1931 4122 αὐτὸν]
1969 4051 2137 4106 αὐτῶν
2174 4070 2207 4104 ε
2524 4053 2581 4104 11
2623 4051 2839 4123 ἐκείνου]
2876 4055 3043 4108 κείνου
3080 4072 3145 4109 ex
3182 4072 3308 4110 corr.

601 4149 664 4195 ut
705 4141 910 4195 videtur
952 4145 999 4193 A
1282 4141 1348 4198 εἶς
1385 4145 1459 4191 A:
1515 4141 1583 4198 εἰς
1623 4145 1665 4194 P
1925 4142 1989 4193 14
2044 4139 2330 4213 μαχόμενα]
2386 4139 2663 4213 μαχόμενοι
2708 4143 2875 4206 Βωει,
2931 4141 2995 4193 cf.
3032 4143 3145 4196 lud.
3183 4160 3223 4197 ε.
3262 4160 3307 4198 v,

602 4227 856 4282 Neutrum
1139 4228 1198 4280 16
1255 4227 1314 4280 οὗ
1352 4243 1392 4280 ε.
1420 4245 1465 4280 v.
1505 4232 1552 4280 A
1836 4227 2119 4298 συνέχεται]
2176 4229 2437 4297 συνάγεται
2473 4230 2553 4281 Ra
2862 4227 2943 4282 16.
2986 4229 3046 4282 17
3102 4229 3159 4283 τὸ
3195 4237 3307 4298 πᾶν,

604 4322 712 4370 τῶν
758 4317 940 4386 Apelt:
995 4313 1055 4368 τὸ
1099 4316 1305 4368 πάντων
1350 4316 1537 4368 A¹Raz
1593 4320 1696 4366 τῶν
1745 4317 1947 4367 πάντων
1984 4315 2243 4369 A²BCPS
2495 4315 2557 4367 17
2612 4312 2880 4386 παραθέσει
2932 4315 3087 4384 μίξεις
3121 4318 3306 4373 Ideler:

603 4399 898 4473 παραθέσεις
942 4399 1072 4470 μίξει
1113 4403 1234 4455 libri
1461 4403 1522 4454 18
1575 4401 1781 4470 ταύτὸν]
1827 4401 1981 4454 ταυτὸ
2026 4407 2105 4456 Ra
2340 4403 2399 4455 19
2454 4403 2617 4474 ἁρμήν
2666 4405 2880 4472 scripsi,
2928 4405 2994 4459 cf.
3030 4422 3081 4472 p.
3111 4405 3229 4473 219,
3250 4408 3305 4461 3:

605 4489 767 4560 ὁρμὴν
813 4493 1070 4544 ABCPSz
1125 4489 1284 4562 ὁρμῆς
1329 4493 1408 4544 Ra
1619 4489 1687 4542 20
1721 4490 2025 4560 περιγραφὴν
2061 4494 2163 4544 Ra:
2212 4491 2558 4562 περιγραμμὴν
2596 4491 2683 4544 rel.
2896 4491 2958 4544 21
3018 4493 3136 4562 φέρε
3181 4509 3305 4548 corr.

605 4595 672 4631 ex
708 4579 870 4649 φέρειν
908 4582 960 4631 A
1215 4577 1282 4629 22
1327 4577 1511 4648 γίνεται
1547 4579 1758 4645 scripsi:
1813 4574 2035 4647 γίνεσθαι
2072 4577 2189 4630 libri
2226 4576 2408 4644 (θίσεν
2462 4575 2683 4648 γίνεσθαι
2724 4579 2814 4639 τὰς
2852 4577 3031 4647 Apelt)

605 4663 836 4738 συγχύσει
871 4665 1058 4719 Ideler:
1117 4665 1375 4736 συγχύσεις
1409 4667 1696 4718 ABCRSa:
1752 4663 2040 4737 συγχύσεως
2087 4669 2129 4718 P
2343 4665 2411 4718 23
2455 4671 2559 4718 τῶν
2607 4681 2705 4718 om.
2744 4668 2823 4720 Ba
3035 4666 3101 4719 26
3144 4666 3303 4722 τοιού-

605 4771 713 4805 των
747 4753 822 4805 A¹
1037 4751 1104 4805 28
1159 4751 1328 4806 τοιάδε
1365 4769 1398 4804 ε
1609 4751 1721 4822 δύο]
1773 4751 1849 4806 διὸ
1886 4771 1916 4804 ι
2128 4751 2198 4806 30
2250 4769 2306 4804 τε
2340 4767 2381 4803 s.
2409 4767 2455 4804 v.
2482 4757 2533 4805 A
2778 4751 2839 4806 31
2900 4751 3057 4824 λέγειν
3096 4754 3173 4807 A¹

608 4839 676 4894 32
713 4837 796 4908 τὸ]
832 4839 911 4912 τῷ
947 4857 980 4892 a.
