3684 5567
571 262 695 326 140
1024 259 1349 330 [ΑΠΟΡῙΩΝ
1393 258 1513 315 ΚΑΙ
1554 258 1817 317 ΛΥΣΕΩΝ
1861 257 2142 315 ΒΙΒΛΙΟΝ
2179 258 2548 316 ἸῈΤΑΡΤΟΝ
2595 260 2824 329 20-21]

673 432 822 497 εἶναί
874 458 925 496 τι
979 433 1051 496 δι’
1108 435 1249 497 αὑτὸ
1306 432 1525 516 ἀγαθόν
1579 458 1641 497 τε
1697 434 1794 497 καὶ
1849 436 2105 517 αἱρετόν,
2161 432 2320 517 εἴγε
2374 435 2439 497 τὸ
2487 434 2590 516 μὲν
2650 434 2937 518 χρήσιμον
2993 430 3172 495 ἄλλου

670 537 823 604 τινὸς
867 539 1038 622 χάριν
1084 538 1349 619 γίγνεται,
1395 539 1537 621 πρὸς
1584 537 1614 599 ὃ
1661 536 1952 622 χρήσιμόν
1998 538 2140 611 ἐστι,
2185 538 2250 600 τὸ
2296 534 2412 621 (δὲ)
2456 535 2635 599 ἄλλου
2680 538 2832 605 τινὸς
2875 534 3168 616 γινομενον

672 640 843 723 χάριν
888 639 1023 725 παρ’
1080 640 1306 704 ἐκείνου
1353 641 1417 703 τὸ
1464 641 1689 725 αἱρετὸν
1747 638 1886 726 ἔχον
1935 638 2064 725 ἔχοι
2118 639 2186 702 ἄν
2233 639 2367 722 παρ’
2424 640 2647 702 ἐκείνου
2693 640 2788 701 καὶ
2835 640 2899 702 τὸ
2945 638 3168 719 ἀγαθὸν
3198 654 3253 696 1⁰

672 740 833 817 εἶναι,
882 748 995 806 πᾶν
1041 745 1106 807 δὲ
1149 742 1435 829 χρήσιμόν
1482 744 1602 807 ἐστι
1646 744 1711 805 τὸ
1743 744 1970 825 ἀγαθοῦ
2015 766 2162 811 τινος
2193 744 2488 826 ποιητικὸν
2535 743 2631 805 καὶ
2660 741 2978 824 γινόμενον,
3026 740 3170 804 διότι

602 863 631 911 5
670 829 889 907 ἐκείνου
935 846 1057 910 ἐστὶ
1103 846 1416 931 ποιητικόν.
1507 844 1625 909 ἀλλ’
1682 847 1734 909 εἰ
1786 847 1850 909 τὸ
1907 844 1978 908 δι’
2035 847 2176 908 αὑτὸ
2222 844 2441 926 ἀγαθόν
2501 868 2561 907 τε
2616 846 2710 907 καὶ
2756 824 2982 927 αἱρετὸν
3031 848 3170 926 μᾶλ-

670 952 769 1011 λον
814 949 1035 1031 ἀγαθὸν
1093 954 1193 1012 τοῦ
1248 948 1383 1034 παρ’
1439 947 1620 1012 ἄλλου
1667 951 1731 1011 τὸ
1784 950 2008 1031 ἀγαθὸν
2053 947 2310 1033 ἔχοντος,
2367 950 2398 1011 ὁ
2443 948 2508 1010 τὸ
2553 950 2840 1033 χρήσιμον
2896 948 2954 1008 ἐν
3001 952 3170 1011 πᾶσιν
3199 963 3253 1005 15

670 1052 931 1114 ἀπαιτῶν
978 1054 1203 1136 ἀναιρεῖ
1249 1053 1314 1116 τὸ
1360 1051 1507 1115 εἷναί
1549 1076 1600 1114 τι
1644 1052 1867 1135 ἀγαθὸν
1925 1052 2137 1136 κυρίως
2190 1076 2252 1115 τε
2303 1054 2398 1115 καὶ
2453 1050 2586 1115 καθ’
2644 1052 2805 1115 αὑτό.
2895 1049 2976 1113 ἔτι
3023 1054 3054 1114 ὁ
3101 1052 3166 1113 τὸ

669 1155 961 1238 χρήσιμον
1008 1155 1181 1237 μόνον
1228 1156 1446 1239 ἀγαθὸν
1506 1155 1649 1219 εἶναι
1695 1155 1880 1238 λέγων
1933 1156 2031 1219 καὶ
2075 1156 2299 1239 αἱρετὸν
2353 1158 2579 1239 ἀναιρεῖ
2630 1156 2695 1218 τὸ
2741 1153 2892 1217 εἷναί
2930 1178 2982 1216 τι
3027 1156 3170 1239 χρή-

670 1277 857 1341 σιμον.
954 1258 1006 1321 εἰ
1057 1258 1164 1343 γὰρ
1217 1260 1283 1321 τὸ
1335 1259 1627 1344 χρήσιμον
1685 1264 1765 1328 ὡς
1821 1258 2050 1341 ἀγαθοῦ
2107 1257 2403 1342 ποιητικόν
2457 1260 2607 1321 ἐστιν
2664 1258 2890 1341 αἱρετὸν
2953 1259 3048 1320 καὶ
3103 1260 3167 1320 τὸ

570 1380 631 1427 10
670 1358 816 1423 εἶναι
861 1360 1080 1443 ἀγαθὸν
1127 1360 1255 1445 ἔχει
1298 1362 1453 1444 παρὰ
1497 1366 1599 1425 τοῦ
1644 1361 1944 1445 γινομένου
1991 1363 2135 1446 πρὸς
2179 1352 2387 1436 αὐτοῦ,
2441 1362 2620 1445 μηδὲν
2667 1360 2732 1423 δέ
2777 1360 2898 1423 ἐστι
2944 1364 3167 1424 τοιοῦτο
3194 1376 3250 1418 2⁰

668 1464 804 1527 καθ’
856 1464 955 1533 οὓς
1000 1463 1171 1546 μόνον
1218 1464 1442 1548 αἱρετόν
1488 1464 1640 1528 ἐστιν
1685 1466 1751 1527 τὸ
1796 1464 2086 1549 χρήσιμον
2133 1486 2172 1524 ιι·
2218 1486 2258 1524 ῆι·-
2303 1484 2344 1525 x-
2389 1464 2808 1546 ἀναιρουμένου
2856 1468 2956 1525 τοῦ
3004 1461 3074 1528 δι’
3114 1463 3164 1530 ,δ

668 1566 963 1650 γινόμενον
995 1566 1095 1629 ὑπ’
1136 1568 1315 1631 αὐτοῦ
1343 1569 1409 1631 τὸ
1450 1569 1740 1652 χρήσιμον
1772 1568 1837 1630 τὸ
1868 1568 2093 1651 αἱρετὸν
2140 1564 2286 1651 ἔχει,
2374 1568 2427 1629 εἰ
2469 1568 2577 1651 γὰρ
2623 1565 2716 1651 εἴη
2763 1569 2827 1629 τὸ
2873 1568 3166 1652 χρήσιμον

668 1673 979 1755 χρήσιμον,
1024 1670 1167 1734 διότι
1211 1672 1505 1756 χρησίμου
1553 1669 1701 1739 τινός
1739 1670 1893 1733 ἐστιν
1939 1669 2167 1753 ἀγαθοῦ
2214 1668 2528 1753 ποιητικόν,
2575 1667 2737 1734 ἔσται
2780 1674 2893 1732 πᾶν
2938 1671 3004 1732 τὸ
3052 1670 3162 1731 ὑπὸ
3191 1686 3246 1729 25

670 1778 771 1837 τοῦ
801 1775 1091 1859 χρησίμου
1136 1774 1431 1859 γινόμενον
1461 1777 1777 1860 χρήσιμον,
1824 1773 1856 1837 ὃ
1902 1777 1987 1859 τῷ
2039 1771 2046 1859 Ι
2095 1772 2242 1836 εἶναι
2287 1776 2578 1857 χρήσιμον
2625 1772 2718 1835 ἐπ’
2762 1772 2903 1836 ἄλλο
2949 1776 3118 1837 πάλιν
3165 1781 3270 1838 269

570 1897 630 1945 15
670 1876 784 1947 ἕξει
828 1880 931 1963 τὴν
978 1866 1290 1963 ἀναφοράν.
1358 1877 1542 1946 οὕτως
1587 1878 1651 1940 δὲ
1696 1874 1787 1940 ἐπ’
1830 1877 2064 1962 ἄπειρον
2110 1876 2542 1960 προελεύσεται,
2591 1878 2680 1940 ἀεὶ
2729 1878 2831 1961 μὲν
2877 1882 2978 1939 τοῦ
3024 1901 3165 1961 χρη-

668 1982 867 2063 σίμου,
927 1980 1070 2045 διότι
1114 1988 1270 2044 ποιεῖ
1310 2005 1392 2056 τι,
1450 1978 1609 2050 ὄντος
1662 1981 1984 2065 χρησίμου,
2045 1981 2253 2048 παντὸς
2309 1980 2374 2042 δὲ
2417 1983 2518 2041 τοῦ
2566 1978 2677 2041 ὑπὸ
2724 1984 2823 2042 τοῦ
2867 1981 3162 2065 χρησίμου

664 2084 967 2166 γινομένου
1023 2082 1183 2153 ὄντος
1234 2084 1331 2147 καὶ
1388 2083 1566 2147 αὐτοῦ
1622 2084 1934 2168 χρησίμου.
2023 2083 2229 2146 τούτου
2287 2081 2336 2146 δ’
2393 2083 2580 2150 οῦτως
2631 2081 2866 2166 ἔχοντος
2909 2081 3035 2147 οὐδ’
3089 2082 3159 2146 ἂν
3211 2101 3240 2143 ὅ

664 2188 730 2249 τὸ
778 2190 1066 2271 χρήσιμον
1112 2186 1196 2251 ἔτι
1243 2187 1403 2269 μένοι
1448 2188 1759 2272 χρήσιμον,
1806 2186 1913 2249 οὐκ
1960 2184 2123 2255 ὄντος
2166 2185 2423 2271 ἐσχάτου
2469 2185 2638 2261 τινός,
2685 2186 2718 2249 ὃ
2764 2191 2848 2271 τῷ
2897 2183 2968 2248 δι’
3021 2188 3162 2251 αὑτὸ

667 2288 890 2372 αἱρετόν
934 2314 997 2353 τε
1041 2292 1139 2354 καὶ
1188 2290 1407 2373 ἀγαθὸν
1462 2290 1607 2354 εἶναι
1662 2291 1759 2353 καὶ
1803 2295 1921 2360 τοῖς
1978 2291 2062 2359 εἰς
2105 2290 2248 2353 αὐτὸ
2295 2293 2655 2354 συντελοῦσιν
2710 2292 2804 2353 καὶ
2849 2288 2978 2355 οὖσι
3021 2292 3166 2376 πρὸς

561 2412 628 2460 20
664 2392 803 2456 αὐτὸ
849 2393 1157 2478 χρησίμοις
1211 2395 1274 2457 τὸ
1319 2392 1463 2457 εἶναι
1514 2400 1634 2463 τοῖς
1686 2396 1964 2463 τοιούτοις
2017 2398 2311 2478 παρεῖχεν.
2403 2397 2484 2463 ὡς
2525 2394 2636 2479 γὰρ
2684 2396 2766 2478 μὴ
2811 2394 2976 2464 ὄντος
3016 2397 3165 2479 αἶρε·
3194 2412 3249 2454 ιο

664 2502 765 2560 τοῦ
812 2501 913 2560 τοῦ
956 2497 1255 2581 γινομένου
1303 2497 1439 2561 οὖδὲ
1468 2498 1533 2561 τὸ
1565 2499 1709 2581 πρὸς
1752 2503 1920 2561 τοῦτο
1965 2499 2253 2583 χρήσιμον
2285 2494 2414 2582 ἔχοι
2444 2495 2514 2560 ἂν
2544 2494 2660 2582 (τὸ)
2690 2498 2935 2581 αἱρετόν,
2981 2499 3166 2569 οὕτως

665 2600 800 2664 οὐδὲ
845 2604 959 2663 τῶν
1006 2602 1147 2685 πρὸς
1192 2600 1483 2686 χρήσιμόν
1536 2626 1589 2665 τι
1633 2602 1937 2687 χρησίμων
1991 2600 2121 2687 ἔχοι
2169 2598 2236 2663 ἂν
2290 2602 2354 2664 τὸ
2401 2602 2629 2685 αἱρετὸν
2682 2606 2769 2687 τῷ
2819 2602 3000 2685 μηδὲν
3045 2609 3160 2666 τῶν

660 2703 973 2787 γινομένων
1028 2703 1125 2769 ὑπ’
1180 2705 1373 2768 αὐτῶν
1428 2706 1651 2788 αἱρετὸν
1706 2704 1852 2768 εἶναι
1907 2703 1978 2767 δι’
2035 2703 2194 2768 αύτό.
2286 2704 2337 2767 εἰ
2392 2705 2466 2788 δὴ
2521 2703 2735 2768 ἄτοπον
2791 2706 2855 2769 τὸ
2905 2710 3157 2791 ἀναιρεῖν

664 2809 729 2869 τό
760 2830 825 2890 γε
869 2808 1019 2871 εἶναί
1059 2832 1111 2872 τι
1141 2808 1363 2891 ἀγαθόν
1406 2810 1755 2893 (ἀναιρεῖται
1797 2810 1905 2892 γὰρ
1945 2808 2090 2872 κατὰ
2135 2808 2268 2877 τοὺς
2299 2807 2570 2889 λέγοντας
2615 2807 2788 2889 μόνον
2835 2812 2951 2873 δεῖν
2984 2831 3157 2874 σπου·
3185 2824 3238 2867 15

558 2931 622 2979 ‘25
663 2912 943 2983 διίξεσθαι
987 2912 1051 2975 τὸ
1082 2915 1396 2999 χρήσιμον,
1444 2917 1525 2982 ὡς
1554 2912 1886 2997 δέδεικται),
1933 2913 2148 2978 ἄτοπον
2195 2914 2258 2975 δὲ
2303 2913 2396 2976 καὶ
2445 2914 2509 2975 τὸ
2555 2913 2741 2995 λέγειν
2789 2915 2970 2996 μηδὲν
3015 2914 3161 2977 εἶναι

665 3016 985 3101 χρήσιμον,
1041 3017 1073 3079 ὃ
1120 3020 1214 3080 καὶ
1258 3018 1398 3081 αὐτὸ
1446 3018 1769 3101 ἀναιροῦσιν
1826 3019 1880 3081 οἱ
1925 3018 1989 3080 τὸ
2036 3017 2324 3102 χρήσιμον
2381 3015 2553 3099 μόνον
2601 3017 3032 3088 σπουδάζεσθαι
3077 3017 3162 3079 λέ-

663 3142 884 3201 γοντες,
941 3118 1158 3187 ἄτοπος
1201 3118 1268 3181 ἂν
1314 3122 1423 3203 ἥδε
1475 3145 1514 3202 η
1564 3120 1700 3189 δόξα
1752 3120 1863 3204 εἴη.
1955 3122 2097 3203 πρὸς
2141 3120 2205 3181 δὲ
2249 3120 2470 3187 τούτοις
2524 3120 2579 3182 εἰ
2630 3119 2700 3182 τὰ
2747 3121 2852 3201 μὲν
2899 3122 3246 3205 χρήσιμαθο

665 3224 804 3306 ἡμῖν
850 3224 1175 3307 συναίρεται
1230 3224 1373 3307 πρὸς
1426 3222 1527 3291 τὰς
1580 3225 1797 3292 ἐνδείας
1850 3246 1910 3285 τε
1963 3224 2059 3284 καὶ
2111 3223 2451 3306 ἐνοχλήσεις
2504 3223 2598 3284 καὶ
2653 3225 3018 3306 περιστάσεις
3063 3223 3163 3292 τὰς

665 3324 813 3387 κατὰ
860 3327 955 3389 τὸν
1003 3327 1143 3412 βίον,
1190 3326 1355 3396 τέλος
1400 3327 1465 3391 δὲ
1509 3328 1577 3391 οὐ
1622 3328 1687 3390 τὸ
1732 3320 1868 3409 (μὴ)
1913 3324 2312 3408 ἐνοχλεῖσθαι,
2359 3324 2509 3387 ἀλλὰ
2553 3324 2619 3387 τὸ
2665 3326 2848 3408 μηδὲν
2895 3326 3161 3412 ἐνοχλου·

557 3446 626 3495 3ο
664 3429 868 3506 μένους
912 3429 1163 3514 ἐνεργεῖν
1208 3453 1362 3499 τινας
1393 3429 1699 3514 ἐνεργείας,
1744 3429 1803 3490 αἱ
1836 3426 2044 3490 οἰκεῖαί
2087 3448 2150 3488 τε
2179 3430 2300 3493 τοῖς
2330 3426 2663 3510 ἀνθρώποις
2707 3429 2802 3490 καὶ
2835 3429 3164 3513 ἐλευθέρων
3191 3445 3246 3488 2⁵

664 3530 941 3615 ἐνέργειαι
985 3553 1026 3593 -κ
1070 3554 1111 3593 ⁹⁵
1156 3553 1214 3593 at.
1320 3530 1691 3615 ἀνδραπόδων
1744 3528 1852 3612 γὰρ
1905 3530 1972 3591 τὸ
2025 3530 2209 3592 πάντα
2257 3529 2610 3612 ποιήσαντας
2665 3533 2808 3615 πρὸς
2861 3534 2927 3595 τὸ
2977 3541 2984 3615 Ι
3033 3535 3114 3617 μὴ
3161 3541 3267 3596 270

560 3826 578 3876 1
634 3822 760 3875 αὐτὸ
796 3828 846 3875 V
1127 3822 1158 3873 2
1205 3822 1258 3874 δὲ
1304 3821 1423 3873 add.
1462 3820 1677 3873 V²BS²a
1720 3824 1807 3887 Sp.
2115 3823 2148 3873 4
2197 3827 2295 3874 πᾶν
2343 3822 2394 3875 δὲ
2446 3822 2660 3875 v²BS²a
2705 3825 2820 3891 Sp.:
2875 3825 3016 3875 ἐᾶσαι
3065 3826 3269 3879 V¹FS¹:

559 3908 691 3963 ὥστε
732 3914 779 3965 G
956 3912 988 3965 5
1025 3910 1313 3979 ποιητικόν]
1352 3909 1379 3961 ό
1416 3910 1471 3961 in
1510 3909 1585 3961 lit.
1608 3912 1653 3959 V
1830 3908 1860 3959 7
1899 3907 1970 3977 τι]
2011 3926 2025 3960 ι
2063 3910 2119 3961 in
2155 3909 2233 3961 lit.
2275 3912 2320 3960 V
2499 3908 2529 3961 9
2567 3908 2759 3979 αγαθοῦ
2799 3908 2855 3977 (θ
2891 3914 2948 3964 in
2987 3910 3089 3979 lit.)
3127 3915 3198 3966 V¹

560 4000 623 4052 10
678 4004 834 4052 αυτοῦ
880 4002 928 4050 ’V
1164 3999 1223 4049 11
1283 3997 1368 4055 οὒς
1405 3995 1548 4051 B²Sa
1583 3999 1697 4062 Sp.:
1754 3995 1781 4047 ὃ
1821 3998 1982 4049 VB¹F
2025 3997 2160 4049 vict.
2393 4004 2510 4065 post
2557 3999 2710 4066 μόνον
2759 3999 2874 4051 add.
2921 4000 2979 4051 τὸ
3025 4001 3272 4072 χρήσιμον

552 4087 689 4139 vict.
730 4090 817 4154 Sp.
995 4086 1051 4138 τὸ
1088 4086 1293 4138 v¹GF2
1349 4085 1443 4137 οὐκ
1496 4084 1633 4137 ἔσται
1678 4084 1735 4135 τὸ
1773 4084 1978 4137 v²BSa
2013 4086 2126 4151 Sp.:
2185 4085 2403 4137 fortasse
2451 4084 2508 4137 τὸ
2554 4084 2814 4156 χρήσιμον,
2869 4086 3272 4159 (ἀναιρεθήσεται

551 4174 609 4227 τὸ
655 4176 921 4247 χρήσιμον)
967 4173 1325 4243 ἀναιρουμένου
1543 4172 1602 4223 12
1642 4170 1757 4238 Ιὕπ’]
1794 4168 1871 4223 ἐπ’
1911 4190 1942 4224 a
2157 4178 2274 4241 post
2324 4173 2426 4244 ἔχει
2463 4172 2579 4224 add.
2620 4173 2890 4243 ἀναιρεῖται
2926 4175 2983 4227 τὸ
3021 4178 3270 4246 χρήσιμον

554 4266 643 4317 GF
828 4262 889 4313 13
926 4262 1167 4333 χρήσιμον
1203 4262 1261 4312 in
1299 4261 1374 4312 lit.
1412 4264 1459 4309 V
1652 4260 1776 4312 διότι
1811 4258 2084 4331 χρησίμου]
2123 4258 2246 4312 διότι
2285 4278 2381 4330 χρη
2421 4264 2476 4311 in
2515 4275 2614 4327 mg.
2659 4262 2726 4311 V*
2922 4262 3037 4327 (ὡς)
3075 4262 3270 4331 ἀγαθοῦ

550 4350 809 4405 Schwartz
983 4351 1045 4401 14
1084 4348 1109 4401 δ
1135 4348 1209 4399 V²
1247 4365 1373 4401 corr.
1402 4366 1466 4401 ex
1504 4347 1529 4399 ὃ
1702 4350 1759 4399 17
1801 4364 2048 4421 χρησιμου
2068 4352 2117 4399 V
2289 4346 2351 4398 18
2389 4346 2494 4417 ὅτῷ*
2521 4351 2566 4398 V
2735 4348 2803 4400 20
2826 4356 2930 4407 τοῖς
2953 4364 3052 4402 om.
3082 4354 3197 4404 SFa

553 4439 611 4490 21
656 4441 831 4505 τοῦτο]
868 4437 1048 4491 τούτου
1086 4456 1117 4489 a
1152 4440 1240 4505 Sp.
1443 4437 1549 4509 ἔχοι
1586 4434 1647 4487 ἂν
1683 4436 1739 4488 τὸ
1778 4437 1988 4504 scripsi:
2046 4436 2152 4505 ἔχοι
2189 4434 2248 4487 ἂν
2286 4438 2539 4490 VFS¹B¹:
2593 4436 2652 4487 ἂν
2687 4435 2747 4489 τὸ
2784 4437 2901 4490 8²2:
2959 4438 3019 4491 ἂν
3055 4438 3113 4490 τὸ
3148 4440 3267 4511 (εἴη,

550 4526 691 4593 quod
728 4532 849 4579 ante
886 4526 945 4577 ἂν
984 4528 1281 4594 scripserat,
1316 4526 1437 4587 del.)
1473 4523 1566 4576 13²:
1606 4522 1664 4576 ἂν
1702 4524 1777 4595 εἴη
1815 4524 1876 4577 τὸ
1913 4524 2047 4576 coni.
2088 4526 2174 4590 Sp.
2381 4524 2446 4575 22
2484 4524 2598 4576 οὐδὲ
2639 4512 2886 4577 vS¹B¹F2
2925 4526 3065 4577 οὐδὲν
3101 4526 3270 4580 S²B²a

548 4610 769 4666 fortasse
810 4624 971 4666 recte:
1028 4614 1081 4665 δὲ
1124 4612 1267 4665 οὐδὲν
1307 4614 1441 4665 vict.
1480 4615 1567 4679 Sp.
1773 4612 1837 4663 23
1883 4610 1970 4679 δὴ]
2019 4609 2071 4662 δὲ
2120 4612 2251 4663 vict.
2295 4614 2381 4677 Sp.
2588 4612 2654 4663 24
2699 4612 2758 4663 τό
2799 4614 2878 4681 γε]
2923 4612 2982 4665 τὸ
3025 4614 3104 4665 vel
3151 4614 3268 4666 τότε

550 4703 685 4753 coni.
712 4702 799 4767 Sp.
971 4701 1034 4751 27
1070 4702 1114 4751 εἰ
1146 4716 1244 4752 om.
1276 4704 1315 4753 F
1341 4701 1439 4754 del.
1470 4704 1557 4765 Sp.
1604 4700 1735 4761 „nisi
1764 4698 2010 4765 apodosis
2037 4700 2263 4749 excidit“
2434 4698 2502 4752 28
2541 4701 2817 4771 συναίρεται
2841 4699 2958 4753 V²B
2987 4702 3120 4754 vict.
3147 4704 3267 4769 Sp.:

552 4794 911 4857 συναναιρεῖται
956 4789 1127 4841 VFGa
1316 4788 1381 4840 29
1428 4788 1486 4840 τὸ
1522 4787 1638 4853 <μὴ>
1674 4789 1715 4837 F
1755 4788 1868 4852 Sp.:
1919 4784 1978 4835 τὸ
2019 4788 2185 4839 VBSa
2392 4788 2459 4839 30
2496 4786 2760 4859 ἐνεργείας]
2800 4805 2831 4839 α
2867 4790 2925 4840 in
2963 4790 3038 4841 lit.
3079 4792 3127 4840 V

550 4876 612 4928 31
672 4876 913 4927 lacunam
961 4876 1193 4929 indicavi
1372 4876 1556 4939 πάντα]
1604 4891 1667 4924 τα
1712 4873 1827 4925 add.
1869 4872 1941 4925 V2
