3684 5567
510 286 636 350 232
1390 282 1853 340 ΑΛΕΞΑΝΔΡΟΥ
1902 283 2355 340 mmmmm

617 459 895 542 γεννήσας
939 456 1132 520 αὐτῶν
1180 457 1473 543 ἑκάτερον,
1543 459 1729 528 οὕτως
1797 458 2161 542 ὑποληπτέον
2230 461 2414 522 ποιεῖν
2484 459 2576 520 καὶ
2622 461 2728 541 τὴν
2775 457 3126 542 καθιεμένην

615 561 888 643 σπογγίαν
950 561 1032 626 εἰς
1076 562 1142 622 τὸ
1189 561 1415 643 ἀγγεῖον
1482 563 1548 625 τὸ
1595 561 1733 647 ἔχον
1803 561 1864 624 ἐν
1918 562 2080 645 αὑτῷ
2128 560 2480 644 κεκραμένον
2548 560 2699 622 οἶνον
2770 561 2954 624 ὕδατι.
3044 565 3121 643 τῇ

619 661 730 744 γὰρ
776 661 961 744 οἰκείᾳ
1006 661 1269 746 ποιότητι
1312 663 1429 727 ἀπὸ
1475 666 1687 732 παντὸς
1732 668 1834 726 τοῦ
1882 665 2165 746 μίγματος
2234 666 2493 744 γεννῶσα
2555 664 2621 725 τὸ
2668 664 2983 745 δυνάμενον
3030 663 3129 746 ῥᾳ-
3156 681 3213 722 m

622 767 758 835 δίως
828 765 984 848 ὕδωρ
1049 766 1310 850 καθαρὸν
1379 764 1474 828 ὑπ’
1531 767 1708 829 αὐτοῦ
1775 766 2049 847 γενέσθαι
2118 767 2229 828 ὑπὸ
2276 765 2560 848 τοσαύτης
2616 789 2680 827 τε
2725 767 2821 828 καὶ
2864 765 3130 847 τοιαύτης

551 887 581 936 5
619 869 925 950 δυνάμεως
969 868 1224 953 χωρίζον
1271 869 1565 953 ἀναφέρει.
1644 873 1725 938 ὡς
1769 868 1877 953 γὰρ
1925 869 2021 932 ἐπὶ
2066 871 2169 931 τοῦ
2200 869 2498 948 γλεύκους,
2546 868 2930 952 ὁμοιομεροῦς
2971 866 3131 935 ὄντος

623 973 914 1054 σώματος,
960 971 999 1053 ἡ
1045 971 1209 1054 ὀλίγη
1255 971 1426 1054 πέψις
1469 971 1878 1054 προσελθοῦσα
1921 971 1982 1041 ἐξ
2026 971 2279 1038 ἅπαντος
2321 969 2501 1033 αὐτοῦ
2546 973 2716 1054 γεννᾷ
2760 993 2823 1033 τε
2868 971 2966 1032 καὶ
3009 971 3129 1032 δια-

625 1075 801 1157 κρίνει
847 1075 1075 1155 πνεῦμά
1119 1097 1184 1136 τε
1229 1074 1328 1137 καὶ
1373 1073 1525 1137 οἶνον
1569 1075 1689 1157 (ὅτι
1719 1074 1828 1157 γὰρ
1871 1075 1953 1157 μὴ
1998 1075 2277 1157 πρότερον
2321 1071 2393 1155 ἧν
2441 1073 2500 1135 ἐν
2546 1074 2709 1158 αὐτῷ
2757 1079 2939 1137 ταῦτα
2983 1073 3132 1156 ἐνερ-

624 1177 769 1259 γείᾳ,
837 1178 1015 1259 δῆλον
1081 1176 1148 1240 ἐκ
1218 1181 1318 1240 τοῦ
1387 1177 1468 1260 μὴ
1518 1177 1802 1241 δύνασθαι
1846 1177 1951 1258 μὲν
2018 1177 2203 1244 οὕτως
2270 1176 2432 1260 ὑγρῷ
2482 1175 2836 1260 κατέχεσθαι
2879 1176 3134 1260 ἐνεργείᾳ
3158 1196 3214 1238 25

622 1282 870 1360 πνεῦμα,
917 1282 997 1348 ὣς
1041 1277 1268 1362 εἴρηται
1313 1280 1406 1342 καὶ
1453 1280 1564 1362 πρὸ
1613 1280 1830 1359 ὀλίγου,
1878 1279 2027 1342 ἀλλὰ
2075 1279 2140 1340 τὸ
2185 1276 2491 1360 γενόμενον
2546 1277 2911 1361 ἐκκρίνεσθαι
2956 1301 3133 1362 παρα-

526 1404 588 1450 ιο
623 1387 831 1468 χρῆμα
875 1386 990 1445 πᾶν
1036 1381 1130 1444 ἐπὶ
1177 1386 1281 1464 τῆς
1325 1382 1604 1466 πέψεως),
1675 1383 1862 1450 οὕτως
1908 1380 2270 1466 ὑποληπτέον
2334 1382 2431 1444 καὶ
2497 1380 2570 1444 τὰ
2635 1383 2963 1466 χωρίζοντα
3016 1381 3131 1444 ἀπὸ

623 1489 741 1548 τῶν
787 1483 1179 1569 κεκραμένων,
1226 1484 1284 1552 ἐξ
1332 1487 1414 1547 ὧν
1461 1486 1740 1569 κέκραταί
1779 1509 1922 1560 τινα,
1970 1484 2076 1548 οὐκ
2107 1484 2513 1568 ἐνυπάρχοντα
2542 1483 2799 1567 ἐνεργείᾳ
2839 1485 3130 1568 χωρίζειν,

630 1588 782 1651 ἀλλὰ
809 1589 1264 1676 νμεταβάλλοντα
1307 1590 1547 1671 δυνάμει
1590 1590 1697 1651 τινὶ
1745 1590 1839 1651 καὶ
1885 1590 2212 1650 τελειοῦντα
2256 1587 2328 1649 τὰ
2374 1589 2614 1670 δυνάμει
2658 1587 2754 1650 διὰ
2792 1589 2899 1671 τὴν
2930 1592 3133 1671 κρᾶσιν
3160 1601 3219 1644 ω

629 1691 1033 1775 ἐνυπάρχοντα
1080 1687 1086 1775 Ι
1137 1689 1350 1758 αὐτοῖς.
1443 1695 1522 1760 ὡς
1566 1692 1672 1774 γὰρ
1720 1689 1813 1753 ἐπ’
1870 1690 2107 1754 ἐκείνων
2176 1687 2515 1758 ἐπιπόλαιός
2566 1713 2716 1758 τινος
2758 1690 2977 1772 γένεσις
3018 1692 3097 1772 γί·
3142 1697 3239 1752 616

625 1817 781 1857 νεται
811 1793 910 1877 (οὐ
941 1793 1048 1878 γὰρ
1079 1798 1179 1857 τοῦ
1210 1795 1497 1876 γάλακτος
1525 1795 1606 1862 εἰς
1639 1793 1898 1862 ἐναντίας
1928 1795 2103 1873 τινάς,
2148 1791 2239 1862 αἷς
2268 1791 2415 1877 ἔχει,
2450 1791 2869 1877 μεταβαλόντος
2902 1792 3135 1876 ποιότη-

527 1919 588 1968 15
628 1921 730 1967 τας
776 1898 840 1960 τὸ
889 1897 992 1979 μὲν
1043 1897 1212 1980 ὀρρὸς
1256 1897 1322 1958 τὸ
1369 1897 1433 1959 δὲ
1475 1898 1648 1980 τυρὸς
1691 1896 1917 1978 γίνεται,
1968 1896 2118 1958 ἀλλὰ
2163 1899 2279 1958 τῶν
2326 1893 2706 1979 ὑπαρχόντων
2763 1897 2927 1981 αὐτῷ
2973 1897 3139 1958 δυνά-

629 2025 724 2084 μει
769 2000 974 2075 οῦτως,
1043 2003 1126 2068 ὡς
1172 2000 1369 2084 ὀλίγης
1413 2000 1564 2068 τινὸς
1614 2001 1758 2083 πρὸς
1801 1999 1868 2061 τὸ
1914 1997 2168 2083 ἐνεργείᾳ
2214 1997 2360 2060 εἶναι
2406 1997 2635 2060 δεῖσθαι
2696 2000 2991 2082 βοηθείας,
3056 2001 3137 2066 εἰς
3189 2015 3218 2055 5

622 2105 690 2167 τό
735 2102 992 2187 ἐνεργείᾳ
1036 2101 1180 2165 εἶναι
1224 2102 1490 2185 γίνεται),
1535 2102 1721 2169 οὕτως
1767 2101 2095 2184 μεταβολὴν
2139 2099 2388 2183 ἡγητέον
2433 2100 2691 2181 γίνεσθαι
2735 2104 2831 2165 καὶ
2877 2101 2973 2164 ἐπὶ
3018 2107 3137 2164 τῶν

628 2205 1018 2289 κεκραμένων.
1109 2204 1310 2267 ἕπεται
1355 2205 1420 2266 δὲ
1465 2209 1542 2287 τῇ
1589 2204 1686 2267 ἐπὶ
1730 2207 1847 2266 τῶν
1891 2202 2261 2286 κεκραμένων
2306 2202 2549 2285 τοιαύτῃ
2596 2204 2893 2288 μεταβολῇ
2926 2201 3017 2290 [ἢ]
3067 2205 3133 2266 τὸ

631 2307 1024 2392 διακρίνεσθαι
1069 2306 1350 2370 δύνασθαι
1393 2309 1582 2369 δοκεῖν
1627 2305 1796 2380 αὐτά,
1844 2304 1934 2367 ὅτι
1979 2305 2073 2368 καὶ
2120 2307 2225 2388 τὴν
2271 2305 2466 2389 ἀρχὴν
2510 2305 2579 2366 ἐκ
2624 2305 2831 2386 μίξεως
2861 2305 3135 2369 τοιούτων

525 2433 592 2478 20
629 2414 668 2494 ἡ
713 2410 932 2493 γένεσις
978 2416 1059 2493 τῷ
1107 2413 1286 2472 ταῦτα
1333 2411 1626 2494 πάσχοντι·
1661 2411 1910 2492 σώματι.
2002 2408 2097 2470 καὶ
2168 2405 2323 2470 ἔστιν
2392 2408 2424 2469 ὁ
2470 2409 2776 2492 χωρισμὸς
2828 2408 3136 2492 λεγόμενος
3164 2423 3223 2465 ιο

628 2519 744 2579 τῶν
812 2512 1183 2598 κεκραμένων
1251 2511 1384 2574 οὔτε
1431 2513 1630 2592 ὅμοιος
1673 2517 1760 2596 τῷ
1807 2512 1905 2574 ἐπὶ
1972 2515 2088 2572 τῶν
2156 2511 2433 2594 ἀλλήλοις
2478 2511 2939 2594 παρακειμένων,
3006 2507 3127 2573 οὔτ’

633 2617 706 2682 αὖ
751 2623 836 2702 τῷ
871 2618 1042 2679 πάλιν
1073 2620 1190 2678 τῶν
1235 2616 1384 2678 κατὰ
1427 2615 1654 2698 φθορὰν
1700 2615 1793 2677 καὶ
1844 2613 2061 2694 γένεσιν
2107 2614 2203 2677 καὶ
2248 2616 2351 2697 τὴν
2398 2613 2481 2681 εἰς
2524 2612 2847 2678 τούναντίον
2894 2615 3139 2698 μεταβο-

633 2724 740 2805 λὴν
788 2718 1278 2803 ἀποκρινομένων,
1347 2721 1426 2787 ὡς
1472 2717 1532 2786 ἐξ
1577 2719 1782 2785 ὕδατος
1828 2717 2060 2800 ὁρῶμεν
2127 2717 2210 2783 εἰς
2254 2715 2400 2798 ἀέρα
2464 2715 2769 2800 γινομένην
2814 2715 3137 2800 ἀπόκρισιν,

633 2821 754 2886 ἀλλ’
811 2821 934 2886 ἔστι
978 2822 1044 2884 τὸ
1088 2818 1386 2905 γινόμενον
1433 2819 1643 2902 μεταξὺ
1709 2820 1948 2883 τούτων.
2040 2816 2173 2881 οὔτε
2238 2818 2344 2902 γὰρ
2412 2819 2669 2902 ἐνεργείᾳ
2739 2819 3141 2904 ἐνυπάρχοντα
3170 2835 3222 2878 15

525 2949 591 2996 25
630 2927 974 3011 διακρίνεται
1043 2923 1176 2987 οὔτε
1221 2924 1304 2991 εἰς
1347 2922 1670 2987 τούναντίον
1717 2927 1802 3007 τῷ
1855 2921 2219 3004 ὑποκειμένῳ
2268 2922 2704 3006 μεταβάλλοντα
2748 2921 3132 3006 ἀποκρίνεται.

637 3031 733 3092 ἐπὶ
781 3029 885 3113 μὲν
929 3027 1040 3112 γὰρ
1085 3027 1302 3091 τούτων
1368 3025 1577 3089 ταύτὸν
1643 3025 1791 3089 κατὰ
1835 3025 1901 3087 τὸ
1946 3024 2101 3093 εἶδος
2168 3024 2327 3108 μένει
2384 3025 2529 3106 μετὰ
2573 3026 2678 3108 τὴν
2724 3024 3027 3110 ἀπόκρισιν
3070 3027 3135 3088 τὸ

634 3131 922 3216 ὑπομένον
968 3135 1053 3214 τῷ
1101 3131 1212 3213 πρὸ
1259 3133 1380 3204 τοῦ,
1429 3131 1601 3212 μόνον
1647 3128 1795 3191 κατὰ
1841 3128 2024 3190 ποσὸν
2071 3126 2509 3209 ἐλαττούμενον,
2556 3125 2651 3188 ἐπὶ
2696 3129 2761 3190 δὲ
2791 3133 2907 3190 τῶν
2939 3151 3139 3212 κεκρα-

631 3235 820 3318 μένων
867 3232 982 3317 οὐχ
1027 3233 1265 3316 ὁμοίως,
1331 3235 1418 3316 τῷ
1465 3229 1708 3293 ἕκαστον
1751 3235 1869 3290 τῶν
1918 3225 2099 3291 ὄντων
2146 3231 2385 3312 δυνάμει
2430 3229 2489 3291 ἐν
2535 3235 2621 3314 τῷ
2668 3229 2735 3293 ἐκ
2780 3234 2882 3293 τοῦ
2927 3233 3226 3314 κράμα-ιο

631 3360 730 3406 τος
771 3334 1028 3418 γεγονότι
1073 3339 1302 3416 σώματι
1347 3333 1736 3417 ἐκκρίνασθαι,
1783 3331 2146 3414 μεταβάλλον
2192 3332 2275 3400 εἰς
2320 3334 2423 3415 τὴν
2468 3333 2822 3416 τελειότητα,
2870 3333 2942 3416 ἧς
2986 3333 3141 3417 ἀφῃ-

529 3462 596 3510 30
635 3440 781 3525 ρέθη
829 3439 924 3502 διὰ
967 3442 1068 3502 τοῦ
1115 3421 1205 3502 ἐπ’
1265 3437 1394 3521 ἴσης
1439 3436 1586 3500 αὐτὰ
1632 3435 1966 3498 ἀντιπαθεῖν
2036 3432 2135 3496 ὑπ’
2191 3435 2483 3518 ἀλλήλων,
2552 3435 2626 3499 δι’
2702 3436 2735 3499 ὃ
2808 3437 2997 3503 πάθος
3042 3438 3139 3499 καὶ

635 3543 732 3606 ἐπὶ
776 3541 996 3605 τούτων
1068 3541 1131 3604 τὸ
1181 3539 1538 3625 χωρίζεσθαι
1583 3541 2002 3622 κατηγορεῖται.
2094 3537 2147 3600 εἰ
2191 3535 2291 3600 οὖν
2336 3540 2411 3601 τά
2454 3561 2517 3600 τε
2584 3537 2678 3601 διὰ
2721 3543 2827 3622 τῆς
2872 3537 3141 3622 τοιαύτης

639 3645 968 3730 μεταβολῆς
1015 3644 1385 3725 τελειούμενα
1429 3641 1496 3704 οὐ
1541 3639 1830 3723 γενέσθαι,
1900 3641 2048 3703 ἀλλὰ
2093 3641 2457 3724 χωρίζεσθαι
2512 3641 2697 3722 λέγειν
2742 3639 3000 3723 εὔλογον,
3070 3644 3143 3703 τά

636 3770 700 3810 τε
744 3745 896 3810 ἄλλα
939 3747 1070 3829 περὶ
1115 3751 1220 3829 τῆς
1262 3745 1547 3827 γενέσεως
1591 3748 1696 3827 τῆς
1739 3745 2006 3827 κράσεως
2050 3743 2329 3828 εἰρημένα
2372 3741 2673 3806 ἀκόλουθά
2726 3767 2789 3806 τε
2833 3748 2957 3813 ταῖς
3004 3744 3143 3807 ὑπο-
3170 3763 3227 3805 εὖ

637 3848 926 3931 κειμέναις
969 3850 1181 3934 ἀρχαῖς
1224 3848 1320 3912 καὶ
1367 3846 1601 3933 συνῳδὰ
1665 3848 1791 3914 ταῖς
1835 3847 2184 3930 μεταβολαῖς
2229 3869 2289 3908 τε
2334 3846 2431 3909 καὶ
2474 3845 2737 3928 γενέσεσι
2780 3850 2897 3908 τῶν
2943 3848 3141 3931 σωμά·

530 4097 563 4149 5
601 4095 942 4166 χωριζόμενον
967 4096 1126 4163 Apelt
1301 4101 1392 4149 τοῦ
1420 4093 1684 4166 γλεύκους]
1722 4094 1837 4152 τοὺς
1861 4093 2073 4152 λευκοὺς
2099 4095 2171 4148 A¹
2338 4093 2640 4166 ὀμοιομεροῦ
2669 4094 2832 4147 ldeler
3008 4096 3040 4147 6
3078 4093 3251 4163 προελ-

529 4183 690 4238 θοῦσα
726 4187 806 4238 Ra
994 4182 1174 4252 αὑτοῦ]
1215 4183 1383 4235 αὐτῶν
1421 4187 1501 4235 Ra
1699 4183 1849 4253 γεννᾷ
1886 4199 1940 4233 τε
1982 4183 2161 4249 Apelt:
2202 4186 2427 4250 γεννᾶται
2465 4182 2584 4242 libti
2780 4181 2813 4233 8
2850 4181 3069 4234 fortasse
3106 4183 3253 4234 κατέ-

529 4271 708 4345 χεσθαι
743 4273 965 4340 (σώματι
999 4271 1082 4335 τὸ)
1259 4271 1291 4322 9
1331 4271 1542 4341 εἴρηται]
1591 4271 1709 4336 223,
1739 4272 1798 4323 19
2016 4269 2137 4339 πρὸς
2177 4273 2251 4322 Ra
2464 4271 2777 4339 γεννώμενον
2814 4269 2969 4337 Apelt

535 4361 599 4412 10
655 4359 777 4428 ἀπὸ]
835 4361 1051 4412 fortasse
1098 4360 1196 4411 ἐπὶ
1397 4360 1460 4410 14
1515 4358 1640 4431 ἔχει]
1699 4359 1803 4432 εἶχε
1856 4358 2020 4411 Ideler
2198 4357 2596 4427 μεταβάλλοντος
2634 4361 2764 4410 ΒΒε
2980 4356 3039 4410 18
3086 4355 3251 4410 τοιαύ-

528 4467 619 4518 της
646 4465 678 4500 a
855 4447 886 4515 ἡ
923 4447 1021 4500 del.
1051 4447 1207 4514 Apelt
1380 4447 1441 4499 19
1483 4445 1829 4518 διακρίνασθαι
1867 4465 1899 4498 ιι
2078 4447 2135 4498 21
2200 4443 2370 4513 ὅμοιος
2408 4445 2593 4497 ldeler:
2650 4444 2841 4514 ὁμοίως
2887 4445 3006 4497 libri

530 4535 611 4588 ἐπὶ
647 4541 751 4586 τῶν
789 4533 1026 4604 ἀλλήλοις
1062 4537 1275 4603 scripsi:
1333 4536 1412 4587 ἐπὶ
1447 4543 1550 4592 τοῖς
1587 4539 1701 4604 (τῆς
1737 4535 1790 4600 a)
1828 4533 2067 4604 ἀλλήλων
2108 4532 2366 4603 (ἀλλήλοις
2407 4533 2499 4600 A²)
2538 4532 2683 4586 libri:
2742 4533 2981 4602 ἐπιπολῆς
3016 4531 3251 4602 ἀλλήλων

528 4623 689 4690 Apelt
849 4622 1260 4693 παρακειμένων]
1297 4623 1658 4694 περικειμένων
1677 4625 1780 4675 Ra:
1818 4619 2120 4692 περιθέσεως
2146 4621 2395 4689 κειμένων
2422 4621 2585 4674 ΙᾱεΙει·
2745 4620 2812 4672 22
2850 4619 2912 4672 αὖ
2936 4623 3013 4690 τῷ
3038 4621 3249 4688 scripsit

529 4710 658 4762 αὐτὰ
693 4709 837 4761 libri:
879 4707 905 4760 ὁ
943 4709 1094 4766 αὑτὸς
1119 4709 1307 4762 Ideler:
1350 4709 1412 4762 αὑ
1441 4709 1596 4777 Apelt
1773 4715 1877 4761 τῶν
1915 4711 2131 4777 scripsi:
2168 4714 2242 4777 τῷ
2282 4707 2400 4760 libri
2580 4707 2647 4760 25
2685 4707 2742 4760 τὸ
2782 4707 3001 4760 ἐναντίον
3038 4711 3119 4760 Ra

529 4796 596 4850 26
632 4795 840 4861 ταύτὸν]
877 4795 1036 4849 ταύτὰ
1060 4797 1224 4851 ldeler
1368 4798 1432 4848 27
1475 4797 1800 4866 ὑποκείμενον
1839 4799 1975 4850 BCP
2138 4795 2253 4864 τοῦ]
2288 4793 2471 4846 τούτου
2512 4795 2677 4848 ldeler
2818 4796 2973 4848 πόσον
3020 4794 3184 4847 ldeler

529 4883 596 4936 29
636 4881 951 4958 ἐκκρίνεσθαι
979 4885 1132 4955 Apelt
1277 4884 1346 4937 30
1384 4880 1489 4953 ὑπ’]
1531 4881 1598 4936 δι’
1639 4903 1670 4936 a
1708 4884 1873 4937 ldeler
2014 4883 2082 4936 32
2121 4883 2337 4934 fortasse
2374 4880 2661 4950 γίνεσθαι
