<?xml version="1.0" encoding="UTF-8"?>
<!DOCTYPE html PUBLIC "-//W3C//DTD XHTML 1.0 Transitional//EN"
    "http://www.w3.org/TR/xhtml1/DTD/xhtml1-transitional.dtd">
<html xmlns="http://www.w3.org/1999/xhtml" xml:lang="en" lang="en">
 <head>
  <title>
</title>
<meta http-equiv="Content-Type" content="text/html;charset=utf-8" />
  <meta name='ocr-system' content='tesseract 3.04.00' />
  <meta name='ocr-capabilities' content='ocr_page ocr_carea ocr_par ocr_line ocrx_word'/>
</head>
<body>
  <div class='ocr_page' id='page_1' title='image "./supplementumari00wissgoog_0231.png"; bbox 0 0 3684 5567; ppageno 0'>
   <div class='ocr_carea' id='block_1_1' title="bbox 1304 270 3124 339">
    <p class='ocr_par' dir='ltr' id='par_1_1' title="bbox 1304 270 3124 339">
     <span class='ocr_line' id='line_1_1' title="bbox 1304 270 3124 339; baseline 0.006 -11"><span class='ocrx_word' id='word_1_1' title='bbox 1304 270 1565 329; x_wconf 83' lang='grc' dir='ltr'>ΗΘΙΚΩΝ</span> <span class='ocrx_word' id='word_1_2' title='bbox 1606 271 2134 329; x_wconf 84' lang='grc' dir='ltr'>ΠΡΟΒΛΗΜΑΊῺΝ</span> <span class='ocrx_word' id='word_1_3' title='bbox 2173 274 2236 327; x_wconf 80' lang='grc'>27</span> <span class='ocrx_word' id='word_1_4' title='bbox 3002 274 3124 339; x_wconf 81' lang='lat'>155</span> 
     </span>
    </p>
   </div>
   <div class='ocr_carea' id='block_1_2' title="bbox 408 446 3119 4030">
    <p class='ocr_par' dir='ltr' id='par_1_2' title="bbox 531 446 3018 533">
     <span class='ocr_line' id='line_1_2' title="bbox 531 446 3018 533; baseline 0.001 -21"><span class='ocrx_word' id='word_1_5' title='bbox 531 447 853 532; x_wconf 87' lang='grc' dir='ltr'>σύμμετρον</span> <span class='ocrx_word' id='word_1_6' title='bbox 910 447 1139 533; x_wconf 81' lang='grc' dir='ltr'>ἑκάστῳ</span> <span class='ocrx_word' id='word_1_7' title='bbox 1196 450 1308 512; x_wconf 84' lang='grc' dir='ltr'>ὑπὸ</span> <span class='ocrx_word' id='word_1_8' title='bbox 1360 452 1459 532; x_wconf 81' lang='grc' dir='ltr'>τῆς</span> <span class='ocrx_word' id='word_1_9' title='bbox 1514 449 1855 533; x_wconf 82' lang='grc' dir='ltr'>φρονήσεως</span> <span class='ocrx_word' id='word_1_10' title='bbox 1905 450 1999 512; x_wconf 88' lang='grc' dir='ltr'>καὶ</span> <span class='ocrx_word' id='word_1_11' title='bbox 2043 452 2145 511; x_wconf 83' lang='grc' dir='ltr'>τοῦ</span> <span class='ocrx_word' id='word_1_12' title='bbox 2197 446 2323 511; x_wconf 82' lang='grc' dir='ltr'>κατ’</span> <span class='ocrx_word' id='word_1_13' title='bbox 2379 449 2558 533; x_wconf 83' lang='grc' dir='ltr'>αὐτὴν</span> <span class='ocrx_word' id='word_1_14' title='bbox 2613 448 2784 531; x_wconf 99' lang='grc' dir='ltr'>λόγου</span> <span class='ocrx_word' id='word_1_15' title='bbox 2830 448 3018 515; x_wconf 81' lang='grc' dir='ltr'>πάσας</span> 
     </span>
    </p>

    <p class='ocr_par' dir='ltr' id='par_1_3' title="bbox 531 549 3100 636">
     <span class='ocr_line' id='line_1_3' title="bbox 531 549 3100 636; baseline 0.001 -25"><span class='ocrx_word' id='word_1_16' title='bbox 531 549 635 619; x_wconf 82' lang='grc' dir='ltr'>τὰς</span> <span class='ocrx_word' id='word_1_17' title='bbox 678 550 885 614; x_wconf 91' lang='grc' dir='ltr'>τούτου</span> <span class='ocrx_word' id='word_1_18' title='bbox 932 552 1287 635; x_wconf 77' lang='grc' dir='ltr'>παραβάσεις</span> <span class='ocrx_word' id='word_1_19' title='bbox 1340 555 1498 614; x_wconf 85' lang='grc' dir='ltr'>ποιεῖ</span> <span class='ocrx_word' id='word_1_20' title='bbox 1533 552 1884 636; x_wconf 79' lang='grc' dir='ltr'>γνωρίμους,</span> <span class='ocrx_word' id='word_1_21' title='bbox 1938 550 2104 615; x_wconf 78' lang='grc' dir='ltr'>οὐδὲν</span> <span class='ocrx_word' id='word_1_22' title='bbox 2149 551 2394 636; x_wconf 79' lang='grc' dir='ltr'>δεομένη</span> <span class='ocrx_word' id='word_1_23' title='bbox 2439 556 2542 635; x_wconf 76' lang='grc' dir='ltr'>τῆς</span> <span class='ocrx_word' id='word_1_24' title='bbox 2587 551 2874 636; x_wconf 82' lang='grc' dir='ltr'>προσόδου</span> <span class='ocrx_word' id='word_1_25' title='bbox 2917 554 3021 633; x_wconf 80' lang='grc' dir='ltr'>τῆς</span> <span class='ocrx_word' id='word_1_26' title='bbox 3071 564 3100 607; x_wconf 73' lang='grc'><strong>5</strong></span> 
     </span>
    </p>

    <p class='ocr_par' dir='ltr' id='par_1_4' title="bbox 528 650 3016 739">
     <span class='ocr_line' id='line_1_4' title="bbox 528 650 3016 739; baseline -0 -24"><span class='ocrx_word' id='word_1_27' title='bbox 528 652 622 716; x_wconf 89' lang='grc' dir='ltr'>ἐπὶ</span> <span class='ocrx_word' id='word_1_28' title='bbox 668 653 741 716; x_wconf 83' lang='grc' dir='ltr'>τὰ</span> <span class='ocrx_word' id='word_1_29' title='bbox 786 654 1004 738; x_wconf 89' lang='grc' dir='ltr'>πέρατα</span> <span class='ocrx_word' id='word_1_30' title='bbox 1044 654 1256 729; x_wconf 80' lang='grc' dir='ltr'>αὐτῶν,</span> <span class='ocrx_word' id='word_1_31' title='bbox 1302 650 1421 716; x_wconf 79' lang='grc' dir='ltr'>ἀλλ’</span> <span class='ocrx_word' id='word_1_32' title='bbox 1464 653 1709 717; x_wconf 79' lang='grc' dir='ltr'>αὐτόθεν</span> <span class='ocrx_word' id='word_1_33' title='bbox 1753 653 2060 717; x_wconf 77' lang='grc' dir='ltr'>κωλύουσα</span> <span class='ocrx_word' id='word_1_34' title='bbox 2105 653 2280 724; x_wconf 81' lang='grc' dir='ltr'>αὐτὰς</span> <span class='ocrx_word' id='word_1_35' title='bbox 2325 658 2411 739; x_wconf 74' lang='grc' dir='ltr'>τῷ</span> <span class='ocrx_word' id='word_1_36' title='bbox 2457 658 2581 723; x_wconf 84' lang='grc' dir='ltr'>ταῖς</span> <span class='ocrx_word' id='word_1_37' title='bbox 2623 658 2877 739; x_wconf 82' lang='grc' dir='ltr'>πρώταις</span> <span class='ocrx_word' id='word_1_38' title='bbox 2921 652 3016 715; x_wconf 83' lang='grc' dir='ltr'>αὐ·</span> 
     </span>
    </p>

    <p class='ocr_par' dir='ltr' id='par_1_5' title="bbox 452 755 3017 942">
     <span class='ocr_line' id='line_1_5' title="bbox 524 755 3017 841; baseline 0.001 -24"><span class='ocrx_word' id='word_1_39' title='bbox 524 760 639 818; x_wconf 91' lang='grc' dir='ltr'>τῶν</span> <span class='ocrx_word' id='word_1_40' title='bbox 696 755 1001 841; x_wconf 86' lang='grc' dir='ltr'>ἐκτροπαῖς</span> <span class='ocrx_word' id='word_1_41' title='bbox 1054 756 1386 821; x_wconf 84' lang='grc' dir='ltr'>ἐνίστασθαι</span> <span class='ocrx_word' id='word_1_42' title='bbox 1447 759 1572 826; x_wconf 85' lang='grc' dir='ltr'>ταῖς</span> <span class='ocrx_word' id='word_1_43' title='bbox 1640 756 1961 839; x_wconf 81' lang='grc' dir='ltr'>γινομέναις</span> <span class='ocrx_word' id='word_1_44' title='bbox 2024 757 2180 841; x_wconf 82' lang='grc' dir='ltr'>παρὰ</span> <span class='ocrx_word' id='word_1_45' title='bbox 2241 759 2307 820; x_wconf 85' lang='grc' dir='ltr'>τὸ</span> <span class='ocrx_word' id='word_1_46' title='bbox 2363 758 2537 841; x_wconf 84' lang='grc' dir='ltr'>μέσον</span> <span class='ocrx_word' id='word_1_47' title='bbox 2599 780 2659 821; x_wconf 89' lang='grc' dir='ltr'>τε</span> <span class='ocrx_word' id='word_1_48' title='bbox 2719 758 2815 820; x_wconf 81' lang='grc' dir='ltr'>καὶ</span> <span class='ocrx_word' id='word_1_49' title='bbox 2880 756 3017 839; x_wconf 85' lang='grc' dir='ltr'>σύμ·</span> 
     </span>
     <span class='ocr_line' id='line_1_6' title="bbox 452 876 747 942; baseline -0.02 -15"><span class='ocrx_word' id='word_1_50' title='bbox 452 876 482 927; x_wconf 85' lang='grc'>5</span> <span class='ocrx_word' id='word_1_51' title='bbox 522 881 747 942; x_wconf 85' lang='grc' dir='ltr'>μετρον.</span> 
     </span>
    </p>

    <p class='ocr_par' dir='ltr' id='par_1_6' title="bbox 518 959 3101 1358">
     <span class='ocr_line' id='line_1_7' title="bbox 685 959 3101 1049; baseline -0.003 -24"><span class='ocrx_word' id='word_1_52' title='bbox 685 959 867 1025; x_wconf 86' lang='grc' dir='ltr'>Ἀλλὰ</span> <span class='ocrx_word' id='word_1_53' title='bbox 911 964 1007 1026; x_wconf 90' lang='grc' dir='ltr'>καὶ</span> <span class='ocrx_word' id='word_1_54' title='bbox 1056 964 1086 1026; x_wconf 76' lang='grc' dir='ltr'><strong>ὃ</strong></span> <span class='ocrx_word' id='word_1_55' title='bbox 1131 963 1315 1045; x_wconf 88' lang='grc' dir='ltr'>λέγων</span> <span class='ocrx_word' id='word_1_56' title='bbox 1363 962 1443 1045; x_wconf 83' lang='grc' dir='ltr'>μὴ</span> <span class='ocrx_word' id='word_1_57' title='bbox 1490 961 1635 1026; x_wconf 82' lang='grc' dir='ltr'>εἶναι</span> <span class='ocrx_word' id='word_1_58' title='bbox 1682 964 1783 1047; x_wconf 90' lang='grc' dir='ltr'>τὴν</span> <span class='ocrx_word' id='word_1_59' title='bbox 1829 962 2039 1046; x_wconf 83' lang='grc' dir='ltr'>ἀρετὴν</span> <span class='ocrx_word' id='word_1_60' title='bbox 2095 963 2276 1049; x_wconf 85' lang='grc' dir='ltr'>μέσην</span> <span class='ocrx_word' id='word_1_61' title='bbox 2321 963 2422 1027; x_wconf 87' lang='grc' dir='ltr'>δύο</span> <span class='ocrx_word' id='word_1_62' title='bbox 2467 968 2686 1027; x_wconf 88' lang='grc' dir='ltr'>κακιῶν</span> <span class='ocrx_word' id='word_1_63' title='bbox 2729 967 2845 1025; x_wconf 91' lang='grc' dir='ltr'>τῶν</span> <span class='ocrx_word' id='word_1_64' title='bbox 2891 962 3014 1025; x_wconf 87' lang='grc' dir='ltr'>ἑκα-</span> <span class='ocrx_word' id='word_1_65' title='bbox 3045 978 3101 1019; x_wconf 82' lang='grc' dir='ltr'>ιο</span> 
     </span>
     <span class='ocr_line' id='line_1_8' title="bbox 518 1062 3008 1149; baseline -0.001 -21"><span class='ocrx_word' id='word_1_66' title='bbox 518 1065 771 1149; x_wconf 75' lang='grc' dir='ltr'>τέρωθεν</span> <span class='ocrx_word' id='word_1_67' title='bbox 825 1065 1024 1149; x_wconf 82' lang='grc' dir='ltr'>αὐτῆς,</span> <span class='ocrx_word' id='word_1_68' title='bbox 1083 1067 1165 1149; x_wconf 86' lang='grc' dir='ltr'>μὴ</span> <span class='ocrx_word' id='word_1_69' title='bbox 1209 1066 1317 1149; x_wconf 84' lang='grc' dir='ltr'>γὰρ</span> <span class='ocrx_word' id='word_1_70' title='bbox 1372 1064 1619 1129; x_wconf 79' lang='grc' dir='ltr'>ἕπεσθαι</span> <span class='ocrx_word' id='word_1_71' title='bbox 1664 1066 1817 1149; x_wconf 73' lang='grc' dir='ltr'>αὐτῇ</span> <span class='ocrx_word' id='word_1_72' title='bbox 1873 1066 2074 1129; x_wconf 81' lang='grc' dir='ltr'>κακίαν</span> <span class='ocrx_word' id='word_1_73' title='bbox 2119 1066 2372 1129; x_wconf 82' lang='grc' dir='ltr'>ἐναντίαν</span> <span class='ocrx_word' id='word_1_74' title='bbox 2427 1070 2512 1149; x_wconf 76' lang='grc' dir='ltr'>τῷ</span> <span class='ocrx_word' id='word_1_75' title='bbox 2568 1068 2634 1129; x_wconf 85' lang='grc' dir='ltr'>τὸ</span> <span class='ocrx_word' id='word_1_76' title='bbox 2681 1062 2785 1148; x_wconf 80' lang='grc' dir='ltr'>μὲν</span> <span class='ocrx_word' id='word_1_77' title='bbox 2833 1064 3008 1147; x_wconf 83' lang='grc' dir='ltr'>μέσον</span> 
     </span>
     <span class='ocr_line' id='line_1_9' title="bbox 523 1168 3011 1254; baseline -0.001 -22"><span class='ocrx_word' id='word_1_78' title='bbox 523 1168 842 1252; x_wconf 82' lang='grc' dir='ltr'>μηδετέρου</span> <span class='ocrx_word' id='word_1_79' title='bbox 900 1172 1015 1231; x_wconf 90' lang='grc' dir='ltr'>τῶν</span> <span class='ocrx_word' id='word_1_80' title='bbox 1068 1168 1163 1253; x_wconf 86' lang='grc' dir='ltr'>ἐφ’</span> <span class='ocrx_word' id='word_1_81' title='bbox 1217 1169 1463 1253; x_wconf 84' lang='grc' dir='ltr'>ἑκάτερα</span> <span class='ocrx_word' id='word_1_82' title='bbox 1523 1173 1638 1232; x_wconf 90' lang='grc' dir='ltr'>τῶν</span> <span class='ocrx_word' id='word_1_83' title='bbox 1692 1168 1886 1253; x_wconf 84' lang='grc' dir='ltr'>ἄκρων</span> <span class='ocrx_word' id='word_1_84' title='bbox 1940 1174 2205 1233; x_wconf 87' lang='grc' dir='ltr'>πλεῖστον</span> <span class='ocrx_word' id='word_1_85' title='bbox 2258 1170 2604 1254; x_wconf 80' lang='grc' dir='ltr'>ἀφεστάναι,</span> <span class='ocrx_word' id='word_1_86' title='bbox 2669 1168 2894 1231; x_wconf 84' lang='grc' dir='ltr'>ἐναντία</span> <span class='ocrx_word' id='word_1_87' title='bbox 2947 1168 3011 1230; x_wconf 86' lang='grc' dir='ltr'>δὲ</span> 
     </span>
     <span class='ocr_line' id='line_1_10' title="bbox 526 1270 3014 1358; baseline -0.001 -24"><span class='ocrx_word' id='word_1_88' title='bbox 526 1270 673 1334; x_wconf 81' lang='grc' dir='ltr'>εἶναι</span> <span class='ocrx_word' id='word_1_89' title='bbox 725 1271 797 1334; x_wconf 82' lang='grc' dir='ltr'>τὰ</span> <span class='ocrx_word' id='word_1_90' title='bbox 851 1272 911 1335; x_wconf 91' lang='grc' dir='ltr'>ἐν</span> <span class='ocrx_word' id='word_1_91' title='bbox 963 1278 1050 1357; x_wconf 80' lang='grc' dir='ltr'>τῷ</span> <span class='ocrx_word' id='word_1_92' title='bbox 1096 1271 1259 1358; x_wconf 76' lang='grc' dir='ltr'>αὐτῷ</span> <span class='ocrx_word' id='word_1_93' title='bbox 1314 1273 1464 1354; x_wconf 85' lang='grc' dir='ltr'>γένει</span> <span class='ocrx_word' id='word_1_94' title='bbox 1517 1276 1785 1337; x_wconf 86' lang='grc' dir='ltr'>πλεῖστον</span> <span class='ocrx_word' id='word_1_95' title='bbox 1840 1274 2111 1357; x_wconf 81' lang='grc' dir='ltr'>ἀλλήλων</span> <span class='ocrx_word' id='word_1_96' title='bbox 2165 1274 2473 1346; x_wconf 81' lang='grc' dir='ltr'>διεστῶτα,</span> <span class='ocrx_word' id='word_1_97' title='bbox 2527 1272 2661 1335; x_wconf 82' lang='grc' dir='ltr'>οὐδὲ</span> <span class='ocrx_word' id='word_1_98' title='bbox 2715 1270 2880 1339; x_wconf 84' lang='grc' dir='ltr'>οὖτος</span> <span class='ocrx_word' id='word_1_99' title='bbox 2923 1270 3014 1355; x_wconf 81' lang='grc' dir='ltr'>εἴη</span> 
     </span>
    </p>

    <p class='ocr_par' dir='ltr' id='par_1_7' title="bbox 421 1372 3097 1871">
     <span class='ocr_line' id='line_1_11' title="bbox 421 1372 3095 1460; baseline -0.003 -20"><span class='ocrx_word' id='word_1_100' title='bbox 421 1393 485 1440; x_wconf 90' lang='grc'>10</span> <span class='ocrx_word' id='word_1_101' title='bbox 527 1372 593 1436; x_wconf 83' lang='grc' dir='ltr'>ἂν</span> <span class='ocrx_word' id='word_1_102' title='bbox 640 1379 812 1438; x_wconf 86' lang='grc' dir='ltr'>κινῶν</span> <span class='ocrx_word' id='word_1_103' title='bbox 855 1399 907 1437; x_wconf 90' lang='grc' dir='ltr'>τι</span> <span class='ocrx_word' id='word_1_104' title='bbox 951 1380 1067 1439; x_wconf 90' lang='grc' dir='ltr'>τῶν</span> <span class='ocrx_word' id='word_1_105' title='bbox 1112 1376 1410 1458; x_wconf 83' lang='grc' dir='ltr'>κειμένων.</span> <span class='ocrx_word' id='word_1_106' title='bbox 1502 1376 1553 1438; x_wconf 83' lang='grc' dir='ltr'>εἰ</span> <span class='ocrx_word' id='word_1_107' title='bbox 1600 1377 1703 1457; x_wconf 86' lang='grc' dir='ltr'>μὲν</span> <span class='ocrx_word' id='word_1_108' title='bbox 1748 1376 1855 1460; x_wconf 86' lang='grc' dir='ltr'>γὰρ</span> <span class='ocrx_word' id='word_1_109' title='bbox 1902 1376 1974 1460; x_wconf 81' lang='grc' dir='ltr'>ἧν</span> <span class='ocrx_word' id='word_1_110' title='bbox 2019 1377 2057 1459; x_wconf 79' lang='grc' dir='ltr'><strong>ἡ</strong></span> <span class='ocrx_word' id='word_1_111' title='bbox 2103 1376 2282 1460; x_wconf 78' lang='grc' dir='ltr'>ἀρετὴ</span> <span class='ocrx_word' id='word_1_112' title='bbox 2338 1375 2485 1439; x_wconf 81' lang='grc' dir='ltr'>αὐτὰ</span> <span class='ocrx_word' id='word_1_113' title='bbox 2536 1375 2608 1438; x_wconf 81' lang='grc' dir='ltr'>τὰ</span> <span class='ocrx_word' id='word_1_114' title='bbox 2651 1375 2802 1457; x_wconf 88' lang='grc' dir='ltr'>μέσα</span> <span class='ocrx_word' id='word_1_115' title='bbox 2847 1374 3011 1457; x_wconf 79' lang='grc' dir='ltr'>πάθη</span> <span class='ocrx_word' id='word_1_116' title='bbox 3043 1390 3095 1432; x_wconf 80' lang='lat'>15</span> 
     </span>
     <span class='ocr_line' id='line_1_12' title="bbox 521 1476 3016 1563; baseline -0 -23"><span class='ocrx_word' id='word_1_117' title='bbox 521 1478 618 1540; x_wconf 88' lang='grc' dir='ltr'>καὶ</span> <span class='ocrx_word' id='word_1_118' title='bbox 664 1477 831 1541; x_wconf 82' lang='grc' dir='ltr'>αὐταὶ</span> <span class='ocrx_word' id='word_1_119' title='bbox 876 1479 935 1541; x_wconf 82' lang='grc' dir='ltr'>αἱ</span> <span class='ocrx_word' id='word_1_120' title='bbox 983 1478 1155 1562; x_wconf 87' lang='grc' dir='ltr'>μέσαι</span> <span class='ocrx_word' id='word_1_121' title='bbox 1194 1478 1442 1563; x_wconf 72' lang='grc' dir='ltr'>πράξεις,</span> <span class='ocrx_word' id='word_1_122' title='bbox 1490 1476 1685 1561; x_wconf 86' lang='grc' dir='ltr'>ἔλεγον</span> <span class='ocrx_word' id='word_1_123' title='bbox 1730 1478 1799 1542; x_wconf 82' lang='grc' dir='ltr'>ἄν</span> <span class='ocrx_word' id='word_1_124' title='bbox 1844 1502 1917 1553; x_wconf 83' lang='grc' dir='ltr'>τι,</span> <span class='ocrx_word' id='word_1_125' title='bbox 1963 1484 2061 1541; x_wconf 81' lang='grc' dir='ltr'>νῦν</span> <span class='ocrx_word' id='word_1_126' title='bbox 2107 1477 2158 1541; x_wconf 83' lang='grc' dir='ltr'>δ’</span> <span class='ocrx_word' id='word_1_127' title='bbox 2202 1478 2268 1541; x_wconf 85' lang='grc' dir='ltr'>οὐ</span> <span class='ocrx_word' id='word_1_128' title='bbox 2315 1482 2496 1541; x_wconf 84' lang='grc' dir='ltr'>ταῦτα</span> <span class='ocrx_word' id='word_1_129' title='bbox 2538 1478 2576 1561; x_wconf 80' lang='grc' dir='ltr'>ἡ</span> <span class='ocrx_word' id='word_1_130' title='bbox 2625 1478 2824 1560; x_wconf 84' lang='grc' dir='ltr'>ἀρετή,</span> <span class='ocrx_word' id='word_1_131' title='bbox 2869 1476 3016 1539; x_wconf 81' lang='grc' dir='ltr'>ἀλλὰ</span> 
     </span>
     <span class='ocr_line' id='line_1_13' title="bbox 522 1578 3010 1665; baseline 0 -23"><span class='ocrx_word' id='word_1_132' title='bbox 522 1580 650 1664; x_wconf 88' lang='grc' dir='ltr'>περὶ</span> <span class='ocrx_word' id='word_1_133' title='bbox 696 1584 893 1643; x_wconf 82' lang='grc' dir='ltr'>ταῦτα.</span> <span class='ocrx_word' id='word_1_134' title='bbox 984 1580 1047 1644; x_wconf 88' lang='grc' dir='ltr'>τὸ</span> <span class='ocrx_word' id='word_1_135' title='bbox 1092 1582 1158 1645; x_wconf 85' lang='grc' dir='ltr'>δὲ</span> <span class='ocrx_word' id='word_1_136' title='bbox 1202 1581 1347 1645; x_wconf 85' lang='grc' dir='ltr'>εἶναι</span> <span class='ocrx_word' id='word_1_137' title='bbox 1390 1580 1545 1664; x_wconf 75' lang='grc' dir='ltr'>αὐτῇ</span> <span class='ocrx_word' id='word_1_138' title='bbox 1592 1582 1774 1665; x_wconf 78' lang='grc' dir='ltr'>α’ρετῇ</span> <span class='ocrx_word' id='word_1_139' title='bbox 1831 1581 1892 1643; x_wconf 90' lang='grc' dir='ltr'>ἐν</span> <span class='ocrx_word' id='word_1_140' title='bbox 1937 1586 2022 1664; x_wconf 77' lang='grc' dir='ltr'>τῷ</span> <span class='ocrx_word' id='word_1_141' title='bbox 2071 1580 2319 1665; x_wconf 78' lang='grc' dir='ltr'>ὡρίσθαι</span> <span class='ocrx_word' id='word_1_142' title='bbox 2371 1584 2455 1664; x_wconf 76' lang='grc' dir='ltr'>τῷ</span> <span class='ocrx_word' id='word_1_143' title='bbox 2503 1580 2668 1664; x_wconf 76' lang='grc' dir='ltr'>ὀρθῷ</span> <span class='ocrx_word' id='word_1_144' title='bbox 2713 1578 2870 1665; x_wconf 81' lang='grc' dir='ltr'>λόγῳ</span> <span class='ocrx_word' id='word_1_145' title='bbox 2915 1580 3010 1643; x_wconf 89' lang='grc' dir='ltr'>καὶ</span> 
     </span>
     <span class='ocr_line' id='line_1_14' title="bbox 525 1666 3097 1768; baseline -0.001 -23"><span class='ocrx_word' id='word_1_146' title='bbox 525 1684 850 1767; x_wconf 78' lang='grc' dir='ltr'>συμμετρίᾳ</span> <span class='ocrx_word' id='word_1_147' title='bbox 893 1685 959 1747; x_wconf 85' lang='grc' dir='ltr'>τὸ</span> <span class='ocrx_word' id='word_1_148' title='bbox 1004 1683 1149 1747; x_wconf 77' lang='grc' dir='ltr'>εἶναι</span> <span class='ocrx_word' id='word_1_149' title='bbox 1179 1681 1356 1768; x_wconf 89' lang='grc' dir='ltr'>ἔχειν,</span> <span class='ocrx_word' id='word_1_150' title='bbox 1404 1688 1526 1753; x_wconf 85' lang='grc' dir='ltr'>ταῖς</span> <span class='ocrx_word' id='word_1_151' title='bbox 1569 1684 1635 1747; x_wconf 87' lang='grc' dir='ltr'>δὲ</span> <span class='ocrx_word' id='word_1_152' title='bbox 1680 1684 2027 1768; x_wconf 83' lang='grc' dir='ltr'>ὑπερβολαῖς</span> <span class='ocrx_word' id='word_1_153' title='bbox 2071 1684 2166 1746; x_wconf 79' lang='grc' dir='ltr'>καὶ</span> <span class='ocrx_word' id='word_1_154' title='bbox 2211 1683 2447 1751; x_wconf 86' lang='grc' dir='ltr'>ἐνδείαις</span> <span class='ocrx_word' id='word_1_155' title='bbox 2493 1683 2557 1745; x_wconf 85' lang='grc' dir='ltr'>τὸ</span> <span class='ocrx_word' id='word_1_156' title='bbox 2604 1666 2825 1751; x_wconf 80' lang='grc' dir='ltr'>κακίαις</span> <span class='ocrx_word' id='word_1_157' title='bbox 2868 1681 3012 1745; x_wconf 80' lang='grc' dir='ltr'>εἶναι</span> <span class='ocrx_word' id='word_1_158' title='bbox 3041 1698 3097 1741; x_wconf 70' lang='lat'>2⁰</span> 
     </span>
     <span class='ocr_line' id='line_1_15' title="bbox 522 1784 3013 1871; baseline -0.001 -24"><span class='ocrx_word' id='word_1_159' title='bbox 522 1787 679 1869; x_wconf 87' lang='grc' dir='ltr'>παρά</span> <span class='ocrx_word' id='word_1_160' title='bbox 722 1810 785 1849; x_wconf 90' lang='grc' dir='ltr'>τε</span> <span class='ocrx_word' id='word_1_161' title='bbox 828 1790 931 1849; x_wconf 81' lang='grc' dir='ltr'>τοῦ</span> <span class='ocrx_word' id='word_1_162' title='bbox 974 1786 1389 1871; x_wconf 77' lang='grc' dir='ltr'>ἡμαρτημένου</span> <span class='ocrx_word' id='word_1_163' title='bbox 1446 1786 1621 1869; x_wconf 83' lang='grc' dir='ltr'>λόγου</span> <span class='ocrx_word' id='word_1_164' title='bbox 1676 1788 1771 1850; x_wconf 83' lang='grc' dir='ltr'>καὶ</span> <span class='ocrx_word' id='word_1_165' title='bbox 1817 1792 1922 1871; x_wconf 76' lang='grc' dir='ltr'>τῆς</span> <span class='ocrx_word' id='word_1_166' title='bbox 1973 1786 2393 1870; x_wconf 85' lang='grc' dir='ltr'>ἀσυμμετρίας,</span> <span class='ocrx_word' id='word_1_167' title='bbox 2451 1784 2586 1849; x_wconf 78' lang='grc' dir='ltr'>καθ’</span> <span class='ocrx_word' id='word_1_168' title='bbox 2643 1785 2776 1848; x_wconf 83' lang='grc' dir='ltr'>ὅσον</span> <span class='ocrx_word' id='word_1_169' title='bbox 2823 1786 2861 1867; x_wconf 85' lang='grc' dir='ltr'>ἡ</span> <span class='ocrx_word' id='word_1_170' title='bbox 2909 1785 3013 1867; x_wconf 86' lang='grc' dir='ltr'>μὲν</span> 
     </span>
    </p>

    <p class='ocr_par' dir='ltr' id='par_1_8' title="bbox 417 1886 3094 2283">
     <span class='ocr_line' id='line_1_16' title="bbox 417 1886 3016 1974; baseline -0.002 -18"><span class='ocrx_word' id='word_1_171' title='bbox 417 1910 479 1959; x_wconf 82' lang='grc'>15</span> <span class='ocrx_word' id='word_1_172' title='bbox 516 1889 662 1952; x_wconf 86' lang='grc' dir='ltr'>κατὰ</span> <span class='ocrx_word' id='word_1_173' title='bbox 707 1890 805 1952; x_wconf 83' lang='grc' dir='ltr'>τὸν</span> <span class='ocrx_word' id='word_1_174' title='bbox 853 1888 1028 1973; x_wconf 77' lang='grc' dir='ltr'>ὀρθὸν</span> <span class='ocrx_word' id='word_1_175' title='bbox 1082 1889 1249 1973; x_wconf 91' lang='grc' dir='ltr'>λόγον</span> <span class='ocrx_word' id='word_1_176' title='bbox 1308 1888 1345 1951; x_wconf 87' lang='grc' dir='ltr'><strong>ἃ</strong></span> <span class='ocrx_word' id='word_1_177' title='bbox 1390 1890 1627 1974; x_wconf 84' lang='grc' dir='ltr'>πράττει</span> <span class='ocrx_word' id='word_1_178' title='bbox 1679 1890 1944 1973; x_wconf 87' lang='grc' dir='ltr'>πράττει,</span> <span class='ocrx_word' id='word_1_179' title='bbox 2002 1890 2096 1951; x_wconf 85' lang='grc' dir='ltr'>καὶ</span> <span class='ocrx_word' id='word_1_180' title='bbox 2151 1886 2302 1952; x_wconf 88' lang='grc' dir='ltr'>ἔστιν</span> <span class='ocrx_word' id='word_1_181' title='bbox 2356 1888 2416 1950; x_wconf 87' lang='grc' dir='ltr'>ἐν</span> <span class='ocrx_word' id='word_1_182' title='bbox 2463 1886 2812 1972; x_wconf 77' lang='grc' dir='ltr'>συμμετρίᾳ,</span> <span class='ocrx_word' id='word_1_183' title='bbox 2865 1888 2904 1971; x_wconf 82' lang='grc' dir='ltr'>ἡ</span> <span class='ocrx_word' id='word_1_184' title='bbox 2950 1888 3016 1951; x_wconf 87' lang='grc' dir='ltr'>δὲ</span> 
     </span>
     <span class='ocr_line' id='line_1_17' title="bbox 518 1989 3094 2077; baseline -0.002 -22"><span class='ocrx_word' id='word_1_185' title='bbox 518 1991 666 2055; x_wconf 83' lang='grc' dir='ltr'>κατὰ</span> <span class='ocrx_word' id='word_1_186' title='bbox 712 1992 808 2054; x_wconf 84' lang='grc' dir='ltr'>τὸν</span> <span class='ocrx_word' id='word_1_187' title='bbox 838 1992 1247 2077; x_wconf 84' lang='grc' dir='ltr'>ἡμαρτημένον</span> <span class='ocrx_word' id='word_1_188' title='bbox 1293 1990 1482 2074; x_wconf 90' lang='grc' dir='ltr'>λόγον,</span> <span class='ocrx_word' id='word_1_189' title='bbox 1529 1993 1623 2054; x_wconf 81' lang='grc' dir='ltr'>καὶ</span> <span class='ocrx_word' id='word_1_190' title='bbox 1667 1992 1727 2053; x_wconf 87' lang='grc' dir='ltr'>ἐν</span> <span class='ocrx_word' id='word_1_191' title='bbox 1760 1991 2128 2075; x_wconf 71' lang='grc' dir='ltr'>ἀσυμμετρία</span> <span class='ocrx_word' id='word_1_192' title='bbox 2171 1993 2209 2073; x_wconf 83' lang='grc' dir='ltr'>ἡ</span> <span class='ocrx_word' id='word_1_193' title='bbox 2254 1990 2581 2059; x_wconf 87' lang='grc' dir='ltr'>ἐναντίωσις</span> <span class='ocrx_word' id='word_1_194' title='bbox 2627 1989 2844 2065; x_wconf 81' lang='grc' dir='ltr'>αὐταῖς,</span> <span class='ocrx_word' id='word_1_195' title='bbox 2887 1990 3014 2053; x_wconf 84' lang='grc' dir='ltr'>ἐπεὶ</span> <span class='ocrx_word' id='word_1_196' title='bbox 3041 2006 3094 2049; x_wconf 75' lang='lat'>25</span> 
     </span>
     <span class='ocr_line' id='line_1_18' title="bbox 519 2092 3016 2178; baseline -0 -21"><span class='ocrx_word' id='word_1_197' title='bbox 519 2096 668 2159; x_wconf 89' lang='grc' dir='ltr'>κατά</span> <span class='ocrx_word' id='word_1_198' title='bbox 710 2118 774 2177; x_wconf 91' lang='grc' dir='ltr'>γε</span> <span class='ocrx_word' id='word_1_199' title='bbox 828 2094 977 2157; x_wconf 80' lang='grc' dir='ltr'>αὐτὰ</span> <span class='ocrx_word' id='word_1_200' title='bbox 1030 2094 1101 2157; x_wconf 83' lang='grc' dir='ltr'>τὰ</span> <span class='ocrx_word' id='word_1_201' title='bbox 1146 2094 1312 2178; x_wconf 79' lang='grc' dir='ltr'>πάθη</span> <span class='ocrx_word' id='word_1_202' title='bbox 1373 2097 1469 2157; x_wconf 88' lang='grc' dir='ltr'>καὶ</span> <span class='ocrx_word' id='word_1_203' title='bbox 1520 2094 1623 2163; x_wconf 85' lang='grc' dir='ltr'>τὰς</span> <span class='ocrx_word' id='word_1_204' title='bbox 1667 2093 1900 2177; x_wconf 71' lang='grc' dir='ltr'>πράξεις</span> <span class='ocrx_word' id='word_1_205' title='bbox 1951 2094 2047 2157; x_wconf 88' lang='grc' dir='ltr'>καὶ</span> <span class='ocrx_word' id='word_1_206' title='bbox 2097 2092 2162 2155; x_wconf 88' lang='grc' dir='ltr'>τὸ</span> <span class='ocrx_word' id='word_1_207' title='bbox 2217 2092 2276 2155; x_wconf 84' lang='grc' dir='ltr'>ἐν</span> <span class='ocrx_word' id='word_1_208' title='bbox 2331 2093 2550 2161; x_wconf 81' lang='grc' dir='ltr'>τούτοις</span> <span class='ocrx_word' id='word_1_209' title='bbox 2603 2094 2782 2157; x_wconf 84' lang='grc' dir='ltr'>ποσὸν</span> <span class='ocrx_word' id='word_1_210' title='bbox 2829 2095 2888 2158; x_wconf 80' lang='grc' dir='ltr'>αἱ</span> <span class='ocrx_word' id='word_1_211' title='bbox 2933 2092 3016 2156; x_wconf 87' lang='grc' dir='ltr'>ἔν·</span> 
     </span>
     <span class='ocr_line' id='line_1_19' title="bbox 521 2194 2458 2283; baseline -0.002 -22"><span class='ocrx_word' id='word_1_212' title='bbox 521 2199 665 2262; x_wconf 89' lang='grc' dir='ltr'>δειαι</span> <span class='ocrx_word' id='word_1_213' title='bbox 710 2202 834 2267; x_wconf 87' lang='grc' dir='ltr'>ταῖς</span> <span class='ocrx_word' id='word_1_214' title='bbox 882 2196 1229 2283; x_wconf 83' lang='grc' dir='ltr'>ὑπερβολαῖς</span> <span class='ocrx_word' id='word_1_215' title='bbox 1271 2196 1527 2283; x_wconf 80' lang='grc' dir='ltr'>εἴρηνται</span> <span class='ocrx_word' id='word_1_216' title='bbox 1572 2195 1667 2260; x_wconf 82' lang='grc' dir='ltr'>ὑπ’</span> <span class='ocrx_word' id='word_1_217' title='bbox 1724 2195 1903 2259; x_wconf 80' lang='grc' dir='ltr'>αὐτοῦ</span> <span class='ocrx_word' id='word_1_218' title='bbox 1948 2194 2092 2258; x_wconf 82' lang='grc' dir='ltr'>εἶναι</span> <span class='ocrx_word' id='word_1_219' title='bbox 2136 2195 2402 2259; x_wconf 81' lang='grc' dir='ltr'>ἐναντίαι.</span> <span class='ocrx_word' id='word_1_220' title='bbox 2452 2194 2458 2277; x_wconf 87' lang='grc' dir='ltr'>Ι</span> 
     </span>
    </p>

    <p class='ocr_par' dir='ltr' id='par_1_9' title="bbox 690 2298 3119 2385">
     <span class='ocr_line' id='line_1_20' title="bbox 690 2298 3119 2385; baseline 0 -21"><span class='ocrx_word' id='word_1_221' title='bbox 690 2298 809 2364; x_wconf 80' lang='grc' dir='ltr'>Καὶ</span> <span class='ocrx_word' id='word_1_222' title='bbox 853 2301 885 2363; x_wconf 82' lang='grc' dir='ltr'>ὁ</span> <span class='ocrx_word' id='word_1_223' title='bbox 916 2300 1102 2383; x_wconf 87' lang='grc' dir='ltr'>λέγων</span> <span class='ocrx_word' id='word_1_224' title='bbox 1148 2301 1212 2363; x_wconf 85' lang='grc' dir='ltr'>δὲ</span> <span class='ocrx_word' id='word_1_225' title='bbox 1257 2303 1339 2385; x_wconf 85' lang='grc' dir='ltr'>μὴ</span> <span class='ocrx_word' id='word_1_226' title='bbox 1372 2300 1517 2363; x_wconf 85' lang='grc' dir='ltr'>εἶναι</span> <span class='ocrx_word' id='word_1_227' title='bbox 1562 2300 1666 2383; x_wconf 86' lang='grc' dir='ltr'>τὴν</span> <span class='ocrx_word' id='word_1_228' title='bbox 1711 2300 1924 2383; x_wconf 81' lang='grc' dir='ltr'>ἀρετὴν</span> <span class='ocrx_word' id='word_1_229' title='bbox 1967 2298 2278 2382; x_wconf 89' lang='grc' dir='ltr'>μεσότητα,</span> <span class='ocrx_word' id='word_1_230' title='bbox 2327 2299 2556 2381; x_wconf 84' lang='grc' dir='ltr'>δεήσειν</span> <span class='ocrx_word' id='word_1_231' title='bbox 2585 2298 2693 2383; x_wconf 79' lang='grc' dir='ltr'>γὰρ</span> <span class='ocrx_word' id='word_1_232' title='bbox 2737 2300 2833 2362; x_wconf 83' lang='grc' dir='ltr'>τὸν</span> <span class='ocrx_word' id='word_1_233' title='bbox 2863 2301 2969 2383; x_wconf 87' lang='grc' dir='ltr'>τὴν</span> <span class='ocrx_word' id='word_1_234' title='bbox 3014 2308 3119 2364; x_wconf 82' lang='grc'>298</span> 
     </span>
    </p>

    <p class='ocr_par' dir='ltr' id='par_1_10' title="bbox 410 2400 3096 2899">
     <span class='ocr_line' id='line_1_21' title="bbox 410 2400 3012 2489; baseline -0.002 -20"><span class='ocrx_word' id='word_1_235' title='bbox 410 2423 478 2471; x_wconf 82' lang='grc'>20</span> <span class='ocrx_word' id='word_1_236' title='bbox 516 2403 727 2489; x_wconf 82' lang='grc' dir='ltr'>ἀρετὴν</span> <span class='ocrx_word' id='word_1_237' title='bbox 773 2401 987 2488; x_wconf 89' lang='grc' dir='ltr'>ἔχοντα</span> <span class='ocrx_word' id='word_1_238' title='bbox 1042 2404 1107 2466; x_wconf 79' lang='grc' dir='ltr'>τὸ</span> <span class='ocrx_word' id='word_1_239' title='bbox 1155 2404 1351 2483; x_wconf 87' lang='grc' dir='ltr'>μέσως</span> <span class='ocrx_word' id='word_1_240' title='bbox 1395 2401 1459 2467; x_wconf 77' lang='grc' dir='ltr'>εὖ</span> <span class='ocrx_word' id='word_1_241' title='bbox 1508 2402 1791 2487; x_wconf 84' lang='grc' dir='ltr'>μετιέναι,</span> <span class='ocrx_word' id='word_1_242' title='bbox 1854 2400 1972 2464; x_wconf 84' lang='grc' dir='ltr'>ἀλλ’</span> <span class='ocrx_word' id='word_1_243' title='bbox 2028 2400 2095 2464; x_wconf 82' lang='grc' dir='ltr'>οὐ</span> <span class='ocrx_word' id='word_1_244' title='bbox 2151 2401 2216 2463; x_wconf 81' lang='grc' dir='ltr'>τὸ</span> <span class='ocrx_word' id='word_1_245' title='bbox 2269 2400 2490 2485; x_wconf 82' lang='grc' dir='ltr'>ἄκρως,</span> <span class='ocrx_word' id='word_1_246' title='bbox 2549 2401 2672 2465; x_wconf 79' lang='grc' dir='ltr'>οὐδ’</span> <span class='ocrx_word' id='word_1_247' title='bbox 2728 2400 2895 2471; x_wconf 81' lang='grc' dir='ltr'>οὗτος</span> <span class='ocrx_word' id='word_1_248' title='bbox 2940 2402 3012 2487; x_wconf 88' lang='grc' dir='ltr'>δὴ</span> 
     </span>
     <span class='ocr_line' id='line_1_22' title="bbox 513 2502 3096 2591; baseline -0.003 -21"><span class='ocrx_word' id='word_1_249' title='bbox 513 2508 729 2590; x_wconf 87' lang='grc' dir='ltr'>νοήσας</span> <span class='ocrx_word' id='word_1_250' title='bbox 780 2506 853 2569; x_wconf 86' lang='grc' dir='ltr'>τὰ</span> <span class='ocrx_word' id='word_1_251' title='bbox 907 2505 1183 2591; x_wconf 77' lang='grc' dir='ltr'>εἰρημένα</span> <span class='ocrx_word' id='word_1_252' title='bbox 1236 2506 1407 2587; x_wconf 89' lang='grc' dir='ltr'>λέγει.</span> <span class='ocrx_word' id='word_1_253' title='bbox 1496 2503 1718 2590; x_wconf 82' lang='grc' dir='ltr'>εἴρηται</span> <span class='ocrx_word' id='word_1_254' title='bbox 1770 2506 1910 2588; x_wconf 91' lang='grc' dir='ltr'>γάρ,</span> <span class='ocrx_word' id='word_1_255' title='bbox 1975 2502 2063 2566; x_wconf 81' lang='grc' dir='ltr'>ὅτι</span> <span class='ocrx_word' id='word_1_256' title='bbox 2107 2504 2261 2567; x_wconf 84' lang='grc' dir='ltr'>ἐστὶν</span> <span class='ocrx_word' id='word_1_257' title='bbox 2319 2505 2356 2587; x_wconf 86' lang='grc' dir='ltr'>ἡ</span> <span class='ocrx_word' id='word_1_258' title='bbox 2409 2506 2540 2589; x_wconf 85' lang='grc' dir='ltr'>περὶ</span> <span class='ocrx_word' id='word_1_259' title='bbox 2596 2504 2667 2567; x_wconf 80' lang='grc' dir='ltr'>τὰ</span> <span class='ocrx_word' id='word_1_260' title='bbox 2710 2504 2874 2588; x_wconf 78' lang='grc' dir='ltr'>πάθη</span> <span class='ocrx_word' id='word_1_261' title='bbox 2920 2506 3016 2568; x_wconf 79' lang='grc' dir='ltr'>καὶ</span> <span class='ocrx_word' id='word_1_262' title='bbox 3067 2520 3096 2563; x_wconf 80' lang='lat'><strong>5</strong></span> 
     </span>
     <span class='ocr_line' id='line_1_23' title="bbox 513 2606 3006 2695; baseline -0 -24"><span class='ocrx_word' id='word_1_263' title='bbox 513 2610 617 2677; x_wconf 83' lang='grc' dir='ltr'>τὰς</span> <span class='ocrx_word' id='word_1_264' title='bbox 674 2610 905 2695; x_wconf 74' lang='grc' dir='ltr'>πράξεις</span> <span class='ocrx_word' id='word_1_265' title='bbox 959 2610 1206 2692; x_wconf 88' lang='grc' dir='ltr'>μεσότης</span> <span class='ocrx_word' id='word_1_266' title='bbox 1264 2608 1411 2671; x_wconf 82' lang='grc' dir='ltr'>κατὰ</span> <span class='ocrx_word' id='word_1_267' title='bbox 1472 2609 1569 2671; x_wconf 83' lang='grc' dir='ltr'>τὸν</span> <span class='ocrx_word' id='word_1_268' title='bbox 1622 2608 2035 2693; x_wconf 85' lang='grc' dir='ltr'>προειρημένον</span> <span class='ocrx_word' id='word_1_269' title='bbox 2098 2606 2305 2692; x_wconf 88' lang='grc' dir='ltr'>τρόπον</span> <span class='ocrx_word' id='word_1_270' title='bbox 2361 2608 2420 2669; x_wconf 86' lang='grc' dir='ltr'>ἐν</span> <span class='ocrx_word' id='word_1_271' title='bbox 2474 2612 2562 2693; x_wconf 74' lang='grc' dir='ltr'>τῷ</span> <span class='ocrx_word' id='word_1_272' title='bbox 2617 2606 2684 2670; x_wconf 75' lang='grc' dir='ltr'>εὖ</span> <span class='ocrx_word' id='word_1_273' title='bbox 2739 2606 3006 2691; x_wconf 85' lang='grc' dir='ltr'>ἀκρότης.</span> 
     </span>
     <span class='ocr_line' id='line_1_24' title="bbox 514 2710 3010 2797; baseline -0.001 -22"><span class='ocrx_word' id='word_1_274' title='bbox 514 2711 709 2797; x_wconf 85' lang='grc' dir='ltr'>ἄκρως</span> <span class='ocrx_word' id='word_1_275' title='bbox 760 2714 871 2797; x_wconf 82' lang='grc' dir='ltr'>γὰρ</span> <span class='ocrx_word' id='word_1_276' title='bbox 924 2710 990 2775; x_wconf 80' lang='grc' dir='ltr'>εὖ</span> <span class='ocrx_word' id='word_1_277' title='bbox 1044 2710 1171 2797; x_wconf 85' lang='grc' dir='ltr'>ἔχει</span> <span class='ocrx_word' id='word_1_278' title='bbox 1224 2712 1291 2775; x_wconf 87' lang='grc' dir='ltr'>τὸ</span> <span class='ocrx_word' id='word_1_279' title='bbox 1342 2710 1639 2795; x_wconf 89' lang='grc' dir='ltr'>γινόμενον</span> <span class='ocrx_word' id='word_1_280' title='bbox 1702 2710 1763 2773; x_wconf 89' lang='grc' dir='ltr'>ἐν</span> <span class='ocrx_word' id='word_1_281' title='bbox 1825 2711 2063 2780; x_wconf 88' lang='grc' dir='ltr'>ἐκείνοις</span> <span class='ocrx_word' id='word_1_282' title='bbox 2121 2710 2312 2793; x_wconf 88' lang='grc' dir='ltr'>μέσως</span> <span class='ocrx_word' id='word_1_283' title='bbox 2366 2733 2428 2773; x_wconf 91' lang='grc' dir='ltr'>τε</span> <span class='ocrx_word' id='word_1_284' title='bbox 2481 2711 2578 2773; x_wconf 84' lang='grc' dir='ltr'>καὶ</span> <span class='ocrx_word' id='word_1_285' title='bbox 2645 2710 3010 2794; x_wconf 86' lang='grc' dir='ltr'>συμμέτρως.</span> 
     </span>
     <span class='ocr_line' id='line_1_25' title="bbox 513 2812 3013 2899; baseline -0.001 -22"><span class='ocrx_word' id='word_1_286' title='bbox 513 2812 679 2878; x_wconf 83' lang='grc' dir='ltr'>οὐδὲν</span> <span class='ocrx_word' id='word_1_287' title='bbox 733 2814 841 2899; x_wconf 84' lang='grc' dir='ltr'>γὰρ</span> <span class='ocrx_word' id='word_1_288' title='bbox 903 2816 1121 2879; x_wconf 87' lang='grc' dir='ltr'>κωλύει</span> <span class='ocrx_word' id='word_1_289' title='bbox 1174 2815 1239 2877; x_wconf 87' lang='grc' dir='ltr'>τὸ</span> <span class='ocrx_word' id='word_1_290' title='bbox 1298 2814 1493 2898; x_wconf 83' lang='grc' dir='ltr'>ἄκρων</span> <span class='ocrx_word' id='word_1_291' title='bbox 1546 2818 1714 2877; x_wconf 89' lang='grc' dir='ltr'>τινῶν</span> <span class='ocrx_word' id='word_1_292' title='bbox 1772 2814 1833 2877; x_wconf 91' lang='grc' dir='ltr'>ἐν</span> <span class='ocrx_word' id='word_1_293' title='bbox 1891 2812 2163 2896; x_wconf 88' lang='grc' dir='ltr'>μεσότητι</span> <span class='ocrx_word' id='word_1_294' title='bbox 2218 2812 2390 2897; x_wconf 83' lang='grc' dir='ltr'>ἄκρον</span> <span class='ocrx_word' id='word_1_295' title='bbox 2451 2817 2618 2875; x_wconf 89' lang='grc' dir='ltr'>τινῶν</span> <span class='ocrx_word' id='word_1_296' title='bbox 2671 2812 2834 2876; x_wconf 77' lang='grc' dir='ltr'>εἶναι.</span> <span class='ocrx_word' id='word_1_297' title='bbox 2924 2814 3013 2876; x_wconf 82' lang='grc' dir='ltr'>διὸ</span> 
     </span>
    </p>

    <p class='ocr_par' dir='ltr' id='par_1_11' title="bbox 410 2916 3096 3308">
     <span class='ocr_line' id='line_1_26' title="bbox 410 2916 3096 3002; baseline -0.003 -21"><span class='ocrx_word' id='word_1_298' title='bbox 410 2935 477 2985; x_wconf 77' lang='lat'>25</span> <span class='ocrx_word' id='word_1_299' title='bbox 514 2916 731 2986; x_wconf 80' lang='grc' dir='ltr'>ἄτοπος</span> <span class='ocrx_word' id='word_1_300' title='bbox 773 2919 867 2981; x_wconf 88' lang='grc' dir='ltr'>καὶ</span> <span class='ocrx_word' id='word_1_301' title='bbox 923 2920 953 2981; x_wconf 86' lang='grc' dir='ltr'>ὁ</span> <span class='ocrx_word' id='word_1_302' title='bbox 1000 2918 1215 3000; x_wconf 89' lang='grc' dir='ltr'>λέγων,</span> <span class='ocrx_word' id='word_1_303' title='bbox 1274 2916 1325 2979; x_wconf 81' lang='grc' dir='ltr'>εἰ</span> <span class='ocrx_word' id='word_1_304' title='bbox 1369 2917 1407 2999; x_wconf 84' lang='grc' dir='ltr'>ἡ</span> <span class='ocrx_word' id='word_1_305' title='bbox 1454 2916 1631 3000; x_wconf 77' lang='grc' dir='ltr'>α’ρετὴ</span> <span class='ocrx_word' id='word_1_306' title='bbox 1688 2916 1938 3002; x_wconf 84' lang='grc' dir='ltr'>ἀκρότης</span> <span class='ocrx_word' id='word_1_307' title='bbox 1991 2918 2113 2979; x_wconf 89' lang='grc' dir='ltr'>ἐστὶ</span> <span class='ocrx_word' id='word_1_308' title='bbox 2166 2922 2361 3001; x_wconf 80' lang='grc' dir='ltr'>ψυχῆς</span> <span class='ocrx_word' id='word_1_309' title='bbox 2405 2919 2664 3000; x_wconf 80' lang='grc' dir='ltr'>λογικῆς,</span> <span class='ocrx_word' id='word_1_310' title='bbox 2724 2917 2804 3002; x_wconf 88' lang='grc' dir='ltr'>μὴ</span> <span class='ocrx_word' id='word_1_311' title='bbox 2852 2916 3012 2981; x_wconf 88' lang='grc' dir='ltr'>δύνα-</span> <span class='ocrx_word' id='word_1_312' title='bbox 3039 2932 3096 2975; x_wconf 83' lang='grc' dir='ltr'>ιο</span> 
     </span>
     <span class='ocr_line' id='line_1_27' title="bbox 520 3018 3014 3104; baseline -0.001 -20"><span class='ocrx_word' id='word_1_313' title='bbox 520 3020 659 3084; x_wconf 80' lang='grc' dir='ltr'>σθαι</span> <span class='ocrx_word' id='word_1_314' title='bbox 705 3020 885 3104; x_wconf 84' lang='grc' dir='ltr'>αὐτὴν</span> <span class='ocrx_word' id='word_1_315' title='bbox 930 3019 1075 3084; x_wconf 86' lang='grc' dir='ltr'>εἶναι</span> <span class='ocrx_word' id='word_1_316' title='bbox 1110 3018 1403 3103; x_wconf 87' lang='grc' dir='ltr'>μεσότητα</span> <span class='ocrx_word' id='word_1_317' title='bbox 1446 3024 1531 3104; x_wconf 76' lang='grc' dir='ltr'>τῷ</span> <span class='ocrx_word' id='word_1_318' title='bbox 1580 3019 1663 3103; x_wconf 87' lang='grc' dir='ltr'>μὴ</span> <span class='ocrx_word' id='word_1_319' title='bbox 1705 3018 1826 3081; x_wconf 82' lang='grc' dir='ltr'>οἷόν</span> <span class='ocrx_word' id='word_1_320' title='bbox 1871 3042 1934 3082; x_wconf 90' lang='grc' dir='ltr'>τε</span> <span class='ocrx_word' id='word_1_321' title='bbox 1964 3019 2112 3082; x_wconf 81' lang='grc' dir='ltr'>εἶναι</span> <span class='ocrx_word' id='word_1_322' title='bbox 2155 3019 2360 3083; x_wconf 85' lang='grc' dir='ltr'>ταύτὸν</span> <span class='ocrx_word' id='word_1_323' title='bbox 2407 3018 2530 3101; x_wconf 79' lang='grc' dir='ltr'>ἅμα</span> <span class='ocrx_word' id='word_1_324' title='bbox 2560 3018 2734 3103; x_wconf 79' lang='grc' dir='ltr'>ἄκρον</span> <span class='ocrx_word' id='word_1_325' title='bbox 2780 3043 2842 3082; x_wconf 87' lang='grc' dir='ltr'>τε</span> <span class='ocrx_word' id='word_1_326' title='bbox 2871 3019 3014 3082; x_wconf 84' lang='grc' dir='ltr'>εἶναι</span> 
     </span>
     <span class='ocr_line' id='line_1_28' title="bbox 516 3120 3012 3207; baseline 0 -22"><span class='ocrx_word' id='word_1_327' title='bbox 516 3122 612 3185; x_wconf 85' lang='grc' dir='ltr'>καὶ</span> <span class='ocrx_word' id='word_1_328' title='bbox 646 3122 841 3206; x_wconf 89' lang='grc' dir='ltr'>μέσον.</span> <span class='ocrx_word' id='word_1_329' title='bbox 911 3124 965 3185; x_wconf 79' lang='grc' dir='ltr'>εἰ</span> <span class='ocrx_word' id='word_1_330' title='bbox 1012 3124 1113 3207; x_wconf 83' lang='grc' dir='ltr'>μὲν</span> <span class='ocrx_word' id='word_1_331' title='bbox 1158 3123 1265 3207; x_wconf 83' lang='grc' dir='ltr'>γὰρ</span> <span class='ocrx_word' id='word_1_332' title='bbox 1297 3127 1400 3186; x_wconf 81' lang='grc' dir='ltr'>τοῦ</span> <span class='ocrx_word' id='word_1_333' title='bbox 1444 3120 1621 3184; x_wconf 79' lang='grc' dir='ltr'>αὐτοῦ</span> <span class='ocrx_word' id='word_1_334' title='bbox 1669 3144 1751 3189; x_wconf 89' lang='grc' dir='ltr'>τις</span> <span class='ocrx_word' id='word_1_335' title='bbox 1790 3121 1975 3207; x_wconf 73' lang='grc' dir='ltr'>ἠξίου,</span> <span class='ocrx_word' id='word_1_336' title='bbox 2021 3120 2216 3205; x_wconf 84' lang='grc' dir='ltr'>ἔλεγον</span> <span class='ocrx_word' id='word_1_337' title='bbox 2263 3122 2330 3185; x_wconf 85' lang='grc' dir='ltr'>ἄν</span> <span class='ocrx_word' id='word_1_338' title='bbox 2360 3146 2433 3198; x_wconf 88' lang='grc' dir='ltr'>τι,</span> <span class='ocrx_word' id='word_1_339' title='bbox 2480 3122 2606 3185; x_wconf 84' lang='grc' dir='ltr'>ἐπεὶ</span> <span class='ocrx_word' id='word_1_340' title='bbox 2651 3121 2812 3185; x_wconf 84' lang='grc' dir='ltr'>δὲού</span> <span class='ocrx_word' id='word_1_341' title='bbox 2844 3126 3012 3185; x_wconf 82' lang='grc' dir='ltr'>τοῦτο</span> 
     </span>
     <span class='ocr_line' id='line_1_29' title="bbox 520 3224 3093 3308; baseline -0.002 -20"><span class='ocrx_word' id='word_1_342' title='bbox 520 3224 769 3308; x_wconf 83' lang='grc' dir='ltr'>λέγεται,</span> <span class='ocrx_word' id='word_1_343' title='bbox 814 3224 927 3289; x_wconf 85' lang='grc' dir='ltr'>εἶεν</span> <span class='ocrx_word' id='word_1_344' title='bbox 974 3224 1041 3289; x_wconf 80' lang='grc' dir='ltr'>ἂν</span> <span class='ocrx_word' id='word_1_345' title='bbox 1088 3226 1419 3308; x_wconf 82' lang='grc' dir='ltr'>αἰτιώμενοι</span> <span class='ocrx_word' id='word_1_346' title='bbox 1466 3224 1537 3287; x_wconf 85' lang='grc' dir='ltr'>τὰ</span> <span class='ocrx_word' id='word_1_347' title='bbox 1580 3225 1821 3288; x_wconf 85' lang='grc' dir='ltr'>ἀναίτια.</span> <span class='ocrx_word' id='word_1_348' title='bbox 3042 3241 3093 3284; x_wconf 70' lang='lat'>1⁶</span> 
     </span>
    </p>

    <p class='ocr_par' dir='ltr' id='par_1_12' title="bbox 678 3326 3012 3412">
     <span class='ocr_line' id='line_1_30' title="bbox 678 3326 3012 3412; baseline -0 -20"><span class='ocrx_word' id='word_1_349' title='bbox 678 3326 833 3393; x_wconf 84' lang='grc' dir='ltr'>Ἀλλ’</span> <span class='ocrx_word' id='word_1_350' title='bbox 889 3328 1025 3392; x_wconf 84' lang='grc' dir='ltr'>οὐδὲ</span> <span class='ocrx_word' id='word_1_351' title='bbox 1070 3330 1101 3391; x_wconf 85' lang='grc' dir='ltr'><strong>ὁ</strong></span> <span class='ocrx_word' id='word_1_352' title='bbox 1147 3327 1360 3410; x_wconf 88' lang='grc' dir='ltr'>λέγων,</span> <span class='ocrx_word' id='word_1_353' title='bbox 1418 3327 1470 3390; x_wconf 82' lang='grc' dir='ltr'>εἰ</span> <span class='ocrx_word' id='word_1_354' title='bbox 1514 3328 1552 3409; x_wconf 85' lang='grc' dir='ltr'>ἡ</span> <span class='ocrx_word' id='word_1_355' title='bbox 1600 3328 1779 3412; x_wconf 79' lang='grc' dir='ltr'>ἀρετὴ</span> <span class='ocrx_word' id='word_1_356' title='bbox 1837 3327 1988 3411; x_wconf 86' lang='grc' dir='ltr'>μέση</span> <span class='ocrx_word' id='word_1_357' title='bbox 2041 3328 2145 3392; x_wconf 90' lang='grc' dir='ltr'>δύο</span> <span class='ocrx_word' id='word_1_358' title='bbox 2191 3332 2435 3404; x_wconf 88' lang='grc' dir='ltr'>κακιῶν,</span> <span class='ocrx_word' id='word_1_359' title='bbox 2493 3326 2584 3411; x_wconf 80' lang='grc' dir='ltr'>εἴη</span> <span class='ocrx_word' id='word_1_360' title='bbox 2631 3326 2698 3389; x_wconf 80' lang='grc' dir='ltr'>ἂν</span> <span class='ocrx_word' id='word_1_361' title='bbox 2745 3328 2841 3391; x_wconf 87' lang='grc' dir='ltr'>καὶ</span> <span class='ocrx_word' id='word_1_362' title='bbox 2887 3348 3012 3411; x_wconf 84' lang='grc' dir='ltr'>συγ-</span> 
     </span>
    </p>

    <p class='ocr_par' dir='ltr' id='par_1_13' title="bbox 411 3430 3095 3927">
     <span class='ocr_line' id='line_1_31' title="bbox 411 3430 3012 3516; baseline -0.002 -17"><span class='ocrx_word' id='word_1_363' title='bbox 411 3450 479 3499; x_wconf 86' lang='grc'>30</span> <span class='ocrx_word' id='word_1_364' title='bbox 515 3432 755 3516; x_wconf 86' lang='grc' dir='ltr'>κειμένη</span> <span class='ocrx_word' id='word_1_365' title='bbox 802 3432 869 3495; x_wconf 88' lang='grc' dir='ltr'>ἐκ</span> <span class='ocrx_word' id='word_1_366' title='bbox 911 3430 1129 3494; x_wconf 87' lang='grc' dir='ltr'>τούτων</span> <span class='ocrx_word' id='word_1_367' title='bbox 1175 3435 1259 3514; x_wconf 76' lang='grc' dir='ltr'>τῷ</span> <span class='ocrx_word' id='word_1_368' title='bbox 1307 3430 1379 3493; x_wconf 84' lang='grc' dir='ltr'>τὰ</span> <span class='ocrx_word' id='word_1_369' title='bbox 1428 3430 1576 3513; x_wconf 87' lang='grc' dir='ltr'>μέσα</span> <span class='ocrx_word' id='word_1_370' title='bbox 1620 3436 1737 3493; x_wconf 91' lang='grc' dir='ltr'>τῶν</span> <span class='ocrx_word' id='word_1_371' title='bbox 1769 3430 2037 3493; x_wconf 85' lang='grc' dir='ltr'>ἐναντίων</span> <span class='ocrx_word' id='word_1_372' title='bbox 2084 3431 2150 3493; x_wconf 90' lang='grc' dir='ltr'>ἐκ</span> <span class='ocrx_word' id='word_1_373' title='bbox 2194 3436 2300 3515; x_wconf 78' lang='grc' dir='ltr'>τῆς</span> <span class='ocrx_word' id='word_1_374' title='bbox 2347 3431 2551 3515; x_wconf 79' lang='grc' dir='ltr'>μίξεως</span> <span class='ocrx_word' id='word_1_375' title='bbox 2594 3435 2709 3495; x_wconf 86' lang='grc' dir='ltr'>τῶν</span> <span class='ocrx_word' id='word_1_376' title='bbox 2741 3432 3012 3495; x_wconf 85' lang='grc' dir='ltr'>ἐναντίων</span> 
     </span>
     <span class='ocr_line' id='line_1_32' title="bbox 515 3532 3095 3621; baseline -0.001 -24"><span class='ocrx_word' id='word_1_377' title='bbox 515 3532 672 3620; x_wconf 87' lang='grc' dir='ltr'>ἔχειν</span> <span class='ocrx_word' id='word_1_378' title='bbox 718 3535 821 3617; x_wconf 86' lang='grc' dir='ltr'>τὴν</span> <span class='ocrx_word' id='word_1_379' title='bbox 864 3534 1159 3610; x_wconf 90' lang='grc' dir='ltr'>σύστασιν,</span> <span class='ocrx_word' id='word_1_380' title='bbox 1206 3536 1287 3602; x_wconf 79' lang='grc' dir='ltr'>ὥς</span> <span class='ocrx_word' id='word_1_381' title='bbox 1332 3534 1427 3596; x_wconf 84' lang='grc' dir='ltr'>ἐπὶ</span> <span class='ocrx_word' id='word_1_382' title='bbox 1459 3534 1793 3617; x_wconf 88' lang='grc' dir='ltr'>χρωμάτων</span> <span class='ocrx_word' id='word_1_383' title='bbox 1838 3534 1935 3597; x_wconf 88' lang='grc' dir='ltr'>καὶ</span> <span class='ocrx_word' id='word_1_384' title='bbox 1974 3534 2174 3617; x_wconf 85' lang='grc' dir='ltr'>ὀσμῶν</span> <span class='ocrx_word' id='word_1_385' title='bbox 2218 3534 2312 3597; x_wconf 80' lang='grc' dir='ltr'>καὶ</span> <span class='ocrx_word' id='word_1_386' title='bbox 2357 3538 2570 3618; x_wconf 90' lang='grc' dir='ltr'>χυμῶν</span> <span class='ocrx_word' id='word_1_387' title='bbox 2617 3533 2789 3603; x_wconf 82' lang='grc' dir='ltr'>αὐτὸς</span> <span class='ocrx_word' id='word_1_388' title='bbox 2832 3534 2893 3596; x_wconf 88' lang='grc' dir='ltr'>ἐν</span> <span class='ocrx_word' id='word_1_389' title='bbox 2925 3542 3010 3621; x_wconf 79' lang='grc' dir='ltr'>τῷ</span> <span class='ocrx_word' id='word_1_390' title='bbox 3039 3551 3095 3594; x_wconf 72' lang='grc' dir='ltr'>ω</span> 
     </span>
     <span class='ocr_line' id='line_1_33' title="bbox 514 3632 3011 3723; baseline -0 -22"><span class='ocrx_word' id='word_1_391' title='bbox 514 3636 659 3722; x_wconf 89' lang='grc' dir='ltr'>Περὶ</span> <span class='ocrx_word' id='word_1_392' title='bbox 703 3638 1039 3723; x_wconf 78' lang='grc' dir='ltr'>αἰσθήσεως</span> <span class='ocrx_word' id='word_1_393' title='bbox 1080 3635 1329 3719; x_wconf 78' lang='grc' dir='ltr'>εἴρηκεν,</span> <span class='ocrx_word' id='word_1_394' title='bbox 1384 3632 1505 3699; x_wconf 83' lang='grc' dir='ltr'>οὐδ’</span> <span class='ocrx_word' id='word_1_395' title='bbox 1563 3636 1730 3705; x_wconf 78' lang='grc' dir='ltr'>οὗτος</span> <span class='ocrx_word' id='word_1_396' title='bbox 1782 3638 1856 3719; x_wconf 83' lang='grc' dir='ltr'>δὴ</span> <span class='ocrx_word' id='word_1_397' title='bbox 1904 3636 2148 3699; x_wconf 81' lang='grc' dir='ltr'>ἅπτεταί</span> <span class='ocrx_word' id='word_1_398' title='bbox 2196 3659 2345 3704; x_wconf 89' lang='grc' dir='ltr'>τινος</span> <span class='ocrx_word' id='word_1_399' title='bbox 2397 3640 2512 3698; x_wconf 88' lang='grc' dir='ltr'>τῶν</span> <span class='ocrx_word' id='word_1_400' title='bbox 2557 3636 2853 3721; x_wconf 82' lang='grc' dir='ltr'>κειμένων.</span> <span class='ocrx_word' id='word_1_401' title='bbox 2943 3636 3011 3700; x_wconf 83' lang='grc' dir='ltr'>οὐ</span> 
     </span>
     <span class='ocr_line' id='line_1_34' title="bbox 511 3738 3013 3824; baseline 0 -21"><span class='ocrx_word' id='word_1_402' title='bbox 511 3739 622 3824; x_wconf 83' lang='grc' dir='ltr'>γὰρ</span> <span class='ocrx_word' id='word_1_403' title='bbox 666 3740 720 3803; x_wconf 82' lang='grc' dir='ltr'>εἰ</span> <span class='ocrx_word' id='word_1_404' title='bbox 760 3739 832 3803; x_wconf 83' lang='grc' dir='ltr'>τὰ</span> <span class='ocrx_word' id='word_1_405' title='bbox 884 3738 1274 3823; x_wconf 89' lang='grc' dir='ltr'>προειρημένα</span> <span class='ocrx_word' id='word_1_406' title='bbox 1328 3742 1593 3813; x_wconf 80' lang='grc' dir='ltr'>τοιαῦτα,</span> <span class='ocrx_word' id='word_1_407' title='bbox 1649 3738 1764 3824; x_wconf 80' lang='grc' dir='ltr'>ἤδη</span> <span class='ocrx_word' id='word_1_408' title='bbox 1820 3740 1916 3801; x_wconf 86' lang='grc' dir='ltr'>καὶ</span> <span class='ocrx_word' id='word_1_409' title='bbox 1961 3740 2148 3802; x_wconf 88' lang='grc' dir='ltr'>πάντα</span> <span class='ocrx_word' id='word_1_410' title='bbox 2205 3738 2356 3820; x_wconf 92' lang='grc' dir='ltr'>μέσα</span> <span class='ocrx_word' id='word_1_411' title='bbox 2409 3740 2675 3802; x_wconf 87' lang='grc' dir='ltr'>ἐναντίων</span> <span class='ocrx_word' id='word_1_412' title='bbox 2735 3746 2901 3803; x_wconf 90' lang='grc' dir='ltr'>τινῶν</span> <span class='ocrx_word' id='word_1_413' title='bbox 2946 3741 3013 3803; x_wconf 90' lang='grc' dir='ltr'>ἐκ</span> 
     </span>
     <span class='ocr_line' id='line_1_35' title="bbox 524 3838 3014 3927; baseline 0 -23"><span class='ocrx_word' id='word_1_414' title='bbox 524 3847 631 3925; x_wconf 80' lang='grc' dir='ltr'>τῆς</span> <span class='ocrx_word' id='word_1_415' title='bbox 676 3842 909 3905; x_wconf 87' lang='grc' dir='ltr'>ἐκείνων</span> <span class='ocrx_word' id='word_1_416' title='bbox 959 3842 1163 3926; x_wconf 73' lang='grc' dir='ltr'>μίξεως</span> <span class='ocrx_word' id='word_1_417' title='bbox 1206 3841 1271 3903; x_wconf 84' lang='grc' dir='ltr'>τὸ</span> <span class='ocrx_word' id='word_1_418' title='bbox 1303 3840 1447 3904; x_wconf 79' lang='grc' dir='ltr'>εἶναι</span> <span class='ocrx_word' id='word_1_419' title='bbox 1492 3838 1641 3925; x_wconf 86' lang='grc' dir='ltr'>ἔχει.</span> <span class='ocrx_word' id='word_1_420' title='bbox 1710 3840 1846 3904; x_wconf 79' lang='grc' dir='ltr'>οὐδὲ</span> <span class='ocrx_word' id='word_1_421' title='bbox 1887 3840 1998 3925; x_wconf 80' lang='grc' dir='ltr'>γὰρ</span> <span class='ocrx_word' id='word_1_422' title='bbox 2039 3842 2106 3904; x_wconf 89' lang='grc' dir='ltr'>τὸ</span> <span class='ocrx_word' id='word_1_423' title='bbox 2135 3841 2284 3905; x_wconf 85' lang='grc' dir='ltr'>κατὰ</span> <span class='ocrx_word' id='word_1_424' title='bbox 2327 3840 2626 3927; x_wconf 87' lang='grc' dir='ltr'>ποσότητά</span> <span class='ocrx_word' id='word_1_425' title='bbox 2669 3866 2792 3906; x_wconf 90' lang='grc' dir='ltr'>τινα</span> <span class='ocrx_word' id='word_1_426' title='bbox 2838 3843 3014 3926; x_wconf 90' lang='grc' dir='ltr'>μέσον</span> 
     </span>
    </p>

    <p class='ocr_par' dir='ltr' id='par_1_14' title="bbox 408 3942 3094 4030">
     <span class='ocr_line' id='line_1_36' title="bbox 408 3942 3094 4030; baseline -0.001 -20"><span class='ocrx_word' id='word_1_427' title='bbox 408 3966 474 4016; x_wconf 84' lang='lat'>35</span> <span class='ocrx_word' id='word_1_428' title='bbox 514 3947 583 4010; x_wconf 81' lang='grc' dir='ltr'>ἐκ</span> <span class='ocrx_word' id='word_1_429' title='bbox 611 3951 727 4008; x_wconf 91' lang='grc' dir='ltr'>τῶν</span> <span class='ocrx_word' id='word_1_430' title='bbox 774 3945 1045 4009; x_wconf 90' lang='grc' dir='ltr'>ἐναντίων</span> <span class='ocrx_word' id='word_1_431' title='bbox 1090 3943 1216 4030; x_wconf 85' lang='grc' dir='ltr'>ἔχει</span> <span class='ocrx_word' id='word_1_432' title='bbox 1260 3944 1363 4027; x_wconf 83' lang='grc' dir='ltr'>τὴν</span> <span class='ocrx_word' id='word_1_433' title='bbox 1409 3942 1704 4019; x_wconf 89' lang='grc' dir='ltr'>σύστασιν,</span> <span class='ocrx_word' id='word_1_434' title='bbox 1748 3943 1897 4006; x_wconf 82' lang='grc' dir='ltr'>ἀλλὰ</span> <span class='ocrx_word' id='word_1_435' title='bbox 1947 3942 1954 4028; x_wconf 90' lang='grc' dir='ltr'>Ι</span> <span class='ocrx_word' id='word_1_436' title='bbox 2001 3948 2116 4008; x_wconf 84' lang='grc' dir='ltr'>πᾶν</span> <span class='ocrx_word' id='word_1_437' title='bbox 2163 3944 2482 4007; x_wconf 83' lang='grc' dir='ltr'>τούναντίον</span> <span class='ocrx_word' id='word_1_438' title='bbox 2529 3944 2590 4007; x_wconf 89' lang='grc' dir='ltr'>ἐν</span> <span class='ocrx_word' id='word_1_439' title='bbox 2635 3949 2709 4029; x_wconf 80' lang='grc' dir='ltr'>τῇ</span> <span class='ocrx_word' id='word_1_440' title='bbox 2758 3945 2899 4030; x_wconf 87' lang='grc' dir='ltr'>πρὸς</span> <span class='ocrx_word' id='word_1_441' title='bbox 2941 3947 3012 4009; x_wconf 81' lang='grc' dir='ltr'>τὰ</span> <span class='ocrx_word' id='word_1_442' title='bbox 3039 3963 3094 4007; x_wconf 75' lang='lat'>2⁵</span> 
     </span>
    </p>
   </div>
   <div class='ocr_carea' id='block_1_3' title="bbox 402 4188 3120 4959">
    <p class='ocr_par' dir='ltr' id='par_1_15' title="bbox 402 4188 3120 4875">
     <span class='ocr_line' id='line_1_37' title="bbox 406 4188 3116 4263; baseline 0.001 -18"><span class='ocrx_word' id='word_1_443' title='bbox 406 4193 432 4245; x_wconf 93' lang='lat'>1</span> <span class='ocrx_word' id='word_1_444' title='bbox 475 4192 683 4245; x_wconf 72' lang='grc' dir='ltr'>ἕκαστον</span> <span class='ocrx_word' id='word_1_445' title='bbox 721 4192 855 4243; x_wconf 82' lang='lat' dir='ltr'><strong>coni.</strong></span> <span class='ocrx_word' id='word_1_446' title='bbox 892 4191 982 4259; x_wconf 87' lang='lat' dir='ltr'>Sp.</span> <span class='ocrx_word' id='word_1_447' title='bbox 1200 4188 1230 4241; x_wconf 80' lang='lat'>2</span> <span class='ocrx_word' id='word_1_448' title='bbox 1267 4188 1483 4259; x_wconf 81' lang='grc' dir='ltr'>προόδου</span> <span class='ocrx_word' id='word_1_449' title='bbox 1525 4194 1574 4241; x_wconf 90' lang='lat' dir='ltr'>V</span> <span class='ocrx_word' id='word_1_450' title='bbox 1774 4192 1806 4244; x_wconf 91' lang='lat'>8</span> <span class='ocrx_word' id='word_1_451' title='bbox 1844 4193 1932 4246; x_wconf 77' lang='lat' dir='ltr'><strong>alt.</strong></span> <span class='ocrx_word' id='word_1_452' title='bbox 1974 4198 2076 4245; x_wconf 84' lang='grc' dir='ltr'>τῶν</span> <span class='ocrx_word' id='word_1_453' title='bbox 2116 4192 2212 4244; x_wconf 78' lang='lat' dir='ltr'><strong>del.</strong></span> <span class='ocrx_word' id='word_1_454' title='bbox 2253 4190 2326 4243; x_wconf 56' lang='grc' dir='ltr'>ΥΒ</span> <span class='ocrx_word' id='word_1_455' title='bbox 2543 4194 2600 4244; x_wconf 95' lang='lat'>11</span> <span class='ocrx_word' id='word_1_456' title='bbox 2641 4191 2787 4245; x_wconf 78' lang='grc' dir='ltr'>αὐταὶ</span> <span class='ocrx_word' id='word_1_457' title='bbox 2822 4194 2964 4247; x_wconf 76' lang='lat' dir='ltr'>B²Sa</span> <span class='ocrx_word' id='word_1_458' title='bbox 2999 4197 3116 4263; x_wconf 78' lang='lat' dir='ltr'>Sp.=</span> 
     </span>
     <span class='ocr_line' id='line_1_38' title="bbox 406 4275 3116 4353; baseline 0 -20"><span class='ocrx_word' id='word_1_459' title='bbox 406 4279 553 4333; x_wconf 80' lang='grc' dir='ltr'>αὗται</span> <span class='ocrx_word' id='word_1_460' title='bbox 589 4280 728 4332; x_wconf 85' lang='lat' dir='ltr'><strong>VF&#39;B</strong></span> <span class='ocrx_word' id='word_1_461' title='bbox 964 4275 1127 4346; x_wconf 77' lang='grc' dir='ltr'>ἔλεγεν</span> <span class='ocrx_word' id='word_1_462' title='bbox 1173 4279 1307 4329; x_wconf 86' lang='lat' dir='ltr'><strong>coni.</strong></span> <span class='ocrx_word' id='word_1_463' title='bbox 1346 4280 1434 4345; x_wconf 90' lang='lat' dir='ltr'>Sp.</span> <span class='ocrx_word' id='word_1_464' title='bbox 1674 4283 1761 4332; x_wconf 80' lang='grc' dir='ltr'>νῦν</span> <span class='ocrx_word' id='word_1_465' title='bbox 1798 4279 2042 4333; x_wconf 74' lang='lat' dir='ltr'>B²MS2a</span> <span class='ocrx_word' id='word_1_466' title='bbox 2079 4282 2194 4347; x_wconf 83' lang='lat' dir='ltr'>Sp.:</span> <span class='ocrx_word' id='word_1_467' title='bbox 2251 4280 2294 4331; x_wconf 82' lang='grc' dir='ltr'>εί</span> <span class='ocrx_word' id='word_1_468' title='bbox 2334 4281 2620 4333; x_wconf 84' lang='lat' dir='ltr'>VB¹S¹FL</span> <span class='ocrx_word' id='word_1_469' title='bbox 2871 4281 2932 4333; x_wconf 80' lang='lat'>12</span> <span class='ocrx_word' id='word_1_470' title='bbox 2989 4280 3116 4353; x_wconf 83' lang='grc' dir='ltr'>αὕτη</span> 
     </span>
     <span class='ocr_line' id='line_1_39' title="bbox 405 4363 3118 4440; baseline 0.001 -20"><span class='ocrx_word' id='word_1_471' title='bbox 405 4367 559 4439; x_wconf 71' lang='grc' dir='ltr'>ἀρετή</span> <span class='ocrx_word' id='word_1_472' title='bbox 587 4384 619 4417; x_wconf 77' lang='lat' dir='ltr'><strong>a</strong></span> <span class='ocrx_word' id='word_1_473' title='bbox 799 4363 863 4417; x_wconf 86' lang='lat'>13</span> <span class='ocrx_word' id='word_1_474' title='bbox 900 4363 1173 4434; x_wconf 80' lang='grc' dir='ltr'>συμμετρία</span> <span class='ocrx_word' id='word_1_475' title='bbox 1202 4368 1247 4415; x_wconf 88' lang='lat' dir='ltr'>V</span> <span class='ocrx_word' id='word_1_476' title='bbox 1451 4365 1516 4418; x_wconf 83' lang='lat'>15</span> <span class='ocrx_word' id='word_1_477' title='bbox 1552 4366 1605 4418; x_wconf 84' lang='grc' dir='ltr'>ἐν</span> <span class='ocrx_word' id='word_1_478' title='bbox 1640 4382 1739 4419; x_wconf 91' lang='lat' dir='ltr'>om.</span> <span class='ocrx_word' id='word_1_479' title='bbox 1776 4386 1809 4419; x_wconf 78' lang='lat' dir='ltr'><strong>a</strong></span> <span class='ocrx_word' id='word_1_480' title='bbox 2028 4368 2089 4420; x_wconf 91' lang='lat'>18</span> <span class='ocrx_word' id='word_1_481' title='bbox 2126 4366 2340 4419; x_wconf 75' lang='grc' dir='ltr'>ἐναντίαι</span> <span class='ocrx_word' id='word_1_482' title='bbox 2364 4384 2419 4418; x_wconf 76' lang='lat' dir='ltr'>a:</span> <span class='ocrx_word' id='word_1_483' title='bbox 2457 4367 2650 4419; x_wconf 78' lang='grc' dir='ltr'>ἐναντία</span> <span class='ocrx_word' id='word_1_484' title='bbox 2675 4370 2725 4416; x_wconf 89' lang='lat' dir='ltr'>V</span> <span class='ocrx_word' id='word_1_485' title='bbox 2907 4369 2968 4421; x_wconf 85' lang='lat'>19</span> <span class='ocrx_word' id='word_1_486' title='bbox 3006 4368 3118 4440; x_wconf 84' lang='grc' dir='ltr'>δεή-</span> 
     </span>
     <span class='ocr_line' id='line_1_40' title="bbox 406 4450 3120 4525; baseline 0 -18"><span class='ocrx_word' id='word_1_487' title='bbox 406 4470 479 4507; x_wconf 84' lang='grc' dir='ltr'>σει</span> <span class='ocrx_word' id='word_1_488' title='bbox 524 4474 556 4506; x_wconf 79' lang='lat' dir='ltr'><strong>a</strong></span> <span class='ocrx_word' id='word_1_489' title='bbox 592 4456 681 4521; x_wconf 89' lang='lat' dir='ltr'>Sp.</span> <span class='ocrx_word' id='word_1_490' title='bbox 902 4451 972 4505; x_wconf 71' lang='grc' dir='ltr'>’ΖΟ</span> <span class='ocrx_word' id='word_1_491' title='bbox 1024 4450 1083 4503; x_wconf 86' lang='grc' dir='ltr'>τὸ</span> <span class='ocrx_word' id='word_1_492' title='bbox 1122 4453 1289 4519; x_wconf 81' lang='grc' dir='ltr'>μέσως</span> <span class='ocrx_word' id='word_1_493' title='bbox 1326 4452 1609 4506; x_wconf 79' lang='lat' dir='ltr'>Schwartz:</span> <span class='ocrx_word' id='word_1_494' title='bbox 1649 4458 1721 4523; x_wconf 82' lang='grc' dir='ltr'>τῷ</span> <span class='ocrx_word' id='word_1_495' title='bbox 1762 4455 1900 4524; x_wconf 78' lang='grc' dir='ltr'>μέσῳ</span> <span class='ocrx_word' id='word_1_496' title='bbox 1938 4455 2057 4508; x_wconf 80' lang='lat' dir='ltr'>libri</span> <span class='ocrx_word' id='word_1_497' title='bbox 2095 4454 2217 4519; x_wconf 79' lang='grc' dir='ltr'>(&lt;οὒ&gt;</span> <span class='ocrx_word' id='word_1_498' title='bbox 2252 4460 2328 4506; x_wconf 86' lang='grc' dir='ltr'>τῶ</span> <span class='ocrx_word' id='word_1_499' title='bbox 2366 4454 2503 4523; x_wconf 80' lang='grc' dir='ltr'>μέσῳ</span> <span class='ocrx_word' id='word_1_500' title='bbox 2543 4454 2644 4519; x_wconf 86' lang='grc' dir='ltr'>(τὸ)</span> <span class='ocrx_word' id='word_1_501' title='bbox 2680 4454 2736 4506; x_wconf 79' lang='grc' dir='ltr'>εὖ</span> <span class='ocrx_word' id='word_1_502' title='bbox 2774 4474 2844 4523; x_wconf 81' lang='grc' dir='ltr'>μ.,</span> <span class='ocrx_word' id='word_1_503' title='bbox 2881 4453 3010 4508; x_wconf 84' lang='grc' dir='ltr'>ἀλλὰ</span> <span class='ocrx_word' id='word_1_504' title='bbox 3044 4458 3120 4525; x_wconf 75' lang='grc' dir='ltr'>τῷ</span> 
     </span>
     <span class='ocr_line' id='line_1_41' title="bbox 404 4537 3116 4615; baseline 0.001 -22"><span class='ocrx_word' id='word_1_505' title='bbox 404 4542 548 4612; x_wconf 76' lang='grc' dir='ltr'>ἄκρῳ</span> <span class='ocrx_word' id='word_1_506' title='bbox 586 4542 722 4595; x_wconf 82' lang='lat' dir='ltr'><strong>coni.</strong></span> <span class='ocrx_word' id='word_1_507' title='bbox 762 4542 875 4608; x_wconf 90' lang='lat' dir='ltr'>Sp.)</span> <span class='ocrx_word' id='word_1_508' title='bbox 1084 4540 1163 4609; x_wconf 72' lang='grc' dir='ltr'>τῷ</span> <span class='ocrx_word' id='word_1_509' title='bbox 1197 4539 1369 4609; x_wconf 84' lang='grc' dir='ltr'>ἄκρως</span> <span class='ocrx_word' id='word_1_510' title='bbox 1402 4540 1474 4592; x_wconf 78' lang='lat'>13²</span> <span class='ocrx_word' id='word_1_511' title='bbox 1510 4540 1681 4595; x_wconf 59' lang='lat' dir='ltr'>vien?</span> <span class='ocrx_word' id='word_1_512' title='bbox 1719 4543 1799 4594; x_wconf 84' lang='lat' dir='ltr'>M¹</span> <span class='ocrx_word' id='word_1_513' title='bbox 2023 4537 2162 4609; x_wconf 66' lang='grc' dir='ltr'>οὐδ’]</span> <span class='ocrx_word' id='word_1_514' title='bbox 2212 4538 2327 4593; x_wconf 70' lang='grc' dir='ltr'>ἀλλ’</span> <span class='ocrx_word' id='word_1_515' title='bbox 2367 4560 2398 4593; x_wconf 87' lang='lat' dir='ltr'><strong>a</strong></span> <span class='ocrx_word' id='word_1_516' title='bbox 2609 4542 2679 4611; x_wconf 84' lang='grc' dir='ltr'>μὴ</span> <span class='ocrx_word' id='word_1_517' title='bbox 2727 4541 2786 4611; x_wconf 86' lang='grc' dir='ltr'>δὴ</span> <span class='ocrx_word' id='word_1_518' title='bbox 2825 4561 2880 4593; x_wconf 80' lang='lat' dir='ltr'>a:</span> <span class='ocrx_word' id='word_1_519' title='bbox 2927 4544 3018 4610; x_wconf 88' lang='grc' dir='ltr'>μὲν</span> <span class='ocrx_word' id='word_1_520' title='bbox 3054 4544 3116 4615; x_wconf 79' lang='grc' dir='ltr'>δὴ</span> 
     </span>
     <span class='ocr_line' id='line_1_42' title="bbox 402 4626 3026 4701; baseline 0.001 -20"><span class='ocrx_word' id='word_1_521' title='bbox 402 4630 491 4697; x_wconf 87' lang='lat' dir='ltr'>Sp.</span> <span class='ocrx_word' id='word_1_522' title='bbox 672 4626 739 4679; x_wconf 78' lang='lat'>22</span> <span class='ocrx_word' id='word_1_523' title='bbox 774 4628 866 4685; x_wconf 80' lang='grc' dir='ltr'>τὰς</span> <span class='ocrx_word' id='word_1_524' title='bbox 902 4644 942 4680; x_wconf 82' lang='lat' dir='ltr'>s.</span> <span class='ocrx_word' id='word_1_525' title='bbox 973 4644 1019 4679; x_wconf 76' lang='lat' dir='ltr'>v,</span> <span class='ocrx_word' id='word_1_526' title='bbox 1052 4632 1100 4679; x_wconf 91' lang='lat' dir='ltr'>V</span> <span class='ocrx_word' id='word_1_527' title='bbox 1302 4628 1369 4681; x_wconf 85' lang='lat'>23</span> <span class='ocrx_word' id='word_1_528' title='bbox 1409 4630 1441 4681; x_wconf 79' lang='grc' dir='ltr'><strong>ἃ</strong></span> <span class='ocrx_word' id='word_1_529' title='bbox 1477 4632 1643 4697; x_wconf 76' lang='grc' dir='ltr'>μέσως</span> <span class='ocrx_word' id='word_1_530' title='bbox 1679 4648 1733 4681; x_wconf 79' lang='lat' dir='ltr'>a:</span> <span class='ocrx_word' id='word_1_531' title='bbox 1771 4630 1974 4698; x_wconf 83' lang='grc' dir='ltr'>ἀμέσως</span> <span class='ocrx_word' id='word_1_532' title='bbox 2009 4631 2158 4681; x_wconf 84' lang='lat' dir='ltr'>FLM</span> <span class='ocrx_word' id='word_1_533' title='bbox 2357 4628 2424 4681; x_wconf 81' lang='lat'>24</span> <span class='ocrx_word' id='word_1_534' title='bbox 2463 4628 2658 4701; x_wconf 82' lang='grc' dir='ltr'>ἄκρων]</span> <span class='ocrx_word' id='word_1_535' title='bbox 2697 4630 2851 4699; x_wconf 81' lang='grc' dir='ltr'>ἄκρον</span> <span class='ocrx_word' id='word_1_536' title='bbox 2878 4650 2908 4682; x_wconf 79' lang='grc' dir='ltr'>ιι</span> <span class='ocrx_word' id='word_1_537' title='bbox 2937 4633 3026 4697; x_wconf 88' lang='lat' dir='ltr'>Sp.</span> 
     </span>
     <span class='ocr_line' id='line_1_43' title="bbox 405 4714 3023 4786; baseline 0.001 -19"><span class='ocrx_word' id='word_1_538' title='bbox 405 4714 585 4785; x_wconf 80' lang='grc' dir='ltr'>ἄκρον]</span> <span class='ocrx_word' id='word_1_539' title='bbox 641 4714 817 4786; x_wconf 83' lang='grc' dir='ltr'>ἄκρων</span> <span class='ocrx_word' id='word_1_540' title='bbox 862 4715 937 4764; x_wconf 88' lang='lat' dir='ltr'>V¹</span> <span class='ocrx_word' id='word_1_541' title='bbox 984 4719 1133 4780; x_wconf 87' lang='lat' dir='ltr'>(corr.</span> <span class='ocrx_word' id='word_1_542' title='bbox 1185 4716 1275 4779; x_wconf 84' lang='lat' dir='ltr'>V²)</span> <span class='ocrx_word' id='word_1_543' title='bbox 1326 4734 1358 4767; x_wconf 80' lang='lat' dir='ltr'><strong>a</strong></span> <span class='ocrx_word' id='word_1_544' title='bbox 1582 4716 1648 4770; x_wconf 81' lang='lat'>26</span> <span class='ocrx_word' id='word_1_545' title='bbox 1703 4717 1882 4769; x_wconf 74' lang='grc' dir='ltr'>ταύτὸν</span> <span class='ocrx_word' id='word_1_546' title='bbox 1928 4718 2048 4770; x_wconf 78' lang='grc' dir='ltr'>εἶναι</span> <span class='ocrx_word' id='word_1_547' title='bbox 2085 4735 2116 4768; x_wconf 85' lang='lat' dir='ltr'><strong>a</strong></span> <span class='ocrx_word' id='word_1_548' title='bbox 2151 4719 2240 4784; x_wconf 90' lang='lat' dir='ltr'>Sp.</span> <span class='ocrx_word' id='word_1_549' title='bbox 2439 4717 2526 4769; x_wconf 81' lang='lat' dir='ltr'><strong>alt.</strong></span> <span class='ocrx_word' id='word_1_550' title='bbox 2567 4716 2690 4769; x_wconf 83' lang='grc' dir='ltr'>εἶναι</span> <span class='ocrx_word' id='word_1_551' title='bbox 2726 4732 2827 4769; x_wconf 89' lang='lat' dir='ltr'>om.</span> <span class='ocrx_word' id='word_1_552' title='bbox 2865 4736 2897 4769; x_wconf 75' lang='lat' dir='ltr'><strong>a</strong></span> <span class='ocrx_word' id='word_1_553' title='bbox 2932 4720 3023 4786; x_wconf 88' lang='lat' dir='ltr'>Sp.</span> 
     </span>
     <span class='ocr_line' id='line_1_44' title="bbox 403 4801 3002 4875; baseline 0.001 -21"><span class='ocrx_word' id='word_1_554' title='bbox 403 4802 465 4855; x_wconf 85' lang='lat'>31</span> <span class='ocrx_word' id='word_1_555' title='bbox 506 4801 680 4872; x_wconf 74' lang='grc' dir='ltr'>αὐτὸς]</span> <span class='ocrx_word' id='word_1_556' title='bbox 716 4810 819 4861; x_wconf 84' lang='grc' dir='ltr'>τοῖς</span> <span class='ocrx_word' id='word_1_557' title='bbox 847 4802 979 4856; x_wconf 67' lang='grc' dir='ltr'>ὃΨι</span> <span class='ocrx_word' id='word_1_558' title='bbox 1016 4802 1088 4860; x_wconf 80' lang='grc' dir='ltr'>οἷς</span> <span class='ocrx_word' id='word_1_559' title='bbox 1113 4802 1208 4857; x_wconf 75' lang='lat' dir='ltr'>S²a</span> <span class='ocrx_word' id='word_1_560' title='bbox 1387 4803 1471 4856; x_wconf 87' lang='lat'>31.</span> <span class='ocrx_word' id='word_1_561' title='bbox 1510 4802 1576 4855; x_wconf 78' lang='lat'>32</span> <span class='ocrx_word' id='word_1_562' title='bbox 1616 4805 1666 4855; x_wconf 85' lang='grc' dir='ltr'>ἐν</span> <span class='ocrx_word' id='word_1_563' title='bbox 1702 4808 1777 4872; x_wconf 77' lang='grc' dir='ltr'>τῷ</span> <span class='ocrx_word' id='word_1_564' title='bbox 1806 4802 1924 4875; x_wconf 85' lang='grc' dir='ltr'>Περὶ</span> <span class='ocrx_word' id='word_1_565' title='bbox 1961 4803 2264 4875; x_wconf 71' lang='grc' dir='ltr'>αἰσθήσεως]</span> <span class='ocrx_word' id='word_1_566' title='bbox 2305 4804 2378 4857; x_wconf 83' lang='lat' dir='ltr'>De</span> <span class='ocrx_word' id='word_1_567' title='bbox 2416 4820 2570 4856; x_wconf 81' lang='lat' dir='ltr'><strong>sensu</strong></span> <span class='ocrx_word' id='word_1_568' title='bbox 2619 4821 2661 4856; x_wconf 85' lang='lat' dir='ltr'>c.</span> <span class='ocrx_word' id='word_1_569' title='bbox 2689 4804 2739 4856; x_wconf 81' lang='lat'>4.</span> <span class='ocrx_word' id='word_1_570' title='bbox 2775 4806 2918 4857; x_wconf 81' lang='lat' dir='ltr'>441b</span> <span class='ocrx_word' id='word_1_571' title='bbox 2941 4807 3002 4857; x_wconf 82' lang='lat'>14</span> 
     </span>
    </p>

    <p class='ocr_par' dir='ltr' id='par_1_16' title="bbox 404 4887 1345 4959">
     <span class='ocr_line' id='line_1_45' title="bbox 404 4887 1345 4959; baseline 0.002 -17"><span class='ocrx_word' id='word_1_572' title='bbox 404 4889 471 4942; x_wconf 85' lang='lat'>34</span> <span class='ocrx_word' id='word_1_573' title='bbox 518 4887 633 4942; x_wconf 71' lang='grc' dir='ltr'>οὐδὲ</span> <span class='ocrx_word' id='word_1_574' title='bbox 669 4888 810 4943; x_wconf 73' lang='lat' dir='ltr'>V&#39;B:</span> <span class='ocrx_word' id='word_1_575' title='bbox 854 4888 997 4943; x_wconf 78' lang='grc' dir='ltr'>οὐδὲν</span> <span class='ocrx_word' id='word_1_576' title='bbox 1036 4890 1149 4943; x_wconf 75' lang='lat' dir='ltr'>v¹F</span> <span class='ocrx_word' id='word_1_577' title='bbox 1188 4908 1221 4943; x_wconf 83' lang='lat' dir='ltr'><strong>a</strong></span> <span class='ocrx_word' id='word_1_578' title='bbox 1255 4893 1345 4959; x_wconf 88' lang='lat' dir='ltr'>Sp.</span> 
     </span>
    </p>
   </div>
  </div>
 </body>
</html>
