3684 5567
507 238 591 304 34
1232 236 1689 295 ΑΛΕΞΑΝΔΡΟΥ
1728 238 2036 296 ΑῘΙΟΡΙΩΝ
2079 237 2200 295 ΚΑΙ
2239 238 2504 295 ΛΥΣΕΩΝ

610 414 825 497 χεσθαι
880 414 991 475 ὑπὸ
1046 418 1151 495 τῆς
1203 414 1652 497 κατενεχθείσης
1714 413 2168 496 ἀναθυμιάσεως
2225 412 2341 475 ἀπὸ
2395 418 2502 493 τῆς
2554 414 2813 495 κεφαλῆς
2865 409 2960 473 ἐπὶ
3024 410 3118 471 τὸν

612 516 855 599 θώρακα
909 517 975 577 τὸ
1028 516 1323 599 σύμφυτον
1378 517 1514 597 ἡμῖν
1570 513 1789 597 θερμόν
1847 514 1915 597 (ἡ
1971 515 2082 597 γὰρ
2127 515 2335 577 τούτου
2390 512 2598 576 αὐτόθι
2652 514 2908 595 συστολὴ
2964 510 3120 575 αἰτία
3147 528 3202 569 ιο

608 621 711 698 τῆς
742 618 941 700 ἀργίας
972 622 1094 685 ταῖς
1123 616 1516 699 αἰσθήσεσιν),
1562 618 1688 699 ἥτις
1731 617 1946 697 γίνεται
1991 617 2217 699 κατοχὴ
2266 620 2368 677 τοῦ
2417 617 2638 697 θερμοῦ
2685 617 2814 699 περὶ
2859 617 2955 677 τὸν
3005 614 3119 677 θώ-

610 741 785 799 ρακα,
842 719 955 787 ἕως
1000 718 1069 781 ἂν
1115 720 1152 800 ἡ
1200 718 1620 802 κατενεχθεῖσα
1676 718 2060 801 ἀναθυμίασις
2115 715 2261 780 οὖσα
2307 720 2528 801 παχεῖα
2573 716 2684 779 ὑπὸ
2729 720 2832 799 τῆς
2879 706 3118 801 κατεχο-

543 839 573 887 5
615 818 793 903 μένης
837 820 935 882 ὑπ’
990 820 1171 902 αὐτῆς
1216 820 1573 901 θερμότητος
1620 820 1839 902 ἀθρόας
1895 819 2104 882 αὐτόθι
2151 819 2610 900 συνεσταλμένης
2663 820 2867 902 πεφθῇ
2915 840 2976 880 τε
3023 820 3116 882 καὶ
3147 835 3198 876 ιε

608 924 992 985 λεπτυνθεῖσα
1036 923 1330 1005 διακριθῇ,
1392 920 1437 1003 †
1482 920 1604 983 κατ’
1664 922 1845 1003 αὐτὴν
1890 920 2038 983 κατὰ
2082 920 2251 1003 φύσιν
2298 922 2453 983 αἰτία
2497 926 2598 983 τοῦ
2647 921 2827 984 ὕπνου
2875 922 2969 983 καὶ
3013 925 3114 983 τοῦ

608 1024 669 1085 ἐν
714 1028 801 1108 τῷ
847 1030 1097 1109 χειμῶνι
1140 1027 1237 1087 καὶ
1279 1029 1380 1087 τοῦ
1426 1024 1487 1086 ἐν
1520 1028 1607 1108 τῷ
1658 1022 1817 1107 θέρει
1865 1022 2182 1106 γινομένου.
2251 1027 2354 1085 τοῦ
2401 1024 2505 1105 μὲν
2549 1029 2840 1107 χειμῶνος
2885 1029 2968 1107 τῷ
3004 1024 3114 1085 ὑπὸ

607 1132 708 1189 τοῦ
754 1127 1123 1210 περιέχοντος
1168 1128 1325 1207 ἡμᾶς
1364 1126 1535 1210 ἀέρος
1581 1124 1742 1193 ὄντος
1787 1128 2018 1209 ψυχροῦ
2049 1124 2445 1207 ἐπιψύχεσθαι
2489 1126 2592 1207 τὴν
2625 1126 2956 1208 ἐπιφάνειαν
3003 1125 3114 1208 οὐχ
3143 1142 3200 1183 ω

606 1229 819 1310 ὁμοίως
873 1230 939 1291 τὸ
994 1229 1291 1312 σύμφυτον
1356 1230 1494 1311 ἡμῖν
1552 1228 1769 1311 θερμὸν
1826 1227 1921 1289 ἐπ’
1978 1227 2158 1309 αὐτὴν
2221 1228 2446 1311 ἐπιρρεῖ
2500 1250 2562 1289 τε
2615 1229 2709 1289 καὶ
2767 1232 2958 1311 χεῖται
3011 1226 3105 1289 ἐπ’

502 1350 564 1397 10
600 1329 781 1413 αὐτῇ,
844 1330 965 1392 ἀλλ’
1020 1328 1173 1393 ἔστιν
1230 1328 1389 1393 ἔνδον
1446 1331 1577 1413 περὶ
1630 1330 1727 1391 τὸν
1790 1330 2035 1412 θώρακα
2096 1330 2192 1391 καὶ
2247 1330 2350 1411 τὴν
2411 1330 2644 1413 καρδίαν
2699 1333 2894 1391 πλεῖον
2951 1350 3113 1413 συνη·

600 1432 943 1516 θροισμένον
966 1432 1085 1513 (διὸ
1118 1433 1229 1495 ὑπὸ
1262 1436 1365 1513 τῆς
1396 1432 1870 1515 καταφερομένης
1902 1432 2357 1512 ἀναθυμιάσεως
2389 1430 2522 1494 οὔτε
2555 1432 2772 1513 ὁμοίως
2801 1436 3112 1514 κρατεῖται,
3139 1450 3194 1491 25

600 1535 889 1617 κρατηθέν
948 1558 1011 1597 τε
1064 1541 1149 1618 τῷ
1200 1536 1412 1617 πλήθει
1458 1532 1688 1618 ταχέως
1756 1532 1960 1595 πέσσει
2013 1556 2073 1595 τε
2127 1535 2225 1595 καὶ
2285 1534 2548 1595 λεπτύνει
2604 1536 2708 1616 τὴν
2753 1534 3112 1618 κατέχουσαν

601 1636 993 1719 ἀναθυμίασιν
1024 1636 1191 1699 αὐτό·
1242 1638 1329 1699 διὸ
1362 1634 1497 1698 οὔτε
1548 1634 1732 1719 ’ρᾴδιοι
1780 1637 1833 1697 οἱ
1881 1638 1982 1696 τοῦ
2013 1639 2308 1718 χειμῶνος
2355 1636 2519 1697 ὕπνοι
2549 1634 2681 1698 οὕτε
2711 1636 3115 1721 πολυχρόνιοι)

602 1742 705 1801 τοῦ
753 1740 817 1801 δὲ
862 1738 1070 1822 θέρους
1120 1741 1125 1819 1
1176 1740 1268 1801 διὰ
1316 1740 1419 1820 τὴν
1468 1744 1575 1821 τῆς
1618 1736 1956 1820 ἐπιφανείας
2003 1736 2297 1819 μανότητα
2351 1737 2452 1819 τὴν
2497 1738 2800 1821 γινομένην
2848 1740 2958 1801 ὑπὸ
3005 1745 3107 1821 τῆς
3145 1748 3216 1803 68

498 1861 559 1909 15
602 1842 663 1903 ἐν
709 1846 797 1925 τῷ
846 1841 1173 1924 περιέχοντι
1228 1841 1357 1923 ἀέρι
1412 1838 1771 1923 θερμότητος
1824 1841 1890 1899 τὸ
1947 1838 2247 1919 σύμφυτον
2303 1840 2442 1921 ἡμῖν
2497 1840 2714 1923 θερμὸν
2769 1844 2965 1903 πλεῖον
3011 1840 3101 1903 ἐπ’

598 1943 778 2027 αὐτὴν
832 1942 1152 2027 φερόμενον
1212 1944 1303 2003 καὶ
1361 1943 1769 2023 διαπνεόμενον
1826 1938 2066 2003 ἔλαττόν
2123 1941 2244 2002 ἐστι
2289 1940 2423 2022 περί
2461 1964 2523 2003 τε
2577 1943 2671 2005 τὸν
2720 1944 2963 2027 θώρακα
3009 1948 3104 2009 καὶ
3159 1962 3186 2003 τι

594 2047 701 2127 τὴν
762 2046 1027 2128 καρδίαν·
1094 2046 1181 2107 διὸ
1238 2044 1349 2106 ὑπὸ
1404 2048 1509 2126 τῆς
1566 2042 2042 2126 καταφερομένης
2099 2044 2550 2125 ἀναθυμιάσεως
2611 2045 2994 2127 κρατούμενόν
3051 2070 3112 2109 τε

592 2149 689 2211 καὶ
736 2145 1127 2230 κατεχόμενον
1188 2148 1429 2230 ῥαδίως,
1494 2143 1578 2207 ἔτι
1624 2168 1686 2207 τε
1737 2147 1817 2227 μὴ
1868 2145 2181 2225 δυνάμενον
2237 2146 2454 2226 ὁμοίως
2507 2144 2648 2209 αὐτὸ
2705 2148 3004 2230 διακρίνειν
3049 2173 3111 2211 τε

596 2251 691 2312 καὶ
737 2250 1031 2312 λεπτύνειν
1086 2247 1159 2311 δι’
1218 2249 1552 2339 ὀλιγότητα,
1608 2248 1703 2309 ἐπὶ
1758 2248 1996 2309 πλείονα
2048 2246 2261 2331 χρόνον
2317 2248 2702 2330 κρατούμενον
2759 2248 2855 2311 ὑπ’
2910 2250 3108 2325 αὐτοῦ,

491 2372 557 2419 20
594 2351 771 2415 αἴτιον
818 2352 1027 2433 γίνεται
1082 2348 1365 2412 πλειόνων
1418 2352 1558 2433 ἡμῖν
1604 2350 1798 2412 ὕπνων
1855 2354 1955 2412 τοῦ
2003 2348 2227 2431 θέρους.
2319 2348 2460 2418 ἴσως
2515 2351 2579 2412 δὲ
2623 2352 2718 2413 καὶ
2763 2354 2801 2434 ἡ
2855 2358 2970 2415 τῶν
3025 2378 3110 2416 νυ·
3139 2372 3192 2413 ιο

594 2460 747 2517 κτῶν
796 2454 1090 2537 βραχύτης
1134 2451 1445 2536 φαντασίαν
1492 2454 1630 2531 ἡμῖν
1678 2450 1916 2536 [πλείω]
1963 2453 2210 2537 παρέχει
2257 2458 2358 2515 τοῦ
2391 2454 2579 2515 δοκεῖν
2611 2458 2712 2515 τοῦ
2747 2454 2956 2537 θέρους
2999 2480 3110 2518 κοι·

514 2634 521 2643 Ι
592 2558 817 2639 μᾶσθαι
862 2556 1043 2617 πλείω
1090 2555 1184 2616 διὰ
1229 2555 1293 2616 τὸ
1339 2556 1434 2617 καὶ
1480 2560 1585 2636 τῆς
1629 2555 1854 2637 ἡμέρας
1901 2555 2312 2639 ἐπιλαμβάνειν
2358 2580 2430 2619 τι.
2519 2555 2614 2637 εἴη
2661 2554 2713 2618 δ’
2771 2556 2839 2619 ἂν
2883 2558 2980 2620 καὶ
3025 2557 3098 2620 δι’

593 2658 901 2722 ἀσθένειαν
961 2663 1073 2719 τῶν
1119 2657 1515 2739 αἰσθητηρίων
1561 2658 1666 2739 τὴν
1710 2656 2020 2741 γινομένην
2069 2658 2181 2720 ὑπὸ
2228 2662 2332 2741 τῆς
2376 2658 2764 2743 περιεχούσης
2807 2660 2962 2741 ἡμᾶς
3009 2665 3108 2723 τοῦ
3141 2679 3190 2720 15

591 2760 803 2844 θέρους
850 2759 1212 2842 θερμότητος
1258 2759 1471 2820 πλείων
1519 2760 1549 2820 ὁ
1594 2758 1767 2826 ὕπνος
1812 2758 2109 2839 γινόμενος
2153 2764 2254 2823 τοῦ
2301 2759 2532 2843 θέρους.
2603 2760 2922 2845 ξηροτέρων
2967 2786 3109 2845 γινο-

484 2880 547 2929 25
590 2864 779 2944 μένων
829 2863 941 2925 ὑπὸ
999 2868 1103 2943 τῆς
1158 2859 1373 2929 ἔξωθεν
1432 2861 1787 2943 θερμότητος
1832 2859 2055 2934 αὐτῶν,
2117 2866 2212 2925 καὶ
2269 2862 2364 2925 διὰ
2419 2866 2586 2924 τοῦτο
2643 2865 2724 2945 μὴ
2773 2866 3106 2947 δυναμένων

586 2965 851 3047 ἐνεργεῖν,
898 2966 935 3047 ἡ
986 2966 1068 3032 εἰς
1112 2964 1284 3026 ὕπνον
1330 2964 1539 3043 γίνεται
1586 2963 1888 3046 καταφορὰ
1933 2968 2033 3024 τοῦ
2083 2965 2141 3025 ἐν
2189 2964 2390 3032 αὐταῖς
2435 2962 2597 3032 ὄντος
2642 2966 2856 3028 οἰκείου
2901 2991 2964 3030 τε
3011 2971 3104 3031 καὶ
3131 2986 3190 3027 2⁰

585 3066 843 3150 ἐμφύτου
910 3068 1131 3149 θερμοῦ
1188 3066 1633 3133 ἐξασθενοῦντος
1696 3066 1835 3147 πρὸς
1901 3066 2007 3147 τὴν
2062 3065 2348 3149 ἐνέργειαν
2410 3071 2494 3150 τῷ
2552 3067 2663 3129 ὑπὸ
2729 3072 2832 3131 τοῦ
2883 3068 3101 3137 ἔξωθεν

590 3168 814 3250 θερμοῦ
860 3167 1128 3235 πλείονος
1174 3166 1335 3234 ὄντος
1366 3168 1726 3251 κρατεῖσθαι,
1772 3166 1804 3227 ὃ
1852 3168 1948 3229 καὶ
1998 3168 2064 3230 τὸ
2109 3172 2226 3230 τῶν
2273 3168 2503 3252 λύχνων
2549 3173 2678 3253 φῶς
2723 3170 2952 3255 ὁρῶμεν
2999 3176 3103 3237 πά-

586 3290 730 3354 σχον
778 3271 891 3333 ὑπὸ
938 3275 1039 3333 τοῦ
1087 3270 1281 3353 φωτὸς
1324 3274 1425 3331 τοῦ
1470 3274 1575 3352 τῆς
1621 3268 1861 3351 ἡμέρας.

476 3528 544 3575 3ο
583 3508 748 3572 XXI.
844 3505 955 3570 Ἐν
999 3509 1130 3570 τίνι
1170 3508 1559 3591 κατηγορίᾳ
1604 3508 1641 3589 ἡ
1691 3508 1981 3591 κίνησις.
3129 3532 3185 3574 25

755 3677 876 3761 Τὴν
924 3678 1141 3761 κίνησιν
1188 3677 1354 3746 εἴτις
1401 3678 1481 3760 μὴ
1516 3678 1909 3761 παραδέχοιτο
1956 3678 2015 3740 ἐν
2047 3682 2169 3747 τοῖς
2213 3685 2416 3749 ποσοῖς
2460 3686 2548 3765 τῷ
2594 3682 2656 3744 ἐν
2699 3683 2876 3767 (ταῖς)
2907 3683 3099 3771 Κατη·

580 3782 797 3865 γορίαις
852 3780 1032 3863 αὐτὴν
1080 3782 1139 3843 ἐν
1186 3786 1303 3849 τοῖς
1354 3778 1359 3865 Ι
1410 3784 1612 3847 ποσοῖς
1660 3781 1738 3861 μὴ
1800 3780 2062 3855 κεῖσθαι,
2116 3782 2326 3864 λέγοιτ’
2387 3782 2453 3845 ἂν
2501 3783 2645 3847 εἶναι
2693 3786 2836 3869 πρός
2879 3812 2951 3850 τι.
3043 3784 3093 3874 ᾦ
3133 3798 3204 3855 69

582 3884 646 3945 δέ
690 3906 795 3945 τινι
843 3881 991 3965 οὔσῃ
1040 3889 1112 3965 τῇ
1162 3886 1382 3969 κινήσει
1429 3883 1681 3965 ὑπάρχει
1729 3882 1793 3943 τὸ
1845 3880 1988 3965 πρός
2033 3906 2084 3944 τι
2131 3882 2298 3959 εἶναι,
2347 3884 2440 3967 εἴη
2489 3885 2558 3948 ἂν
2603 3888 2811 3957 πάθος.
2889 3890 2944 3953 εἰ
2985 3892 3094 3976 γὰρ

577 3987 642 4047 τὸ
689 3984 976 4049 κινεῖσθαι
1023 3987 1271 4069 πάσχειν
1318 3986 1374 4048 τί
1414 3986 1564 4057 ἐστι,
1610 3984 1837 4053 πάθους
1883 3986 1948 4047 δὲ
1993 3987 2283 4069 παρουσίᾳ
2329 3988 2393 4050 τὸ
2441 3989 2670 4073 πάσχον
2717 3992 2954 4077 πάσχει,
3000 3996 3095 4058 καὶ

478 4126 598 4133 ——-—-
1143 4126 1186 4131 ἡ
1199 4127 1216 4131 .-
1251 4124 1281 4131 ..-

471 4206 502 4259 3
540 4205 672 4277 ἥτις]
715 4226 729 4258 ι
766 4208 821 4260 in
862 4206 938 4258 lit.
978 4210 1025 4255 V
1240 4207 1440 4278 κατοχὴ
1480 4210 1602 4259 VL:
1642 4210 1847 4281 κατοχῇ
1883 4209 1938 4261 in
1980 4210 2054 4261 lit.
2095 4208 2190 4261 S²a
2227 4208 2314 4276 Sp.
2531 4211 2560 4261 6
2601 4208 2722 4264 κατ’
2761 4212 2921 4283 αὐτὴν
2963 4218 3204 4270 V¹FS¹L2

470 4296 557 4345 καὶ
603 4294 729 4363 αὒτὴ
774 4294 927 4345 WB:
988 4295 1071 4345 καὶ
1120 4292 1245 4363 αὕτη
1296 4294 1479 4347 B²s²a
1522 4295 1637 4363 Sp.:
1694 4294 1912 4348 fortasse
1969 4299 2054 4347 καὶ
2099 4296 2195 4364 <ἡ>
2241 4296 2372 4366 αὐτὴ
2422 4298 2454 4367 ἠ
2845 4300 2874 4352 7
2931 4301 3060 4354 ἀλλὰ
3113 4307 3205 4355 τοῦ

470 4380 636 4433 B²S²a
679 4380 769 4448 Sp.
982 4382 1059 4448 τῷ
1094 4380 1190 4433 ὑπὸ
1220 4380 1461 4433 V²BS²az
1498 4386 1588 4434 τοῦ
1615 4381 1711 4434 ὒπὸ
1740 4383 1994 4435 v¹GFs¹:
2036 4388 2124 4435 τοῦ
2163 4400 2228 4435 πο
2256 4388 2299 4435 L
2519 4384 2579 4437 12
2627 4386 2793 4439 πέσσει
2829 4406 2883 4440 τε
2923 4388 3070 4443 WB:
3119 4410 3204 4443 πε-

470 4474 625 4519 σεῖται
662 4468 962 4521 V¹GFS¹L2
1002 4467 1281 4519 ἐκπεσεῖται
1318 4468 1437 4519 8²21:
1476 4467 1766 4521 ἐκπέσσεται
1794 4470 1882 4535 Sp.
2095 4468 2328 4522 ὶεπτύνει
2367 4470 2523 4523 v²Ba
2559 4472 2673 4539 Sp.:
2729 4472 2960 4529 λεπτυνεῖ
2994 4478 3066 4531 V¹

474 4554 537 4607 13
594 4552 669 4607 διὸ
718 4554 857 4624 οὔτε]
917 4555 943 4607 ὁ
993 4554 1053 4607 οὔ
1099 4557 1157 4607 in
1204 4555 1283 4606 lit.
1332 4558 1377 4603 V
1722 4556 1783 4606 21
1844 4555 2002 4607 πλείω
2063 4559 2447 4626 circumscripsi
2785 4562 2852 4614 23
2906 4564 2938 4633 ἢ
2985 4564 3081 4619 ὑπὸ
3129 4568 3202 4619 V¹

470 4640 625 4709 (corr.
664 4641 757 4706 ν’)
974 4642 1041 4694 24
1090 4642 1182 4713 γὰρ
1220 4642 1496 4710 γινομένων
1536 4642 1701 4696 B²S²a
1739 4644 1827 4711 Sp.
2045 4644 2110 4695 26
2168 4654 2344 4698 αυταῖσ
2383 4648 2458 4699 sic
2497 4650 2544 4699 V
2761 4648 2826 4701 27
2863 4654 2942 4723 τῷ·
2979 4652 3202 4709 v²Bs²⁸

468 4728 585 4797 Sp.=
633 4728 691 4781 τὸ
730 4729 1006 4785 V¹GFS¹L
1244 4728 1307 4781 31
1348 4737 1457 4788 ταῖς
1494 4730 1611 4783 add.
1654 4730 1872 4785 v2sss2a
1909 4731 2000 4801 Sp.
2213 4734 2280 4785 34
2318 4734 2511 4795 πάθους
2547 4734 2600 4791 δὲ
2638 4736 2908 4811 παρουσίᾳ]
2947 4756 3040 4796 ουσ
3075 4740 3128 4797 ὀὶ
3164 4760 3203 4799 π

469 4818 524 4871 in
563 4816 641 4871 lit.
680 4819 729 4869 V
