3684 5567
490 2202 542 2266 D

494 2442 549 2505 Τ

414 2800 521 2867 a'v.

362 3302 555 3339 muthius

587 240 701 279 xxx
1754 236 2147 290 PRAEFATIO

764 408 1107 473 Putnnxcs
1136 408 1309 473 ‘JJ49
1338 408 1627 474 eontinet
1664 416 1811 492 post
1838 404 2176 473 Themistii
2217 405 2288 470 in
2317 405 2681 471 Aristotelis
2707 407 2810 471 De
2849 404 3066 469 anima
3107 401 3308 465 libros

590 526 1015 611 paraphrasin
1080 536 1283 593 totum
1352 526 1637 593 libellum
1690 529 1793 593 De
1859 526 2018 593 fato.
2125 532 2346 611 partes
2409 526 2816 591 contulerunt
2877 521 3170 588 Immiseh
3237 528 3308 586 et

590 648 789 713 lulius
832 645 1037 712 Koch.

760 768 1103 833 Pmsmcs
1146 766 1357 851 suppl.
1410 766 1561 831 292.
1646 766 1932 832 eontinet
1983 764 2136 831 inde
2187 784 2234 829 a
2285 764 2396 830 sol.
2429 766 2536 831 ‘19¹
2577 772 2782 830 totum
2825 762 3132 847 libellum,
3185 762 3306 827 sed

590 888 695 951 757
738 894 805 953 et
846 902 868 927 ·
916 886 1163 951 initium
1218 904 1419 969 nsque
1460 884 1549 951 ad
1600 884 1803 951 verba
1855 885 2232 971 ἀπαρέβατόν
2275 910 2404 951 τινα
2453 886 2678 971 (exel.)
2735 902 2858 964 „ex
2903 882 3138 949 Aldino
3193 881 3304 953 im-

590 1026 813 1091 presso
854 1005 1409 1091 transscriptum“,
1450 1012 1523 1070 ut
1562 1004 1631 1070 in
1660 1004 1956 1088 margine
1985 1004 2241 1087 legitur.
2331 1006 2618 1089 sequitur
2659 1007 2770 1072 80
2809 1006 2982 1071 idem
3025 1000 3194 1087 qnod
3235 999 3304 1065 in

586 1126 731 1191 eod.
770 1126 933 1193 1868
978 1126 1165 1209 inest,
1232 1124 1603 1209 praemissis
1660 1123 1765 1189 his
1806 1124 2024 1191 verbis
2073 1125 2466 1207 „Alexandri
2513 1124 3036 1211 Aphrodisiensis
3077 1124 3306 1207 (antea

588 1246 895 1331 scriptum
954 1252 1095 1311 erat
1146 1264 1262 1325 „ex
1306 1245 1711 1325 Iamblichi“)
1756 1252 2070 1311 tractatus
2113 1248 2244 1329 περὶ
2287 1250 2394 1309 τοῦ
2435 1244 2534 1332 ἐφ’
2591 1248 2730 1331 ἡμῖν
2781 1247 2882 1310 καὶ
2933 1242 3304 1329 εἱμαρμένης,

588 1366 689 1429 cui
734 1364 918 1431 deest
956 1364 1205 1431 initium
1248 1366 1315 1432 in
1361 1364 1689 1432 volumine
1730 1365 1860 1431 683
1903 1364 2338 1432 bibliothecae
2389 1367 2632 1451 regiae,
2683 1365 2774 1430 ibi
2819 1364 3046 1449 incipit
3086 1359 3304 1429 verbis

588 1484 965 1571 ἀπαςάβατὸν
994 1490 1175 1549 anf
1270 1484 1616 1550 concludes
1658 1504 1741 1549 ex
1774 1484 2068 1549 Parisino
2105 1484 2270 1551 1868
2311 1484 2706 1571 descriptum
2737 1504 2886 1551 esse
2917 1484 3124 1570 suppl.
3151 1482 3304 1547 292:

588 1614 653 1671 et
698 1612 1063 1671 removetur
1106 1606 1315 1669 omnis
1370 1602 1689 1669 dubitatio
1734 1624 1833 1687 eo,
1889 1602 2062 1686 quod
2113 1604 2180 1668 in
2237 1604 2378 1669 cod.
2425 1607 2590 1670 1868
2643 1606 2942 1687 leguntur
2999 1601 3304 1688 pristinae

588 1724 1085 1809 computationis
1126 1722 1399 1805 vestigia
1428 1723 1555 1787 683
1584 1729 1651 1788 et
1692 1724 1884 1788 2647.
1959 1722 2042 1787 de
2073 1722 2172 1787 his
2215 1723 2406 1789 rebus
2445 1726 2838 1791 edocuerunt
2877 1742 2980 1789 me
3011 1718 3302 1787 Immisch

588 1852 657 1909 et
702 1842 1003 1909 (Jorssen.
1092 1842 1347 1925 neglexi
1394 1841 1587 1925 igitur
1630 1842 1801 1907 hunc
1847 1842 2152 1909 codicem.

766 1962 1219 2045 Fragmentum
1274 1960 1551 2043 denique
1604 1962 1892 2028 continet
1943 1962 2165 2048 libelli,
2221 1962 2262 2027 i.
2307 1984 2366 2029 e.
2411 1962 2658 2029 initium
2715 1984 2916 2047 usqne
2967 1961 3056 2028 ad
3107 1958 3306 2025 verba

592 2084 739 2147 κατὰ
782 2084 951 2169 φύσιν
994 2083 1289 2166 (mh-28)

760 2203 1113 2267 vomitans
1158 2203 1243 2267 25
1286 2202 1735 2268 miscellaneae
1789 2200 1900 2267 fol.
1941 2201 2278 2268 149—163
2329 2202 2442 2287 (cf.
2487 2202 2628 2269 Cat.
2679 2201 2840 2269 Bibl.
2885 2202 3060 2286 publ.
3107 2200 3304 2285 Leyd.

592 2342 654 2405 p.
684 2324 868 2407 396).
956 2322 1195 2387 contuli
1244 2322 1405 2405 ipse.

766 2442 1125 2507 Bsuxsxsis
1168 2442 1295 2506 402
1342 2441 1791 2506 miscellaneus
1835 2439 1944 2505 fol.
1975 2442 2306 2507 127—137
2355 2442 2466 2525 (cf.
2499 2442 2729 2524 Hagen
2760 2442 3094 2524 catalogus
3123 2439 3308 2507 libro-

596 2582 731 2627 rum
782 2561 1197 2627 Bernensium
1242 2581 1305 2644 p.
1336 2560 1511 2643 365).
1602 2566 1852 2644 partem
1908 2560 2058 2626 olim
2117 2561 2388 2626 contulit
2433 2560 2762 2628 Usenerus
2805 2567 2870 2626 et
2915 2580 3158 2626 mecum
3203 2560 3308 2625 be-

590 2680 783 2765 nigne
828 2679 1340 2745 communicavit.

764 2800 1095 2867 Accedunt
1132 2798 1219 2865 ad
1260 2818 1491 2865 novem
1547 2798 1666 2864 hos
1709 2799 1906 2865 libros
1945 2802 2380 2867 TRINCAVELLI
2425 2801 2743 2867 editiones
2787 2799 2978 2884 dnae,
3017 2798 3310 2865 Amnum

592 2921 887 2987 officinae
930 2920 1105 3007 prior
1148 2918 1301 2985 anni
1354 2919 1515 2983 1534
1540 2920 1603 3005 ¹),
1646 2922 1858 2987 altera
1901 2922 2053 2987 anni
2088 2923 2257 2988 1536
2299 2920 2744 2988 Zanettianae.

766 3040 941 3105 Haec
984 3039 1201 3105 omnia
1246 3058 1375 3103 non
1420 3046 1767 3125 exstarent,
1812 3042 1936 3107 nisi
1984 3062 2144 3107 unus
2188 3043 2476 3109 Venetus
2520 3044 2647 3109 258
2686 3039 3032 3107 Alexandri
3078 3039 3310 3104 librum

590 3168 934 3227 servasset.
1020 3158 1195 3241 quod
1239 3165 1307 3224 ut
1337 3158 1806 3244 intellegamus,
1852 3181 1980 3225 non
2014 3181 2176 3245 opus
2207 3171 2304 3228 est
2331 3162 2692 3229 difficiliore
2729 3160 3306 3243 argumentatione.

598 3278 782 3345 testis
826 3284 927 3343 est
970 3278 1239 3361 primum
1293 3278 1539 3357 16628.
1565 3280 1649 3344 29
1694 3286 1760 3345 et
1806 3281 2058 3365 168,18,
2104 3281 2214 3347 ubi
2245 3282 2472 3348 Veneti
2505 3282 2772 3347 lacunas
2801 3302 2966 3345 unus
2995 3280 3310 3345 Eusnsms

589 3399 867 3483 supplet,
916 3396 1057 3463 libri
1105 3419 1327 3465 omnes
1370 3418 1579 3480 aeque
1623 3396 1823 3463 hiant.
1915 3399 2260 3466 Eusebium
2304 3408 2544 3476 autem,
2611 3400 2783 3484 quod
2824 3399 2892 3464 in
2939 3407 3310 3466 transcursu

590 3538 907 3601 moneam,
955 3516 1305 3583 dolendum
1348 3524 1469 3599 est,
1516 3537 1616 3601 ea,
1662 3536 1829 3599 quae
1863 3538 1944 3583 ex
1975 3518 2098 3584 hoc
2129 3520 2346 3586 libello
2377 3518 2719 3604 excerpsit,
2764 3538 2892 3584 non
2921 3519 3008 3585 ad
3038 3518 3308 3587 verbum

588 3636 1029 3721 descripsisse.
1118 3634 1461 3719 diligenter
1506 3642 1721 3701 tamen
1768 3638 1984 3702 omnia
2035 3658 2118 3703 ex
2151 3639 2607 3707 Gaisfordiana
2651 3639 2936 3705 editione
2980 3639 3309 3721 adnotavi,

590 3776 669 3823 ex
717 3754 948 3839 quibus
994 3754 1283 3821 videmus
1316 3774 1460 3821 eum
1494 3762 1665 3821 certe
1710 3754 1777 3820 in
1822 3756 2282 3839 posterioribus
2321 3760 2672 3827 Alexandri
2717 3760 2919 3825 verba
2964 3758 3164 3825 libere
3193 3758 3308 3823 im-

590 3882 894 3941 mutasse.
982 3874 1153 3957 quod
1196 3882 1411 3940 autem
1462 3874 1691 3958 167,24
1740 3881 1807 3940 et
1868 3876 2054 3960 168,6
2097 3898 2245 3943 cum
2297 3880 2577 3947 Eusebio
2631 3878 2704 3945 a'
2757 3886 2824 3945 et
2880 3877 3307 3945 recentiorum

592 3994 878 4061 nonnulli
928 4000 1102 4059 reete
1146 4000 1385 4079 καρφῶν
1432 4002 1497 4061 et
1542 3994 1747 4059 ἐνστὰν
1791 4015 1909 4077 pro
1953 4001 2194 4081 καρπῶν
2227 4006 2294 4064 et
2332 4000 2504 4064 ἐσταν
2533 3998 2762 4065 Veneti
2810 3997 3141 4083 praebent,
3185 3996 3310 4062 hoc

594 4122 745 4201 puto
780 4112 1149 4179 coniectura
1181 4110 1417 4179 factum
1455 4134 1615 4180 esse.
1706 4114 1823 4181 sed
1856 4114 2050 4182 redeo
2081 4117 2169 4182 ad
2202 4119 2616 4203 propositum.
2703 4116 3086 4199 ubicumque
3115 4114 3310 4199 igitur

588 4233 847 4317 gravius
870 4231 1121 4299 laborat
1141 4232 1367 4299 Veneti
1402 4240 1631 4317 textus,
1648 4240 1990 4317 aegrotare
2020 4236 2215 4302 etiam
2245 4238 2625 4322 apographa
2647 4244 3150 4305 consentaneum
3177 4242 3296 4319 est,

590 4352 669 4419 cf.
722 4352 904 4437 1653
966 4352 1193 4437 169,24
1240 4354 1469 4437 170‚25
1528 4353 1730 4438 177,1.
1761 4355 2100 4423 14.15.20
2157 4357 2403 4441 185,6.7
2459 4358 2643 4443 187,8
2687 4358 2872 4442 205‚1
2923 4356 3176 4441 212,10.
3206 4356 3308 4420 16.

588 4472 1093 4539 differentiarum
1135 4478 1372 4557 autem,
1418 4472 1679 4557 quaein
1725 4474 1821 4540 eis
1867 4476 2238 4561 obveniunt,
2285 4483 2542 4561 praeter
2587 4477 2748 4543 vitia
2789 4485 2855 4543 et
2897 4476 3304 4543 coniecturas

736 4764 773 4829 ¹)
826 4764 997 4814 Omnia
1041 4764 1297 4815 Themiset'i
1331 4780 1495 4829 opera.
1570 4764 1854 4815 Alexandri
1886 4765 2043 4830 ΛΡΜ.
2082 4767 2198 4817 libri
2229 4766 2323 4815 duo
2363 4766 2438 4816 De
2485 4768 2650 4817 anima
2689 4777 2733 4815 ee
2769 4765 2850 4815 De
2887 4768 3008 4829 sato
3046 4782 3168 4815 unus
3217 4764 3310 4814 Ve-

588 4852 727 4901 neriis
774 4850 901 4903 1534
940 4851 1189 4919 (seeundo
1230 4852 1351 4905 folio
1394 4852 1705 4905 Trincavelli
1742 4853 1968 4921 epistola
2007 4854 2074 4906 ad
2111 4852 2464 4907 contarenum
2503 4853 2735 4921 legitur).
