3684 5567
1329 263 1608 323 ΒῘΒΛΙΟΝ
1649 265 1927 324 ΠΡΩΤΟΝ
1967 267 2101 321 6-7
2988 266 3069 331 15

466 441 584 506 ἀλλ’
642 444 756 528 ἀὴρ
815 443 1006 520 μένει,
1063 440 1183 508 ἔστ’
1243 442 1310 506 ἂν
1365 445 1430 506 τὸ
1485 443 1655 526 ὑγρὸν
1710 439 1793 506 ἔτι
1848 443 2053 506 λεπτὸν
2104 437 2171 527 ᾖ.
2261 444 2297 526 ἡ
2354 443 2418 506 δὲ
2472 440 2619 504 κατὰ
2671 442 2736 504 τὸ
2792 427 2961 523 ὑγρὸν

464 546 778 630 μεταβολή,
825 546 930 609 οὐκ
972 545 1036 609 ὃν
1069 545 1248 615 ὅντως
1293 547 1578 609 εἰδοποιὸν
1611 549 1712 608 τοῦ
1743 545 1949 614 ῦὸατος
1995 550 2078 615 ὡς
2121 548 2184 609 τὸ
2216 544 2460 630 ψυχρόν,
2506 547 2570 607 τὸ
2606 545 2758 628 ὕδωρ
2806 543 2963 626 φθεί·
2990 557 3045 600 25

465 671 580 732 ρειν
634 651 821 724 δοκεῖ,
881 649 968 712 ὅτι
1023 651 1104 732 μὴ
1165 649 1336 732 μόνον
1393 650 1475 717 εἰς
1528 654 1635 732 γῆν
1693 650 1986 733 μεταβολὴ
2042 655 2125 734 τῷ
2183 650 2343 713 ὕδατι
2396 651 2604 729 γίνεται
2660 647 2805 710 κατὰ
2858 647 2960 730 τὴν

461 751 634 834 ὑγροῦ
680 753 1028 837 μεταβολήν,
1076 753 1227 816 ἀλλὰ
1273 754 1368 815 καὶ
1413 753 1499 820 εἰς
1538 751 1912 835 κρύσταλλον.
1980 752 2047 815 οὐ
2096 754 2210 836 μὴν
2256 751 2405 814 ἀλλὰ
2449 752 2546 815 καὶ
2588 751 2755 819 οὗτος
2800 751 2957 833 ὕδωρ

393 875 424 923 5
463 878 586 923 πως
632 853 640 941 Ι
689 854 791 919 ἔτι.
880 856 1165 936 ἀνάλογον
1208 855 1316 939 γὰρ
1362 859 1447 940 τῷ
1495 856 1656 918 ὕδατι
1701 861 1786 940 τῷ
1839 856 2041 940 θερμῷ
2092 857 2123 918 ὁ
2170 855 2537 938 κρύσταλλος.
2630 854 2810 938 ἄμφω
2852 853 2961 934 γὰρ
3000 859 3065 916 33

463 959 752 1028 πεπονθός
796 983 846 1022 τι
879 960 1034 1043 ὕδωρ
1079 961 1174 1023 καὶ
1223 959 1284 1022 ἐν
1331 960 1591 1044 μεθορίῳ
1637 961 1702 1022 τὸ
1751 961 1854 1042 μὲν
1888 959 2091 1028 ὕδατός
2136 983 2199 1022 τε
2242 959 2339 1022 καὶ
2385 958 2575 1044 ἀέρος,
2621 961 2685 1020 τὸ
2730 956 2780 1020 δ’
2826 957 2954 1019 552-

463 1061 556 1131 τός
601 1085 663 1126 τε
708 1063 804 1126 καὶ
847 1067 972 1146 γῆς.
1043 1059 1166 1126 ἔστι
1209 1065 1274 1126 δὲ
1317 1064 1414 1126 καὶ
1461 1064 1555 1125 ἐπὶ
1599 1067 1716 1124 τῶν
1761 1061 1955 1125 ἄλλων
2002 1063 2289 1141 σωμάτων
2336 1066 2451 1123 τῶν
2485 1061 2686 1122 ἁπλῶν
2730 1062 2833 1142 τὴν
2880 1059 2961 1126 εἰς
3014 1075 3043 1116 5

465 1165 534 1227 τὰ
589 1168 982 1250 παρακείμενα
1037 1165 1229 1234 αὐτοῖς
1287 1167 1612 1250 μεταβολὴν
1666 1165 1814 1228 κατὰ
1880 1167 1985 1248 τὴν
2046 1165 2294 1249 θατέρου
2350 1169 2465 1226 τῶν
2519 1163 2958 1226 εἰδοποιοὺντων

463 1267 609 1330 αὐτὰ
663 1270 989 1354 μεταβολὴν
1045 1270 1183 1332 ἰδεῖν
1238 1268 1517 1351 δεομένην
1572 1267 1810 1352 χρόνου.
1902 1268 1968 1330 οὐ
2013 1267 2122 1352 γὰρ
2176 1271 2257 1334 ὡς
2312 1269 2475 1330 δοκεῖ
2524 1266 2670 1330 κατὰ
2716 1266 2957 1349 θάτερον

364 1391 426 1438 10
461 1369 656 1440 αὐτοῖς
701 1373 739 1453 ἢ
788 1371 1081 1455 μεταβολὴ
1128 1369 1322 1453 μόνον,
1368 1369 1518 1433 ἀλλὰ
1564 1373 1659 1433 καὶ
1705 1369 1832 1433 κατ’
1874 1370 2075 1454 ἄμφω.
2145 1375 2233 1455 τῷ
2280 1371 2344 1432 δὲ
2374 1371 2479 1452 τὴν
2524 1371 2669 1432 κατὰ
2716 1370 2957 1452 θάτερον
2988 1385 3042 1428 ιο

465 1474 788 1557 μεταβολὴν
836 1474 918 1557 μὴ
963 1474 1048 1541 εἰς
1090 1473 1159 1535 τὸ
1201 1473 1451 1535 ἐναντίον
1495 1473 1784 1554 γίνεσθαι,
1842 1471 1963 1536 ἀλλ’
2020 1474 2057 1556 ἢ
2104 1474 2185 1542 εἰς
2230 1473 2421 1535 ἄνεσιν
2468 1473 2505 1554 ἢ
2553 1473 2807 1536 ἐπίτασιν
2852 1478 2957 1557 τῆς

461 1574 642 1660 αὐτῆς
688 1575 1008 1660 ποιότητος,
1062 1575 1210 1638 κατὰ
1255 1577 1358 1658 τὴν
1403 1575 1485 1644 εἰς
1527 1577 1594 1639 τὸ
1639 1575 1894 1638 ἐναντίον
1938 1580 2054 1638 τῶν
2100 1575 2161 1638 ἐν
2204 1575 2363 1659 αὐτῷ
2414 1576 2737 1661 μεταβολὴν
2785 1577 2958 1659 μόνον

464 1680 839 1764 μεταβάλλειν
886 1682 1061 1743 δοκεῖ.
1131 1677 1264 1742 οὔτε
1307 1681 1412 1762 γὰρ
1459 1679 1636 1746 εὐθὺς
1680 1684 1751 1762 γῆ
1799 1680 1866 1742 τὸ
1907 1683 2039 1762 πῦρ,
2090 1679 2190 1741 ἐὰν
2222 1679 2431 1763 ψυχθῇ
2476 1679 2599 1760 (δεῖ
2636 1679 2745 1763 γὰρ
2790 1680 2957 1742 ποιὰν

460 1780 728 1862 γενέσθαι
773 1783 876 1865 τὴν
924 1782 1232 1864 ξηρότητα·
1295 1782 1382 1844 διὸ
1427 1780 1560 1844 οὔτε
1607 1783 1823 1850 καπνὸς
1866 1780 1999 1843 οὔτε
2041 1779 2285 1850 αἴθαλος
2328 1781 2443 1865 ἤδη
2490 1781 2615 1865 γῆ),
2664 1781 2781 1846 ἀλλ’
2825 1779 2947 1844 οὐδ’
2988 1797 3041 1840 15

363 1904 422 1952 15
459 1881 530 1946 ἂν
577 1886 660 1954 εἰς
703 1886 872 1967 ὑγρὸν
920 1887 1218 1968 μεταβάλῃ
1265 1887 1330 1947 τὸ
1376 1889 1489 1969 πῦρ
1535 1883 1737 1967 μόνον,
1793 1886 1911 1968 ἀὴρ
1955 1884 2101 1970 ἤδη·
2166 1885 2259 1947 δεῖ
2296 1885 2405 1968 γὰρ
2450 1885 2603 1948 οὕτω
2648 1887 2743 1948 καὶ
2791 1890 2959 1953 ποιᾶς

462 1987 840 2073 θερμότητος.
907 1989 994 2051 διὸ
1041 1987 1102 2050 ἐν
1151 1988 1409 2072 μεθορίῳ
1455 1989 1562 2051 τινὶ
1607 1994 1836 2073 πρῶτον
1867 1989 2100 2070 γίνεται.
2168 1988 2199 2050 ὁ
2247 1987 2299 2050 δ’
2340 1987 2513 2056 αὐτὸς
2558 1990 2653 2051 καὶ
2700 1990 2793 2052 ἐπὶ
2841 1995 2955 2052 τῶν

459 2091 653 2156 ἄλλων
710 2091 896 2174 λόγος.
984 2095 1088 2155 τοῦ
1135 2092 1198 2154 δὲ
1254 2093 1459 2160 ὕδατος
1511 2091 1664 2160 εἷόος
1716 2092 1828 2177 οὐχ
1876 2093 2078 2161 ἁπλῶς
2130 2093 2195 2154 τὸ
2240 2091 2492 2176 ψυχρόν,
2554 2094 2604 2155 εἰ
2658 2095 2753 2155 καὶ
2810 2091 2957 2156 κατὰ
2983 2108 3041 2151 2⁰

461 2199 634 2258 τοῦτο
679 2197 928 2276 μᾶλλον,
991 2194 1143 2258 ἀλλὰ
1197 2196 1262 2257 τὸ
1306 2196 1528 2280 ψυχρὸν
1587 2196 1734 2277 μετὰ
1787 2199 1890 2258 τοῦ
1945 2197 2137 2280 ὑγροῦ.
2228 2193 2348 2259 ἔστ’
2402 2195 2471 2259 ἂν
2517 2193 2615 2258 οὖν
2662 2199 2956 2269 σώζεσθαι

462 2299 698 2382 δύνηται
741 2301 808 2362 τὸ
841 2299 1032 2381 ὑγρόν,
1079 2296 1240 2368 ὄντος
1283 2299 1344 2362 ἐν
1377 2298 1541 2384 αὐτῷ
1585 2303 1686 2362 τοῦ
1718 2303 1969 2384 ψυχροῦ,
2014 2299 2167 2368 εἶδος
2210 2301 2277 2361 τὸ
2307 2300 2531 2382 ψυχρὸν
2574 2302 2675 2362 τοῦ
2722 2299 2954 2367 ὕδατος·

353 2421 420 2468 20
458 2401 524 2463 τὸ
575 2403 640 2464 δὲ
670 2401 986 2485 φθαρτικὸν
1030 2405 1133 2464 τοῦ
1181 2402 1354 2484 ὑγροῦ
1399 2404 1622 2486 ψυχρὸν
1668 2402 1775 2465 οὐκ
1819 2401 1903 2466 ἔτι
1950 2402 2071 2466 οἷόν
2116 2425 2177 2464 τε
2209 2403 2415 2471 ῦῦατος
2456 2402 2609 2471 εἶδος
2651 2401 2816 2466 εἶναι.
2894 2403 2957 2466 τὸ
2984 2419 3039 2462 2⁵

459 2509 686 2568 τοιοῦτο
733 2505 804 2588 δὴ
852 2506 1078 2588 ψυχρὸν
1123 2503 1277 2573 εἶδος
1320 2505 1528 2578 αὐτοῦ,
1574 2505 1640 2568 οὔ
1688 2507 1725 2587 ἡ
1773 2507 2027 2574 ἐπίδοσις
2072 2505 2178 2568 οὐκ
2222 2503 2371 2569 ἔστιν
2420 2507 2624 2573 ῦὸατος
2665 2506 2954 2569 τουτέστιν

461 2605 773 2691 ὑγρότητος
815 2607 1128 2691 φθαρτική.
1180 2611 1186 2688 Ι

459 2920 596 2984 VII.
687 2918 842 2989 Πῶς
908 2921 1029 2984 οὐκ
1093 2921 1368 2985 ἐναντία
1431 2920 1508 2986 τό
1573 2946 1646 2986 τε
1717 2923 1888 3008 μέγα
1954 2927 2065 2989 καὶ
2118 2925 2192 2990 τὸ
2262 2925 2538 3008 μικρόν,
2602 2925 2674 2989 εἴ
2728 2949 2805 3009 γε
2856 2926 2956 2995 εἰς
2994 2931 3064 2989 34

455 3022 734 3086 ἐναντία
792 3024 914 3104 μὲν
969 3026 1007 3107 ἡ
1070 3026 1446 3110 μεταβολή,
1513 3028 1589 3090 τὸ
1644 3027 1694 3091 δ’
1763 3027 2148 3110 αὐξόμενον
2202 3032 2313 3092 καὶ
2376 3031 2793 3112 μειούμενον
2860 3031 2959 3098 εἰς

351 3145 416 3194 25
1343 3133 1558 3193 ταῦτα
1618 3131 2067 3218 μεταβάλλει.

623 3311 695 3377 Εἰ
738 3321 858 3383 τοῖς
902 3316 1260 3399 κινουμένοις
1307 3322 1478 3382 πᾶσιν
1525 3319 1586 3388 ἐξ
1617 3320 1873 3382 ἐναντίου
1918 3319 2001 3388 εἰς
2044 3321 2294 3384 ἐναντίον
2342 3323 2378 3405 ἠ
2413 3322 2728 3407 μεταβολή,
2774 3321 2845 3385 τὰ
2890 3318 2941 3384 δ’
3006 3337 3035 3380 5

453 3417 742 3500 αὐξόμενα
787 3420 883 3482 καὶ
937 3419 1252 3504 μειούμενα
1297 3427 1560 3498 κινεῖται,
1621 3421 1713 3507 εἴη
1771 3422 1840 3486 ἄν
1896 3425 1988 3486 καὶ
2036 3423 2253 3494 τούτοις
2307 3425 2367 3493 ἐξ
2409 3425 2681 3488 ἐναντίων
2742 3427 2823 3496 εἰς
2870 3427 2953 3488 ἐν·

453 3521 618 3582 αντία
663 3523 700 3603 ἡ
750 3522 1062 3606 μεταβολή.
1151 3523 1398 3605 γίγνεται
1443 3524 1494 3588 δ’
1535 3524 1731 3595 αὐτοῖς
1775 3551 1814 3610 η
1864 3527 2157 3612 μεταβολὴ
2204 3529 2285 3596 εἰς
2330 3527 2577 3610 μέγεθος
2621 3531 2717 3592 καὶ
2766 3527 2956 3614 μικρό-

455 3645 625 3706 τητα·
672 3627 757 3709 τῷ
809 3625 912 3706 μὲν
956 3624 1063 3708 γὰρ
1095 3625 1394 3711 αὐξομένῳ
1441 3629 1524 3697 εἰς
1571 3629 1820 3712 μέγεθος
1864 3631 1901 3712 ἡ
1948 3629 2221 3707 ἐπίδοσις,
2270 3635 2352 3715 τῷ
2400 3632 2464 3694 δὲ
2496 3631 2823 3717 μειουμένῳ
2870 3633 2951 3701 εἰς
2981 3649 3035 3691 ιο

350 3743 418 3792 30
457 3725 770 3810 μικρότητα
816 3730 855 3811 ἡ
889 3730 1161 3813 συστολή.
1232 3731 1479 3794 ἐναντίον
1511 3731 1678 3816 <ἅρα>
1706 3733 1772 3796 τὸ
1806 3733 1955 3816 μέγα
2002 3735 2098 3796 καὶ
2130 3735 2193 3797 τὸ
2228 3734 2447 3818 μικρόν.
2516 3734 2636 3798 ἀλλ’
2680 3735 2747 3798 οὐ
2778 3737 2957 3811 δοκεῖ,

455 3832 540 3898 ὡς
583 3829 676 3892 διὰ
731 3829 1011 3894 πλειόνων
1050 3831 1455 3918 Ἀριστοτέλης
1510 3835 1570 3897 ἐν
1617 3833 2005 3921 Κατηγορίαις
2057 3835 2285 3907 ἔδειξεν.
2374 3837 2411 3921 ἢ
2460 3839 2573 3925 οὐχ
2630 3841 2830 3908 ἁπλῶς
2875 3840 2957 3908 εἰς

459 3931 706 4014 μέγεθος
757 3935 852 3996 καὶ
899 3935 1214 4020 μικρότητα
1257 3937 1352 4022 <η>
1406 3939 1700 4023 μεταβολὴ
1753 3943 1873 4008 τοῖς
1927 3938 2261 4022 αὐξομένοις
2315 3963 2377 4004 τε
2432 3943 2524 4005 καὶ
2574 3942 2953 4025 μειουμένοις,
2985 3961 3037 4002 ιε

356 4193 378 4243 1
409 4191 626 4245 fortasse
650 4193 684 4263 ἡ
709 4192 762 4245 δὲ
779 4199 891 4259 (τοῦ
917 4193 1118 4260 ὕδατος)
1261 4197 1290 4249 2
1319 4197 1502 4267 ὄντως]
1528 4199 1748 4253 fortasse
1772 4195 1936 4257 οὕτως
2078 4199 2110 4252 4
2135 4203 2269 4263 (τοῦ)
2293 4199 2446 4272 ὑγροῦ
2475 4201 2617 4254 Diels
2758 4203 2790 4256 5
2816 4209 2929 4256 πῶσ
2944 4209 2993 4256 V

352 4277 682 4352 κρύσταλλος]
722 4300 754 4333 κ
791 4283 846 4334 in
875 4282 948 4335 lit.
970 4287 1018 4334 V
1171 4285 1201 4336 6
1240 4285 1488 4344 πεπονθός
1515 4285 1586 4355 τι]
1627 4285 1680 4344 ός
1715 4303 1764 4338 τι
1800 4287 1858 4339 in
1895 4287 1971 4339 lit.
1994 4290 2041 4336 V
2188 4288 2252 4339 14
2288 4287 2404 4339 οὔτε
2429 4285 2637 4346 αἴθαλος
2670 4289 2767 4361 ἤδη
2794 4291 2926 4344 Vict.
2947 4292 3062 4360 Sp.:

353 4366 464 4419 οὔτε
491 4367 650 4420 θάλοσ
685 4366 782 4439 ἤδη
804 4370 899 4420 V¹:
937 4368 1052 4423 οὔτε
1090 4369 1274 4442 αἰθάλη
1312 4373 1409 4442 ἤδη
1435 4373 1583 4426 WB:
1622 4373 1738 4426 οὔτε
1764 4372 1915 4431 δαλὸς
1950 4372 2049 4445 ἤδη
2074 4377 2145 4427 G:
2184 4373 2243 4426 οὐ
2280 4371 2435 4434 θαλὸς
2470 4376 2569 4450 ἤδη
2607 4380 2673 4429 Ft
2711 4375 2928 4436 οὖθαλος
2962 4379 3060 4450 ἤδη

353 4455 466 4507 SLa
625 4461 688 4525 γῆ
729 4471 829 4508 om.
867 4457 1026 4511 FSLa
1202 4461 1262 4512 15
1302 4461 1456 4528 μόνον
1492 4461 1845 4516 V¹GFSB²a2
1886 4461 2034 4530 μένον
2070 4461 2267 4515 13¹?v²
2447 4465 2506 4516 17
2548 4469 2634 4516 τοῦ
2673 4465 2725 4518 δὲ
2764 4465 2885 4518 v²B
2926 4467 3060 4519 Vict.

353 4542 461 4609 Sp.:
499 4548 590 4596 τοῦ
615 4544 904 4597 v¹GVSLa
1051 4547 1112 4598 19
1151 4547 1277 4605 εἶδος
1309 4547 1480 4603 V²BG
1503 4549 1637 4601 Vict.
1665 4549 1778 4616 Sp.:
1817 4548 1980 4605 εἴδους
2002 4549 2241 4602 v¹FSLa
2383 4549 2452 4604 20
2487 4551 2679 4623 ψυχρὸν
2707 4567 2806 4604 om.
2833 4571 2865 4605 a
2900 4553 2990 4622 Sp.

355 4628 440 4680 ait.
477 4629 559 4697 τὸ]
597 4629 655 4682 τὸ
704 4630 898 4704 ψυχρόν
935 4651 967 4684 a
1004 4633 1092 4701 Sp.
1303 4635 1370 4687 22
1408 4637 1683 4708 ὑγρότητος
1719 4635 1844 4688 v²B
1888 4637 2023 4688 vict.
2060 4636 2173 4704 Sp.:
2213 4637 2424 4708 ὑγρότης
2466 4639 2705 4692 V¹FSLa
2871 4639 2938 4692 28
2976 4661 3061 4710 με·

353 4715 564 4788 ταβολή]
610 4717 818 4788 μιταΙλή
859 4720 930 4770 V¹
975 4721 1125 4786 (corr.
1164 4721 1258 4788 V')
1461 4724 1527 4776 :29
1563 4724 1651 4776 alt.
1691 4721 1791 4791 τῷ]
1829 4729 1919 4775 τοῦ
1957 4741 1989 4775 a
2178 4726 2483 4795 μειουμένῳ]
2522 4727 2819 4794 μειουμένου
2858 4745 2890 4780 a

355 4803 420 4854 30
461 4805 554 4875 ἄρα
603 4807 720 4858 add.
768 4809 953 4861 B²s²a
1165 4809 1222 4861 31
1279 4807 1617 4881 Ἀριστοτέλης
1673 4811 1724 4861 ἐν
1772 4806 2129 4882 Κατηγορίαις]
2198 4812 2307 4865 Cat.
2346 4813 2393 4864 6.
2432 4813 2589 4865 4b20
2808 4813 2867 4884 ἢ]
2918 4815 2950 4886 ἡ
2992 4818 3061 4867 V²

357 4894 502 4957 (corr.
547 4895 632 4958 W)
846 4895 912 4947 32
951 4897 983 4967 ἡ
1023 4899 1164 4949 WB:
1205 4913 1302 4950 om.
1347 4899 1626 4953 v¹GFSLa
