<?xml version="1.0" encoding="UTF-8"?>
<!DOCTYPE html PUBLIC "-//W3C//DTD XHTML 1.0 Transitional//EN"
    "http://www.w3.org/TR/xhtml1/DTD/xhtml1-transitional.dtd">
<html xmlns="http://www.w3.org/1999/xhtml" xml:lang="en" lang="en">
 <head>
  <title>
</title>
<meta http-equiv="Content-Type" content="text/html;charset=utf-8" />
  <meta name='ocr-system' content='tesseract 3.04.00' />
  <meta name='ocr-capabilities' content='ocr_page ocr_carea ocr_par ocr_line ocrx_word'/>
</head>
<body>
  <div class='ocr_page' id='page_1' title='image "./supplementumari00wissgoog_0301.png"; bbox 0 0 3684 5567; ppageno 0'>
   <div class='ocr_carea' id='block_1_1' title="bbox 1155 251 3119 328">
    <p class='ocr_par' dir='ltr' id='par_1_1' title="bbox 1155 251 3119 328">
     <span class='ocr_line' id='line_1_1' title="bbox 1155 251 3119 328; baseline 0.011 -21"><span class='ocrx_word' id='word_1_1' title='bbox 1155 251 1314 308; x_wconf 86' lang='grc' dir='ltr'>ΠΕΡΙ</span> <span class='ocrx_word' id='word_1_2' title='bbox 1353 251 1670 312; x_wconf 80' lang='grc' dir='ltr'>ΚΡΑΣΕΩΣ</span> <span class='ocrx_word' id='word_1_3' title='bbox 1707 254 1828 314; x_wconf 83' lang='grc' dir='ltr'>ΚΑΙ</span> <span class='ocrx_word' id='word_1_4' title='bbox 1868 256 2219 314; x_wconf 82' lang='grc' dir='ltr'>ΑΥΞΗΣΕΩΣ</span> <span class='ocrx_word' id='word_1_5' title='bbox 2260 261 2395 314; x_wconf 83' lang='grc'>6-8</span> <span class='ocrx_word' id='word_1_6' title='bbox 3001 266 3119 328; x_wconf 76' lang='grc'>221</span> 
     </span>
    </p>
   </div>
   <div class='ocr_carea' id='block_1_2' title="bbox 246 415 3117 4117">
    <p class='ocr_par' dir='ltr' id='par_1_2' title="bbox 526 415 3117 826">
     <span class='ocr_line' id='line_1_2' title="bbox 527 415 3014 520; baseline 0.006 -37"><span class='ocrx_word' id='word_1_7' title='bbox 527 421 600 484; x_wconf 81' lang='grc' dir='ltr'>τὰ</span> <span class='ocrx_word' id='word_1_8' title='bbox 639 415 967 506; x_wconf 80' lang='grc' dir='ltr'>κεκραμένα</span> <span class='ocrx_word' id='word_1_9' title='bbox 1013 425 1282 508; x_wconf 83' lang='grc' dir='ltr'>μέμικται</span> <span class='ocrx_word' id='word_1_10' title='bbox 1325 431 1420 493; x_wconf 86' lang='grc' dir='ltr'>καὶ</span> <span class='ocrx_word' id='word_1_11' title='bbox 1465 431 1546 514; x_wconf 88' lang='grc' dir='ltr'>μὴ</span> <span class='ocrx_word' id='word_1_12' title='bbox 1595 431 1790 515; x_wconf 80' lang='grc' dir='ltr'>ἕτερον</span> <span class='ocrx_word' id='word_1_13' title='bbox 1858 431 2049 496; x_wconf 81' lang='grc' dir='ltr'>αὐτῶν</span> <span class='ocrx_word' id='word_1_14' title='bbox 2102 434 2164 497; x_wconf 86' lang='grc' dir='ltr'>ἐν</span> <span class='ocrx_word' id='word_1_15' title='bbox 2208 439 2294 520; x_wconf 79' lang='grc' dir='ltr'>τῷ</span> <span class='ocrx_word' id='word_1_16' title='bbox 2342 435 2577 518; x_wconf 73' lang='grc' dir='ltr'>μίγματι</span> <span class='ocrx_word' id='word_1_17' title='bbox 2621 433 2863 518; x_wconf 78' lang='grc' dir='ltr'>ἄμικτον</span> <span class='ocrx_word' id='word_1_18' title='bbox 2908 434 3014 498; x_wconf 90' lang='grc' dir='ltr'>θα-</span> 
     </span>
     <span class='ocr_line' id='line_1_3' title="bbox 527 523 3015 622; baseline 0.006 -36"><span class='ocrx_word' id='word_1_19' title='bbox 527 523 696 608; x_wconf 88' lang='grc' dir='ltr'>τέρου</span> <span class='ocrx_word' id='word_1_20' title='bbox 743 527 942 610; x_wconf 89' lang='grc' dir='ltr'>μόριον</span> <span class='ocrx_word' id='word_1_21' title='bbox 985 526 1136 614; x_wconf 85' lang='grc' dir='ltr'>ἔχει,</span> <span class='ocrx_word' id='word_1_22' title='bbox 1203 531 1481 596; x_wconf 87' lang='grc' dir='ltr'>ἀδύνατον</span> <span class='ocrx_word' id='word_1_23' title='bbox 1546 532 1740 596; x_wconf 85' lang='grc' dir='ltr'>αὐτῶν</span> <span class='ocrx_word' id='word_1_24' title='bbox 1807 536 2077 619; x_wconf 76' lang='grc' dir='ltr'>ἑκάτερον</span> <span class='ocrx_word' id='word_1_25' title='bbox 2146 537 2257 600; x_wconf 82' lang='grc' dir='ltr'>ὑπὸ</span> <span class='ocrx_word' id='word_1_26' title='bbox 2304 538 2447 606; x_wconf 85' lang='grc' dir='ltr'>ἰδίας</span> <span class='ocrx_word' id='word_1_27' title='bbox 2490 537 2821 622; x_wconf 84' lang='grc' dir='ltr'>ἐπιφανείας</span> <span class='ocrx_word' id='word_1_28' title='bbox 2864 561 3015 621; x_wconf 89' lang='grc' dir='ltr'>περι-</span> 
     </span>
     <span class='ocr_line' id='line_1_4' title="bbox 527 625 3096 726; baseline 0.005 -38"><span class='ocrx_word' id='word_1_29' title='bbox 527 625 801 712; x_wconf 82' lang='grc' dir='ltr'>έχεσθαι·</span> <span class='ocrx_word' id='word_1_30' title='bbox 849 635 961 694; x_wconf 81' lang='grc' dir='ltr'>πᾶν</span> <span class='ocrx_word' id='word_1_31' title='bbox 1004 633 1111 717; x_wconf 81' lang='grc' dir='ltr'>γὰρ</span> <span class='ocrx_word' id='word_1_32' title='bbox 1156 633 1353 718; x_wconf 86' lang='grc' dir='ltr'>μόριον</span> <span class='ocrx_word' id='word_1_33' title='bbox 1398 634 1610 710; x_wconf 83' lang='grc' dir='ltr'>αὐτῶν,</span> <span class='ocrx_word' id='word_1_34' title='bbox 1678 637 1742 699; x_wconf 87' lang='grc' dir='ltr'>τὸ</span> <span class='ocrx_word' id='word_1_35' title='bbox 1789 637 1900 698; x_wconf 86' lang='grc' dir='ltr'>ὑπὸ</span> <span class='ocrx_word' id='word_1_36' title='bbox 1946 639 2158 706; x_wconf 81' lang='grc' dir='ltr'>οἰκείας</span> <span class='ocrx_word' id='word_1_37' title='bbox 2202 640 2533 724; x_wconf 75' lang='grc' dir='ltr'>ἐπιφανείας</span> <span class='ocrx_word' id='word_1_38' title='bbox 2578 639 3015 726; x_wconf 87' lang='grc' dir='ltr'>περιεχόμενον,</span> <span class='ocrx_word' id='word_1_39' title='bbox 3039 655 3096 697; x_wconf 75' lang='lat'>⁸⁰</span> 
     </span>
     <span class='ocr_line' id='line_1_5' title="bbox 526 727 3117 826; baseline 0.004 -33"><span class='ocrx_word' id='word_1_40' title='bbox 526 727 766 814; x_wconf 80' lang='grc' dir='ltr'>ἄμικτον</span> <span class='ocrx_word' id='word_1_41' title='bbox 811 730 972 797; x_wconf 82' lang='grc' dir='ltr'>ἔσται</span> <span class='ocrx_word' id='word_1_42' title='bbox 1016 735 1287 820; x_wconf 80' lang='grc' dir='ltr'>θατέρου.</span> <span class='ocrx_word' id='word_1_43' title='bbox 1325 735 1332 820; x_wconf 92' lang='grc' dir='ltr'>Ι</span> <span class='ocrx_word' id='word_1_44' title='bbox 1369 736 1437 800; x_wconf 82' lang='grc' dir='ltr'>οὐ</span> <span class='ocrx_word' id='word_1_45' title='bbox 1482 738 1590 824; x_wconf 82' lang='grc' dir='ltr'>γὰρ</span> <span class='ocrx_word' id='word_1_46' title='bbox 1637 738 1758 802; x_wconf 85' lang='grc' dir='ltr'>οἷόν</span> <span class='ocrx_word' id='word_1_47' title='bbox 1803 764 1867 802; x_wconf 87' lang='grc' dir='ltr'>τε</span> <span class='ocrx_word' id='word_1_48' title='bbox 1911 743 2016 824; x_wconf 83' lang='grc' dir='ltr'>τὴν</span> <span class='ocrx_word' id='word_1_49' title='bbox 2062 745 2163 805; x_wconf 79' lang='grc' dir='ltr'>τοῦ</span> <span class='ocrx_word' id='word_1_50' title='bbox 2208 739 2364 805; x_wconf 84' lang='grc' dir='ltr'>οἴνου</span> <span class='ocrx_word' id='word_1_51' title='bbox 2408 743 2742 826; x_wconf 84' lang='grc' dir='ltr'>ἐπιφάνειαν</span> <span class='ocrx_word' id='word_1_52' title='bbox 2773 745 2977 809; x_wconf 79' lang='grc' dir='ltr'>ὕδατος</span> <span class='ocrx_word' id='word_1_53' title='bbox 3020 748 3117 806; x_wconf 78' lang='grc'>601</span> 
     </span>
    </p>

    <p class='ocr_par' dir='ltr' id='par_1_3' title="bbox 457 831 3093 1338">
     <span class='ocr_line' id='line_1_6' title="bbox 457 831 3011 929; baseline 0.007 -36"><span class='ocrx_word' id='word_1_54' title='bbox 457 851 488 900; x_wconf 84' lang='grc'>5</span> <span class='ocrx_word' id='word_1_55' title='bbox 525 831 689 908; x_wconf 79' lang='grc' dir='ltr'>εἶναι,</span> <span class='ocrx_word' id='word_1_56' title='bbox 755 835 794 918; x_wconf 80' lang='grc' dir='ltr'><strong>ἢ</strong></span> <span class='ocrx_word' id='word_1_57' title='bbox 839 837 944 919; x_wconf 83' lang='grc' dir='ltr'>τὴν</span> <span class='ocrx_word' id='word_1_58' title='bbox 987 843 1088 901; x_wconf 85' lang='grc' dir='ltr'>τοῦ</span> <span class='ocrx_word' id='word_1_59' title='bbox 1136 839 1339 908; x_wconf 79' lang='grc' dir='ltr'>ὕδατος</span> <span class='ocrx_word' id='word_1_60' title='bbox 1381 839 1562 920; x_wconf 81' lang='grc' dir='ltr'>οἴνου,</span> <span class='ocrx_word' id='word_1_61' title='bbox 1609 842 1760 905; x_wconf 82' lang='grc' dir='ltr'>ὥστε</span> <span class='ocrx_word' id='word_1_62' title='bbox 1803 844 1989 913; x_wconf 80' lang='grc' dir='ltr'>οὕτως</span> <span class='ocrx_word' id='word_1_63' title='bbox 2050 843 2155 908; x_wconf 81' lang='grc' dir='ltr'>οὐκ</span> <span class='ocrx_word' id='word_1_64' title='bbox 2221 842 2381 908; x_wconf 86' lang='grc' dir='ltr'>ἔσται</span> <span class='ocrx_word' id='word_1_65' title='bbox 2435 843 2507 908; x_wconf 88' lang='grc' dir='ltr'>δι’</span> <span class='ocrx_word' id='word_1_66' title='bbox 2562 844 2715 908; x_wconf 80' lang='grc' dir='ltr'>ὅλων</span> <span class='ocrx_word' id='word_1_67' title='bbox 2783 846 2928 928; x_wconf 74' lang='grc' dir='ltr'>μῖξις</span> <span class='ocrx_word' id='word_1_68' title='bbox 2972 848 3011 929; x_wconf 79' lang='grc' dir='ltr'>ἡ</span> 
     </span>
     <span class='ocr_line' id='line_1_7' title="bbox 525 938 3013 1032; baseline 0.005 -34"><span class='ocrx_word' id='word_1_69' title='bbox 525 939 744 1019; x_wconf 85' lang='grc' dir='ltr'>κρᾶσις,</span> <span class='ocrx_word' id='word_1_70' title='bbox 809 938 930 1002; x_wconf 82' lang='grc' dir='ltr'>ἀλλ’</span> <span class='ocrx_word' id='word_1_71' title='bbox 985 940 1100 1004; x_wconf 81' lang='grc' dir='ltr'>εἶεν</span> <span class='ocrx_word' id='word_1_72' title='bbox 1147 939 1216 1004; x_wconf 80' lang='grc' dir='ltr'>ἄν</span> <span class='ocrx_word' id='word_1_73' title='bbox 1281 943 1600 1028; x_wconf 80' lang='grc' dir='ltr'>παράθεσιν</span> <span class='ocrx_word' id='word_1_74' title='bbox 1644 947 1750 1028; x_wconf 81' lang='grc' dir='ltr'>τὴν</span> <span class='ocrx_word' id='word_1_75' title='bbox 1814 950 2015 1029; x_wconf 84' lang='grc' dir='ltr'>κρᾶσιν</span> <span class='ocrx_word' id='word_1_76' title='bbox 2082 947 2297 1029; x_wconf 88' lang='grc' dir='ltr'>μορίων</span> <span class='ocrx_word' id='word_1_77' title='bbox 2353 948 2569 1032; x_wconf 84' lang='grc' dir='ltr'>μορίοις</span> <span class='ocrx_word' id='word_1_78' title='bbox 2622 947 2909 1031; x_wconf 86' lang='grc' dir='ltr'>λέγοντες·</span> <span class='ocrx_word' id='word_1_79' title='bbox 2980 948 3013 1010; x_wconf 89' lang='grc' dir='ltr'>ὃ</span> 
     </span>
     <span class='ocr_line' id='line_1_8' title="bbox 525 1039 3093 1135; baseline 0.005 -34"><span class='ocrx_word' id='word_1_80' title='bbox 525 1039 955 1124; x_wconf 83' lang='grc' dir='ltr'>φυλασσόμενοι</span> <span class='ocrx_word' id='word_1_81' title='bbox 999 1042 1144 1106; x_wconf 82' lang='grc' dir='ltr'>ἄλλο</span> <span class='ocrx_word' id='word_1_82' title='bbox 1185 1046 1326 1129; x_wconf 86' lang='grc' dir='ltr'>φασὶ</span> <span class='ocrx_word' id='word_1_83' title='bbox 1373 1046 1519 1129; x_wconf 74' lang='grc' dir='ltr'>μῖξιν</span> <span class='ocrx_word' id='word_1_84' title='bbox 1564 1048 1661 1111; x_wconf 86' lang='grc' dir='ltr'>καὶ</span> <span class='ocrx_word' id='word_1_85' title='bbox 1704 1047 1848 1112; x_wconf 86' lang='grc' dir='ltr'>ἄλλο</span> <span class='ocrx_word' id='word_1_86' title='bbox 1895 1052 2096 1133; x_wconf 81' lang='grc' dir='ltr'>κρᾶσιν</span> <span class='ocrx_word' id='word_1_87' title='bbox 2140 1049 2304 1113; x_wconf 85' lang='grc' dir='ltr'>εἶναι.</span> <span class='ocrx_word' id='word_1_88' title='bbox 2379 1051 2432 1112; x_wconf 87' lang='grc' dir='ltr'>εἰ</span> <span class='ocrx_word' id='word_1_89' title='bbox 2476 1053 2541 1114; x_wconf 86' lang='grc' dir='ltr'>δὲ</span> <span class='ocrx_word' id='word_1_90' title='bbox 2585 1053 2764 1135; x_wconf 84' lang='grc' dir='ltr'>μηδὲν</span> <span class='ocrx_word' id='word_1_91' title='bbox 2813 1050 3010 1134; x_wconf 87' lang='grc' dir='ltr'>μόριον</span> <span class='ocrx_word' id='word_1_92' title='bbox 3064 1067 3093 1108; x_wconf 74' lang='lat'><strong>5</strong></span> 
     </span>
     <span class='ocr_line' id='line_1_9' title="bbox 524 1139 3003 1239; baseline 0.006 -38"><span class='ocrx_word' id='word_1_93' title='bbox 524 1139 648 1204; x_wconf 87' lang='grc' dir='ltr'>κατ’</span> <span class='ocrx_word' id='word_1_94' title='bbox 703 1144 914 1209; x_wconf 79' lang='grc' dir='ltr'>οἰκείαν</span> <span class='ocrx_word' id='word_1_95' title='bbox 958 1151 1314 1234; x_wconf 86' lang='grc' dir='ltr'>περιγραφήν</span> <span class='ocrx_word' id='word_1_96' title='bbox 1356 1173 1420 1214; x_wconf 89' lang='grc' dir='ltr'>τε</span> <span class='ocrx_word' id='word_1_97' title='bbox 1462 1151 1560 1212; x_wconf 84' lang='grc' dir='ltr'>καὶ</span> <span class='ocrx_word' id='word_1_98' title='bbox 1601 1151 1937 1236; x_wconf 82' lang='grc' dir='ltr'>ἐπιφάνειαν</span> <span class='ocrx_word' id='word_1_99' title='bbox 1980 1150 2073 1232; x_wconf 78' lang='grc' dir='ltr'>εἴη</span> <span class='ocrx_word' id='word_1_100' title='bbox 2118 1156 2235 1214; x_wconf 83' lang='grc' dir='ltr'>τῶν</span> <span class='ocrx_word' id='word_1_101' title='bbox 2281 1153 2665 1236; x_wconf 80' lang='grc' dir='ltr'>μεμιγμένων,</span> <span class='ocrx_word' id='word_1_102' title='bbox 2727 1153 2853 1218; x_wconf 88' lang='grc' dir='ltr'>ἀλλ’</span> <span class='ocrx_word' id='word_1_103' title='bbox 2911 1153 3003 1239; x_wconf 79' lang='grc' dir='ltr'>εἴη</span> 
     </span>
     <span class='ocr_line' id='line_1_10' title="bbox 524 1247 3001 1338; baseline 0.006 -33"><span class='ocrx_word' id='word_1_104' title='bbox 524 1247 636 1306; x_wconf 81' lang='grc' dir='ltr'>πᾶν</span> <span class='ocrx_word' id='word_1_105' title='bbox 682 1247 1023 1333; x_wconf 81' lang='grc' dir='ltr'>ὁμοιομερὲς</span> <span class='ocrx_word' id='word_1_106' title='bbox 1065 1253 1295 1333; x_wconf 87' lang='grc' dir='ltr'>γεγονὸς</span> <span class='ocrx_word' id='word_1_107' title='bbox 1337 1254 1402 1316; x_wconf 86' lang='grc' dir='ltr'>τὸ</span> <span class='ocrx_word' id='word_1_108' title='bbox 1448 1257 1642 1336; x_wconf 79' lang='grc' dir='ltr'>σῶμα,</span> <span class='ocrx_word' id='word_1_109' title='bbox 1687 1253 1878 1318; x_wconf 81' lang='grc' dir='ltr'>οὐκέτι</span> <span class='ocrx_word' id='word_1_110' title='bbox 1924 1255 2027 1338; x_wconf 87' lang='grc' dir='ltr'>μὲν</span> <span class='ocrx_word' id='word_1_111' title='bbox 2075 1252 2143 1317; x_wconf 79' lang='grc' dir='ltr'>ἄν</span> <span class='ocrx_word' id='word_1_112' title='bbox 2188 1253 2279 1338; x_wconf 89' lang='grc' dir='ltr'>ειη</span> <span class='ocrx_word' id='word_1_113' title='bbox 2326 1256 2664 1338; x_wconf 80' lang='grc' dir='ltr'>παράθεσις,</span> <span class='ocrx_word' id='word_1_114' title='bbox 2730 1257 2881 1320; x_wconf 84' lang='grc' dir='ltr'>ἀλλὰ</span> <span class='ocrx_word' id='word_1_115' title='bbox 2926 1255 3001 1320; x_wconf 85' lang='grc' dir='ltr'>δι’</span> 
     </span>
    </p>

    <p class='ocr_par' dir='ltr' id='par_1_4' title="bbox 423 1345 3092 1860">
     <span class='ocr_line' id='line_1_11' title="bbox 423 1345 3011 1443; baseline 0.004 -30"><span class='ocrx_word' id='word_1_116' title='bbox 423 1367 487 1413; x_wconf 76' lang='lat'>10</span> <span class='ocrx_word' id='word_1_117' title='bbox 523 1345 676 1410; x_wconf 81' lang='grc' dir='ltr'>ὅλων</span> <span class='ocrx_word' id='word_1_118' title='bbox 719 1353 948 1434; x_wconf 79' lang='grc' dir='ltr'>κρᾶσις·</span> <span class='ocrx_word' id='word_1_119' title='bbox 997 1352 1064 1416; x_wconf 80' lang='grc' dir='ltr'>οὔ</span> <span class='ocrx_word' id='word_1_120' title='bbox 1113 1357 1227 1440; x_wconf 82' lang='grc' dir='ltr'>μὴν</span> <span class='ocrx_word' id='word_1_121' title='bbox 1273 1352 1356 1418; x_wconf 83' lang='grc' dir='ltr'>ἔτι</span> <span class='ocrx_word' id='word_1_122' title='bbox 1402 1359 1648 1428; x_wconf 75' lang='grc' dir='ltr'>σώζοιτο</span> <span class='ocrx_word' id='word_1_123' title='bbox 1693 1356 1762 1420; x_wconf 81' lang='grc' dir='ltr'>ἂν</span> <span class='ocrx_word' id='word_1_124' title='bbox 1807 1358 1880 1420; x_wconf 82' lang='grc' dir='ltr'>τὰ</span> <span class='ocrx_word' id='word_1_125' title='bbox 1923 1357 1983 1426; x_wconf 75' lang='grc' dir='ltr'>ἐξ</span> <span class='ocrx_word' id='word_1_126' title='bbox 2028 1359 2219 1442; x_wconf 76' lang='grc' dir='ltr'>ἀρχῆς</span> <span class='ocrx_word' id='word_1_127' title='bbox 2286 1361 2529 1442; x_wconf 89' lang='grc' dir='ltr'>σώματα</span> <span class='ocrx_word' id='word_1_128' title='bbox 2574 1365 2689 1422; x_wconf 83' lang='grc' dir='ltr'>τῶν</span> <span class='ocrx_word' id='word_1_129' title='bbox 2736 1361 3011 1443; x_wconf 86' lang='grc' dir='ltr'>μεμιγμέ-</span> 
     </span>
     <span class='ocr_line' id='line_1_12' title="bbox 525 1453 3011 1546; baseline 0.005 -33"><span class='ocrx_word' id='word_1_130' title='bbox 525 1476 658 1532; x_wconf 88' lang='grc' dir='ltr'>νων,</span> <span class='ocrx_word' id='word_1_131' title='bbox 722 1453 842 1516; x_wconf 84' lang='grc' dir='ltr'>ἀλλ’</span> <span class='ocrx_word' id='word_1_132' title='bbox 898 1454 990 1539; x_wconf 89' lang='grc' dir='ltr'>ειη</span> <span class='ocrx_word' id='word_1_133' title='bbox 1037 1455 1104 1518; x_wconf 79' lang='grc' dir='ltr'>ἂν</span> <span class='ocrx_word' id='word_1_134' title='bbox 1150 1458 1550 1542; x_wconf 84' lang='grc' dir='ltr'>συγκεχυμένα</span> <span class='ocrx_word' id='word_1_135' title='bbox 1595 1483 1654 1522; x_wconf 91' lang='grc' dir='ltr'>τε</span> <span class='ocrx_word' id='word_1_136' title='bbox 1698 1463 1796 1524; x_wconf 80' lang='grc' dir='ltr'>καὶ</span> <span class='ocrx_word' id='word_1_137' title='bbox 1841 1459 2303 1544; x_wconf 83' lang='grc' dir='ltr'>συνεφθαρμένα.</span> <span class='ocrx_word' id='word_1_138' title='bbox 2390 1463 2443 1524; x_wconf 85' lang='grc' dir='ltr'>εἰ</span> <span class='ocrx_word' id='word_1_139' title='bbox 2488 1463 2560 1546; x_wconf 83' lang='grc' dir='ltr'>δὴ</span> <span class='ocrx_word' id='word_1_140' title='bbox 2615 1461 2732 1526; x_wconf 85' lang='grc' dir='ltr'>ἔδει</span> <span class='ocrx_word' id='word_1_141' title='bbox 2775 1463 2847 1526; x_wconf 85' lang='grc' dir='ltr'>τὰ</span> <span class='ocrx_word' id='word_1_142' title='bbox 2888 1486 3011 1546; x_wconf 87' lang='grc' dir='ltr'>χω·-</span> 
     </span>
     <span class='ocr_line' id='line_1_13' title="bbox 523 1555 3092 1648; baseline 0.004 -32"><span class='ocrx_word' id='word_1_143' title='bbox 523 1555 918 1639; x_wconf 84' lang='grc' dir='ltr'>ρισθησόμενά</span> <span class='ocrx_word' id='word_1_144' title='bbox 961 1560 1257 1630; x_wconf 80' lang='grc' dir='ltr'>σώζεσθαι</span> <span class='ocrx_word' id='word_1_145' title='bbox 1301 1563 1396 1625; x_wconf 87' lang='grc' dir='ltr'>καὶ</span> <span class='ocrx_word' id='word_1_146' title='bbox 1443 1563 1522 1646; x_wconf 86' lang='grc' dir='ltr'>μὴ</span> <span class='ocrx_word' id='word_1_147' title='bbox 1558 1563 1947 1648; x_wconf 70' lang='grc' dir='ltr'>συγκεχύσθαι</span> <span class='ocrx_word' id='word_1_148' title='bbox 1989 1563 2207 1648; x_wconf 80' lang='grc' dir='ltr'>(τούτῳ</span> <span class='ocrx_word' id='word_1_149' title='bbox 2251 1565 2359 1648; x_wconf 84' lang='grc' dir='ltr'>γὰρ</span> <span class='ocrx_word' id='word_1_150' title='bbox 2404 1565 2443 1647; x_wconf 80' lang='grc' dir='ltr'>ἡ</span> <span class='ocrx_word' id='word_1_151' title='bbox 2486 1569 2684 1648; x_wconf 81' lang='grc' dir='ltr'>κρᾶσις</span> <span class='ocrx_word' id='word_1_152' title='bbox 2728 1565 2851 1629; x_wconf 88' lang='grc' dir='ltr'>κατ’</span> <span class='ocrx_word' id='word_1_153' title='bbox 2906 1566 3007 1629; x_wconf 79' lang='grc' dir='ltr'>αι’)-</span> <span class='ocrx_word' id='word_1_154' title='bbox 3036 1583 3092 1624; x_wconf 79' lang='grc' dir='ltr'>ιο</span> 
     </span>
     <span class='ocr_line' id='line_1_14' title="bbox 528 1657 3012 1753; baseline 0.007 -35"><span class='ocrx_word' id='word_1_155' title='bbox 528 1657 661 1724; x_wconf 89' lang='grc' dir='ltr'>τους</span> <span class='ocrx_word' id='word_1_156' title='bbox 725 1663 831 1742; x_wconf 82' lang='grc' dir='ltr'>τῆς</span> <span class='ocrx_word' id='word_1_157' title='bbox 895 1661 1238 1746; x_wconf 88' lang='grc' dir='ltr'>συγχύσεως</span> <span class='ocrx_word' id='word_1_158' title='bbox 1290 1664 1599 1748; x_wconf 83' lang='grc' dir='ltr'>διαφέρει),</span> <span class='ocrx_word' id='word_1_159' title='bbox 1666 1667 1975 1748; x_wconf 87' lang='grc' dir='ltr'>ἀναγκαῖον</span> <span class='ocrx_word' id='word_1_160' title='bbox 2030 1667 2097 1728; x_wconf 90' lang='grc' dir='ltr'>δὲ</span> <span class='ocrx_word' id='word_1_161' title='bbox 2140 1671 2259 1734; x_wconf 85' lang='grc' dir='ltr'>τοῖς</span> <span class='ocrx_word' id='word_1_162' title='bbox 2312 1665 2387 1728; x_wconf 89' lang='grc' dir='ltr'>δι</span> <span class='ocrx_word' id='word_1_163' title='bbox 2443 1666 2597 1730; x_wconf 80' lang='grc' dir='ltr'>ὅλων</span> <span class='ocrx_word' id='word_1_164' title='bbox 2644 1670 3012 1753; x_wconf 84' lang='grc' dir='ltr'>μεμιγμένοις</span> 
     </span>
     <span class='ocr_line' id='line_1_15' title="bbox 523 1762 3011 1860; baseline 0.005 -36"><span class='ocrx_word' id='word_1_165' title='bbox 523 1762 936 1847; x_wconf 74' lang='grc' dir='ltr'>συγκεχύσθαι,</span> <span class='ocrx_word' id='word_1_166' title='bbox 1003 1764 1280 1828; x_wconf 85' lang='grc' dir='ltr'>ἀδύνατον</span> <span class='ocrx_word' id='word_1_167' title='bbox 1347 1767 1417 1830; x_wconf 82' lang='grc' dir='ltr'>τὰ</span> <span class='ocrx_word' id='word_1_168' title='bbox 1483 1767 1556 1830; x_wconf 80' lang='grc' dir='ltr'>δι’</span> <span class='ocrx_word' id='word_1_169' title='bbox 1612 1767 1764 1830; x_wconf 80' lang='grc' dir='ltr'>ὅλων</span> <span class='ocrx_word' id='word_1_170' title='bbox 1832 1768 2157 1852; x_wconf 83' lang='grc' dir='ltr'>μεμιγμένα</span> <span class='ocrx_word' id='word_1_171' title='bbox 2218 1768 2344 1832; x_wconf 83' lang='grc' dir='ltr'>κατ’</span> <span class='ocrx_word' id='word_1_172' title='bbox 2397 1769 2608 1837; x_wconf 77' lang='grc' dir='ltr'>αὐτοὺς</span> <span class='ocrx_word' id='word_1_173' title='bbox 2652 1773 3011 1860; x_wconf 73' lang='grc' dir='ltr'>χωρίζεσθαι</span> 
     </span>
    </p>

    <p class='ocr_par' dir='ltr' id='par_1_5' title="bbox 417 1864 3091 2370">
     <span class='ocr_line' id='line_1_16' title="bbox 417 1864 3007 1960; baseline 0.003 -29"><span class='ocrx_word' id='word_1_174' title='bbox 417 1883 480 1931; x_wconf 83' lang='lat'>15</span> <span class='ocrx_word' id='word_1_175' title='bbox 519 1865 817 1928; x_wconf 89' lang='grc' dir='ltr'>δύνασθαι.</span> <span class='ocrx_word' id='word_1_176' title='bbox 892 1864 975 1930; x_wconf 86' lang='grc' dir='ltr'>ἔτι</span> <span class='ocrx_word' id='word_1_177' title='bbox 1020 1866 1104 1946; x_wconf 92' lang='grc' dir='ltr'>δέ,</span> <span class='ocrx_word' id='word_1_178' title='bbox 1149 1869 1202 1931; x_wconf 87' lang='grc' dir='ltr'>εἰ</span> <span class='ocrx_word' id='word_1_179' title='bbox 1245 1869 1466 1951; x_wconf 81' lang='grc' dir='ltr'>ἀνάγκη</span> <span class='ocrx_word' id='word_1_180' title='bbox 1513 1870 1616 1952; x_wconf 86' lang='grc' dir='ltr'>μὲν</span> <span class='ocrx_word' id='word_1_181' title='bbox 1660 1871 1733 1933; x_wconf 86' lang='grc' dir='ltr'>τὰ</span> <span class='ocrx_word' id='word_1_182' title='bbox 1778 1870 2104 1954; x_wconf 82' lang='grc' dir='ltr'>κεκραμένα</span> <span class='ocrx_word' id='word_1_183' title='bbox 2150 1871 2223 1936; x_wconf 82' lang='grc' dir='ltr'>δι’</span> <span class='ocrx_word' id='word_1_184' title='bbox 2277 1872 2429 1936; x_wconf 79' lang='grc' dir='ltr'>ὅλων</span> <span class='ocrx_word' id='word_1_185' title='bbox 2476 1874 2783 1960; x_wconf 86' lang='grc' dir='ltr'>μεμῖχθαι,</span> <span class='ocrx_word' id='word_1_186' title='bbox 2829 1876 2901 1938; x_wconf 82' lang='grc' dir='ltr'>τὰ</span> <span class='ocrx_word' id='word_1_187' title='bbox 2942 1877 3007 1939; x_wconf 87' lang='grc' dir='ltr'>δὲ</span> 
     </span>
     <span class='ocr_line' id='line_1_17' title="bbox 521 1967 3091 2062; baseline 0.003 -32"><span class='ocrx_word' id='word_1_188' title='bbox 521 1967 594 2030; x_wconf 84' lang='grc' dir='ltr'>δι’</span> <span class='ocrx_word' id='word_1_189' title='bbox 649 1967 798 2032; x_wconf 75' lang='grc' dir='ltr'>ὅλων</span> <span class='ocrx_word' id='word_1_190' title='bbox 847 1971 1168 2054; x_wconf 83' lang='grc' dir='ltr'>μεμιγμένα</span> <span class='ocrx_word' id='word_1_191' title='bbox 1214 1971 1489 2034; x_wconf 88' lang='grc' dir='ltr'>ἀδύνατον</span> <span class='ocrx_word' id='word_1_192' title='bbox 1538 1974 1618 2056; x_wconf 86' lang='grc' dir='ltr'>μὴ</span> <span class='ocrx_word' id='word_1_193' title='bbox 1666 1973 2081 2058; x_wconf 79' lang='grc' dir='ltr'>συγκεχύσθαι,</span> <span class='ocrx_word' id='word_1_194' title='bbox 2134 1974 2205 2037; x_wconf 83' lang='grc' dir='ltr'>τὰ</span> <span class='ocrx_word' id='word_1_195' title='bbox 2250 1975 2315 2038; x_wconf 84' lang='grc' dir='ltr'>δὲ</span> <span class='ocrx_word' id='word_1_196' title='bbox 2358 1979 2766 2062; x_wconf 81' lang='grc' dir='ltr'>συγκεχυμένα</span> <span class='ocrx_word' id='word_1_197' title='bbox 2808 2001 2871 2041; x_wconf 88' lang='grc' dir='ltr'>τε</span> <span class='ocrx_word' id='word_1_198' title='bbox 2914 1980 3011 2042; x_wconf 87' lang='grc' dir='ltr'>καὶ</span> <span class='ocrx_word' id='word_1_199' title='bbox 3038 1997 3091 2038; x_wconf 76' lang='lat'>15</span> 
     </span>
     <span class='ocr_line' id='line_1_18' title="bbox 521 2071 3009 2158; baseline 0.006 -26"><span class='ocrx_word' id='word_1_200' title='bbox 521 2071 963 2155; x_wconf 89' lang='grc' dir='ltr'>συνεφθαρμένα</span> <span class='ocrx_word' id='word_1_201' title='bbox 1005 2073 1120 2158; x_wconf 78' lang='grc' dir='ltr'>οὐχ</span> <span class='ocrx_word' id='word_1_202' title='bbox 1163 2073 1284 2138; x_wconf 83' lang='grc' dir='ltr'>οἷόν</span> <span class='ocrx_word' id='word_1_203' title='bbox 1328 2097 1392 2137; x_wconf 90' lang='grc' dir='ltr'>τε</span> <span class='ocrx_word' id='word_1_204' title='bbox 1436 2073 1584 2137; x_wconf 83' lang='grc' dir='ltr'>αὐτὰ</span> <span class='ocrx_word' id='word_1_205' title='bbox 1630 2076 1949 2152; x_wconf 79' lang='grc' dir='ltr'>σώζεσθαι,</span> <span class='ocrx_word' id='word_1_206' title='bbox 1994 2075 2116 2138; x_wconf 81' lang='grc' dir='ltr'>οὐδ’</span> <span class='ocrx_word' id='word_1_207' title='bbox 2174 2075 2242 2138; x_wconf 80' lang='grc' dir='ltr'>ἂν</span> <span class='ocrx_word' id='word_1_208' title='bbox 2290 2077 2433 2147; x_wconf 75' lang='grc' dir='ltr'>ἕξεις</span> <span class='ocrx_word' id='word_1_209' title='bbox 2477 2081 2753 2150; x_wconf 80' lang='grc' dir='ltr'>σώζοιντο</span> <span class='ocrx_word' id='word_1_210' title='bbox 2796 2081 3009 2156; x_wconf 84' lang='grc' dir='ltr'>αὐτῶν,</span> 
     </span>
     <span class='ocr_line' id='line_1_19' title="bbox 520 2173 3005 2268; baseline 0.005 -32"><span class='ocrx_word' id='word_1_211' title='bbox 520 2173 680 2258; x_wconf 83' lang='grc' dir='ltr'>εἴγε</span> <span class='ocrx_word' id='word_1_212' title='bbox 721 2174 782 2237; x_wconf 83' lang='grc' dir='ltr'>ἓν</span> <span class='ocrx_word' id='word_1_213' title='bbox 829 2175 934 2256; x_wconf 89' lang='grc' dir='ltr'>μέν</span> <span class='ocrx_word' id='word_1_214' title='bbox 978 2199 1030 2238; x_wconf 93' lang='grc' dir='ltr'>τι</span> <span class='ocrx_word' id='word_1_215' title='bbox 1073 2179 1139 2239; x_wconf 88' lang='grc' dir='ltr'>τὸ</span> <span class='ocrx_word' id='word_1_216' title='bbox 1183 2180 1414 2260; x_wconf 88' lang='grc' dir='ltr'>γεγονὸς</span> <span class='ocrx_word' id='word_1_217' title='bbox 1477 2179 1545 2242; x_wconf 82' lang='grc' dir='ltr'>ἐκ</span> <span class='ocrx_word' id='word_1_218' title='bbox 1589 2183 1704 2242; x_wconf 81' lang='grc' dir='ltr'>τῶν</span> <span class='ocrx_word' id='word_1_219' title='bbox 1750 2179 2198 2265; x_wconf 75' lang='grc' dir='ltr'>συγκεχυμένων</span> <span class='ocrx_word' id='word_1_220' title='bbox 2241 2204 2305 2243; x_wconf 90' lang='grc' dir='ltr'>τε</span> <span class='ocrx_word' id='word_1_221' title='bbox 2348 2183 2443 2245; x_wconf 85' lang='grc' dir='ltr'>καὶ</span> <span class='ocrx_word' id='word_1_222' title='bbox 2495 2184 3005 2268; x_wconf 81' lang='grc' dir='ltr'>συνεφθαρμένων.</span> 
     </span>
     <span class='ocr_line' id='line_1_20' title="bbox 521 2277 3004 2370; baseline 0.005 -32"><span class='ocrx_word' id='word_1_223' title='bbox 521 2277 741 2363; x_wconf 84' lang='grc' dir='ltr'>ἀνάγκη</span> <span class='ocrx_word' id='word_1_224' title='bbox 787 2281 850 2342; x_wconf 86' lang='grc' dir='ltr'>δὲ</span> <span class='ocrx_word' id='word_1_225' title='bbox 893 2281 958 2343; x_wconf 82' lang='grc' dir='ltr'>τὸ</span> <span class='ocrx_word' id='word_1_226' title='bbox 1003 2279 1065 2342; x_wconf 89' lang='grc' dir='ltr'>ἓν</span> <span class='ocrx_word' id='word_1_227' title='bbox 1109 2285 1286 2364; x_wconf 87' lang='grc' dir='ltr'>σῶμα</span> <span class='ocrx_word' id='word_1_228' title='bbox 1330 2282 1441 2344; x_wconf 85' lang='grc' dir='ltr'>ὑπὸ</span> <span class='ocrx_word' id='word_1_229' title='bbox 1489 2287 1640 2365; x_wconf 80' lang='grc' dir='ltr'>μιᾶς,</span> <span class='ocrx_word' id='word_1_230' title='bbox 1685 2283 1768 2352; x_wconf 79' lang='grc' dir='ltr'>ὥς</span> <span class='ocrx_word' id='word_1_231' title='bbox 1811 2305 2003 2367; x_wconf 90' lang='grc' dir='ltr'>φασιν,</span> <span class='ocrx_word' id='word_1_232' title='bbox 2048 2283 2223 2353; x_wconf 74' lang='grc' dir='ltr'>ἕξεως</span> <span class='ocrx_word' id='word_1_233' title='bbox 2270 2284 2639 2370; x_wconf 83' lang='grc' dir='ltr'>συνέχεσθαι,</span> <span class='ocrx_word' id='word_1_234' title='bbox 2710 2287 2864 2351; x_wconf 78' lang='grc' dir='ltr'>ὥστε</span> <span class='ocrx_word' id='word_1_235' title='bbox 2907 2290 3004 2351; x_wconf 85' lang='grc' dir='ltr'>καὶ</span> 
     </span>
    </p>

    <p class='ocr_par' dir='ltr' id='par_1_6' title="bbox 415 2381 3091 2882">
     <span class='ocr_line' id='line_1_21' title="bbox 415 2381 3091 2470; baseline 0.001 -24"><span class='ocrx_word' id='word_1_236' title='bbox 415 2399 484 2446; x_wconf 77' lang='grc'>20</span> <span class='ocrx_word' id='word_1_237' title='bbox 521 2382 667 2445; x_wconf 81' lang='grc' dir='ltr'>κατὰ</span> <span class='ocrx_word' id='word_1_238' title='bbox 711 2385 878 2445; x_wconf 80' lang='grc' dir='ltr'>τοῦτο</span> <span class='ocrx_word' id='word_1_239' title='bbox 925 2381 993 2445; x_wconf 81' lang='grc' dir='ltr'>ἂν</span> <span class='ocrx_word' id='word_1_240' title='bbox 1039 2384 1340 2468; x_wconf 91' lang='grc' dir='ltr'>ἀχώριστά</span> <span class='ocrx_word' id='word_1_241' title='bbox 1384 2385 1656 2468; x_wconf 83' lang='grc' dir='ltr'>ἀλλήλων</span> <span class='ocrx_word' id='word_1_242' title='bbox 1722 2383 1814 2467; x_wconf 77' lang='grc' dir='ltr'>εἴη</span> <span class='ocrx_word' id='word_1_243' title='bbox 1857 2385 1931 2448; x_wconf 80' lang='grc' dir='ltr'>τὰ</span> <span class='ocrx_word' id='word_1_244' title='bbox 1974 2386 2301 2470; x_wconf 84' lang='grc' dir='ltr'>κεκραμένα</span> <span class='ocrx_word' id='word_1_245' title='bbox 2354 2386 2479 2451; x_wconf 81' lang='grc' dir='ltr'>κατ’</span> <span class='ocrx_word' id='word_1_246' title='bbox 2534 2388 2759 2457; x_wconf 82' lang='grc' dir='ltr'>αὐτούς.</span> <span class='ocrx_word' id='word_1_247' title='bbox 2846 2391 2901 2453; x_wconf 82' lang='grc' dir='ltr'>εἰ</span> <span class='ocrx_word' id='word_1_248' title='bbox 2942 2391 3009 2454; x_wconf 84' lang='grc' dir='ltr'>δὲ</span> <span class='ocrx_word' id='word_1_249' title='bbox 3034 2407 3091 2449; x_wconf 74' lang='lat'>2⁰</span> 
     </span>
     <span class='ocr_line' id='line_1_22' title="bbox 519 2485 3008 2574; baseline 0.004 -27"><span class='ocrx_word' id='word_1_250' title='bbox 519 2485 666 2548; x_wconf 83' lang='grc' dir='ltr'>κατὰ</span> <span class='ocrx_word' id='word_1_251' title='bbox 712 2485 815 2567; x_wconf 81' lang='grc' dir='ltr'>μὲν</span> <span class='ocrx_word' id='word_1_252' title='bbox 859 2485 932 2548; x_wconf 81' lang='grc' dir='ltr'>τὰ</span> <span class='ocrx_word' id='word_1_253' title='bbox 975 2485 1259 2568; x_wconf 89' lang='grc' dir='ltr'>λεγόμενά</span> <span class='ocrx_word' id='word_1_254' title='bbox 1325 2485 1420 2550; x_wconf 83' lang='grc' dir='ltr'>ὑπ’</span> <span class='ocrx_word' id='word_1_255' title='bbox 1476 2487 1668 2550; x_wconf 79' lang='grc' dir='ltr'>αὐτῶν</span> <span class='ocrx_word' id='word_1_256' title='bbox 1715 2488 2020 2573; x_wconf 89' lang='grc' dir='ltr'>ἀχώριστά</span> <span class='ocrx_word' id='word_1_257' title='bbox 2072 2491 2345 2574; x_wconf 84' lang='grc' dir='ltr'>ἀλλήλων</span> <span class='ocrx_word' id='word_1_258' title='bbox 2398 2492 2704 2572; x_wconf 87' lang='grc' dir='ltr'>ἀναγκαῖον</span> <span class='ocrx_word' id='word_1_259' title='bbox 2746 2491 2892 2556; x_wconf 78' lang='grc' dir='ltr'>εἶναι</span> <span class='ocrx_word' id='word_1_260' title='bbox 2935 2495 3008 2556; x_wconf 86' lang='grc' dir='ltr'>τὰ</span> 
     </span>
     <span class='ocr_line' id='line_1_23' title="bbox 523 2589 3008 2679; baseline 0.004 -29"><span class='ocrx_word' id='word_1_261' title='bbox 523 2590 846 2672; x_wconf 88' lang='grc' dir='ltr'>κεκραμένα</span> <span class='ocrx_word' id='word_1_262' title='bbox 898 2589 997 2671; x_wconf 78' lang='grc' dir='ltr'>(οὐ</span> <span class='ocrx_word' id='word_1_263' title='bbox 1041 2589 1151 2672; x_wconf 81' lang='grc' dir='ltr'>γὰρ</span> <span class='ocrx_word' id='word_1_264' title='bbox 1195 2593 1268 2674; x_wconf 83' lang='grc' dir='ltr'>δὴ</span> <span class='ocrx_word' id='word_1_265' title='bbox 1316 2591 1436 2654; x_wconf 86' lang='grc' dir='ltr'>οἶόν</span> <span class='ocrx_word' id='word_1_266' title='bbox 1481 2614 1544 2654; x_wconf 90' lang='grc' dir='ltr'>τε</span> <span class='ocrx_word' id='word_1_267' title='bbox 1589 2593 1694 2674; x_wconf 86' lang='grc' dir='ltr'>τὴν</span> <span class='ocrx_word' id='word_1_268' title='bbox 1739 2590 1814 2653; x_wconf 85' lang='grc' dir='ltr'>δι’</span> <span class='ocrx_word' id='word_1_269' title='bbox 1872 2590 2024 2654; x_wconf 79' lang='grc' dir='ltr'>ὅλων</span> <span class='ocrx_word' id='word_1_270' title='bbox 2069 2597 2269 2676; x_wconf 83' lang='grc' dir='ltr'>κρᾶσιν</span> <span class='ocrx_word' id='word_1_271' title='bbox 2334 2593 2603 2674; x_wconf 84' lang='grc' dir='ltr'>γενέσθαι</span> <span class='ocrx_word' id='word_1_272' title='bbox 2644 2595 2827 2679; x_wconf 79' lang='grc' dir='ltr'>χωρὶς</span> <span class='ocrx_word' id='word_1_273' title='bbox 2871 2616 3008 2679; x_wconf 92' lang='grc' dir='ltr'>συμ-</span> 
     </span>
     <span class='ocr_line' id='line_1_24' title="bbox 521 2691 3003 2780; baseline 0.004 -26"><span class='ocrx_word' id='word_1_274' title='bbox 521 2691 851 2775; x_wconf 88' lang='grc' dir='ltr'>φθάρσεως,</span> <span class='ocrx_word' id='word_1_275' title='bbox 896 2694 1200 2777; x_wconf 88' lang='grc' dir='ltr'>ἀχώριστά</span> <span class='ocrx_word' id='word_1_276' title='bbox 1229 2694 1292 2756; x_wconf 86' lang='grc' dir='ltr'>δέ</span> <span class='ocrx_word' id='word_1_277' title='bbox 1321 2715 1491 2777; x_wconf 88' lang='grc' dir='ltr'>φασιν</span> <span class='ocrx_word' id='word_1_278' title='bbox 1525 2693 1670 2758; x_wconf 84' lang='grc' dir='ltr'>εἶναι</span> <span class='ocrx_word' id='word_1_279' title='bbox 1698 2695 1770 2757; x_wconf 84' lang='grc' dir='ltr'>τὰ</span> <span class='ocrx_word' id='word_1_280' title='bbox 1802 2695 2299 2780; x_wconf 85' lang='grc' dir='ltr'>συνεφθαρμένα),</span> <span class='ocrx_word' id='word_1_281' title='bbox 2346 2697 2576 2780; x_wconf 80' lang='grc' dir='ltr'>ὁρῶμεν</span> <span class='ocrx_word' id='word_1_282' title='bbox 2608 2698 2673 2760; x_wconf 85' lang='grc' dir='ltr'>δὲ</span> <span class='ocrx_word' id='word_1_283' title='bbox 2703 2697 2795 2760; x_wconf 84' lang='grc' dir='ltr'>ἐπ’</span> <span class='ocrx_word' id='word_1_284' title='bbox 2837 2699 3003 2763; x_wconf 86' lang='grc' dir='ltr'>ἐνίων</span> 
     </span>
     <span class='ocr_line' id='line_1_25' title="bbox 519 2793 3005 2882; baseline 0.003 -26"><span class='ocrx_word' id='word_1_285' title='bbox 519 2793 906 2879; x_wconf 79' lang='grc' dir='ltr'>χωριζόμενα,</span> <span class='ocrx_word' id='word_1_286' title='bbox 974 2798 1149 2880; x_wconf 85' lang='grc' dir='ltr'>δῆλον</span> <span class='ocrx_word' id='word_1_287' title='bbox 1205 2800 1285 2866; x_wconf 82' lang='grc' dir='ltr'>ὡς</span> <span class='ocrx_word' id='word_1_288' title='bbox 1329 2796 1434 2861; x_wconf 79' lang='grc' dir='ltr'>οὐκ</span> <span class='ocrx_word' id='word_1_289' title='bbox 1478 2796 1548 2859; x_wconf 79' lang='grc' dir='ltr'>ἂν</span> <span class='ocrx_word' id='word_1_290' title='bbox 1604 2801 1642 2881; x_wconf 81' lang='grc' dir='ltr'>ἡ</span> <span class='ocrx_word' id='word_1_291' title='bbox 1687 2802 1886 2881; x_wconf 82' lang='grc' dir='ltr'>κρᾶσις</span> <span class='ocrx_word' id='word_1_292' title='bbox 1930 2798 2147 2882; x_wconf 88' lang='grc' dir='ltr'>γένοιτο</span> <span class='ocrx_word' id='word_1_293' title='bbox 2193 2799 2340 2862; x_wconf 83' lang='grc' dir='ltr'>κατὰ</span> <span class='ocrx_word' id='word_1_294' title='bbox 2395 2800 2492 2861; x_wconf 90' lang='grc' dir='ltr'>τὸν</span> <span class='ocrx_word' id='word_1_295' title='bbox 2539 2798 2635 2870; x_wconf 82' lang='grc' dir='ltr'>ὑπ’</span> <span class='ocrx_word' id='word_1_296' title='bbox 2690 2800 2882 2863; x_wconf 82' lang='grc' dir='ltr'>αὐτῶν</span> <span class='ocrx_word' id='word_1_297' title='bbox 2927 2803 3005 2864; x_wconf 83' lang='grc' dir='ltr'>εἰ·</span> 
     </span>
    </p>

    <p class='ocr_par' dir='ltr' id='par_1_7' title="bbox 246 2897 3089 3396">
     <span class='ocr_line' id='line_1_26' title="bbox 246 2897 3089 2987; baseline 0.001 -29"><span class='ocrx_word' id='word_1_298' title='bbox 246 2905 374 2958; x_wconf 86' lang='lat' dir='ltr'>vm</span> <span class='ocrx_word' id='word_1_299' title='bbox 419 2917 486 2965; x_wconf 81' lang='lat'>25</span> <span class='ocrx_word' id='word_1_300' title='bbox 525 2897 770 2982; x_wconf 83' lang='grc' dir='ltr'>ρημένον</span> <span class='ocrx_word' id='word_1_301' title='bbox 816 2897 1042 2982; x_wconf 85' lang='grc' dir='ltr'>τρόπον.</span> <span class='ocrx_word' id='word_1_302' title='bbox 1123 2898 1277 2983; x_wconf 81' lang='grc' dir='ltr'>Πρὸς</span> <span class='ocrx_word' id='word_1_303' title='bbox 1321 2901 1386 2963; x_wconf 87' lang='grc' dir='ltr'>δὲ</span> <span class='ocrx_word' id='word_1_304' title='bbox 1428 2901 1668 2975; x_wconf 83' lang='grc' dir='ltr'>τούτοις,</span> <span class='ocrx_word' id='word_1_305' title='bbox 1714 2903 1768 2963; x_wconf 81' lang='grc' dir='ltr'>εἰ</span> <span class='ocrx_word' id='word_1_306' title='bbox 1809 2901 2177 2984; x_wconf 87' lang='grc' dir='ltr'>διαιρούντων</span> <span class='ocrx_word' id='word_1_307' title='bbox 2222 2900 2450 2985; x_wconf 80' lang='grc' dir='ltr'>ἄλληλα</span> <span class='ocrx_word' id='word_1_308' title='bbox 2492 2906 2608 2964; x_wconf 82' lang='grc' dir='ltr'>τῶν</span> <span class='ocrx_word' id='word_1_309' title='bbox 2653 2902 3007 2987; x_wconf 88' lang='grc' dir='ltr'>κιρναμένων</span> <span class='ocrx_word' id='word_1_310' title='bbox 3034 2919 3089 2962; x_wconf 74' lang='lat'>2⁵</span> 
     </span>
     <span class='ocr_line' id='line_1_27' title="bbox 509 3001 3003 3088; baseline 0.003 -26"><span class='ocrx_word' id='word_1_311' title='bbox 509 3002 550 3084; x_wconf 83' lang='grc' dir='ltr'>ἡ</span> <span class='ocrx_word' id='word_1_312' title='bbox 595 3005 798 3084; x_wconf 82' lang='grc' dir='ltr'>κρᾶσις</span> <span class='ocrx_word' id='word_1_313' title='bbox 839 3001 1046 3084; x_wconf 89' lang='grc' dir='ltr'>γίνοιτο</span> <span class='ocrx_word' id='word_1_314' title='bbox 1091 3001 1218 3084; x_wconf 81' lang='grc' dir='ltr'>(διὰ</span> <span class='ocrx_word' id='word_1_315' title='bbox 1260 3007 1428 3066; x_wconf 80' lang='grc' dir='ltr'>τοῦτο</span> <span class='ocrx_word' id='word_1_316' title='bbox 1476 3002 1584 3085; x_wconf 83' lang='grc' dir='ltr'>γὰρ</span> <span class='ocrx_word' id='word_1_317' title='bbox 1629 3002 1690 3065; x_wconf 87' lang='grc' dir='ltr'>ἐν</span> <span class='ocrx_word' id='word_1_318' title='bbox 1719 3007 1838 3072; x_wconf 82' lang='grc' dir='ltr'>τοῖς</span> <span class='ocrx_word' id='word_1_319' title='bbox 1872 3004 2065 3086; x_wconf 82' lang='grc' dir='ltr'>ὑγροῖς</span> <span class='ocrx_word' id='word_1_320' title='bbox 2094 3005 2132 3086; x_wconf 86' lang='grc' dir='ltr'>ἡ</span> <span class='ocrx_word' id='word_1_321' title='bbox 2166 3008 2366 3088; x_wconf 82' lang='grc' dir='ltr'>κρᾶσις</span> <span class='ocrx_word' id='word_1_322' title='bbox 2403 3006 2671 3086; x_wconf 87' lang='grc' dir='ltr'>μάλιστα,</span> <span class='ocrx_word' id='word_1_323' title='bbox 2718 3004 2805 3068; x_wconf 81' lang='grc' dir='ltr'>ὅτι</span> <span class='ocrx_word' id='word_1_324' title='bbox 2848 3006 3003 3070; x_wconf 79' lang='grc' dir='ltr'>ἐστὶν</span> 
     </span>
     <span class='ocr_line' id='line_1_28' title="bbox 511 3103 3003 3191; baseline 0.002 -23"><span class='ocrx_word' id='word_1_325' title='bbox 511 3103 833 3188; x_wconf 81' lang='grc' dir='ltr'>εὐδιαίρετα</span> <span class='ocrx_word' id='word_1_326' title='bbox 879 3108 1058 3169; x_wconf 81' lang='grc' dir='ltr'>ταῦτα</span> <span class='ocrx_word' id='word_1_327' title='bbox 1102 3106 1196 3168; x_wconf 84' lang='grc' dir='ltr'>καὶ</span> <span class='ocrx_word' id='word_1_328' title='bbox 1243 3106 1455 3188; x_wconf 78' lang='grc' dir='ltr'>ῥᾳδίως</span> <span class='ocrx_word' id='word_1_329' title='bbox 1499 3105 1743 3190; x_wconf 85' lang='grc' dir='ltr'>θάτερον</span> <span class='ocrx_word' id='word_1_330' title='bbox 1789 3106 1883 3169; x_wconf 77' lang='grc' dir='ltr'>διὰ</span> <span class='ocrx_word' id='word_1_331' title='bbox 1930 3106 2177 3190; x_wconf 89' lang='grc' dir='ltr'>θατέρου</span> <span class='ocrx_word' id='word_1_332' title='bbox 2209 3108 2372 3171; x_wconf 86' lang='grc' dir='ltr'>δίεισι</span> <span class='ocrx_word' id='word_1_333' title='bbox 2414 3109 2666 3191; x_wconf 81' lang='grc' dir='ltr'>διαιροῦν</span> <span class='ocrx_word' id='word_1_334' title='bbox 2711 3106 2877 3182; x_wconf 84' lang='grc' dir='ltr'>αὐτό,</span> <span class='ocrx_word' id='word_1_335' title='bbox 2923 3113 3003 3178; x_wconf 77' lang='grc' dir='ltr'>ὥς</span> 
     </span>
     <span class='ocr_line' id='line_1_29' title="bbox 512 3207 3005 3295; baseline 0.002 -26"><span class='ocrx_word' id='word_1_336' title='bbox 512 3207 715 3291; x_wconf 79' lang='grc' dir='ltr'>ὁρᾶται</span> <span class='ocrx_word' id='word_1_337' title='bbox 758 3209 852 3271; x_wconf 83' lang='grc' dir='ltr'>καὶ</span> <span class='ocrx_word' id='word_1_338' title='bbox 898 3209 930 3270; x_wconf 82' lang='grc' dir='ltr'>ό</span> <span class='ocrx_word' id='word_1_339' title='bbox 977 3207 1129 3276; x_wconf 81' lang='grc' dir='ltr'>οἶνος</span> <span class='ocrx_word' id='word_1_340' title='bbox 1173 3208 1204 3270; x_wconf 84' lang='grc' dir='ltr'>ὁ</span> <span class='ocrx_word' id='word_1_341' title='bbox 1248 3209 1332 3276; x_wconf 82' lang='grc' dir='ltr'>εἰς</span> <span class='ocrx_word' id='word_1_342' title='bbox 1373 3210 1437 3272; x_wconf 87' lang='grc' dir='ltr'>τὸ</span> <span class='ocrx_word' id='word_1_343' title='bbox 1485 3209 1638 3293; x_wconf 74' lang='grc' dir='ltr'>ὕδωρ</span> <span class='ocrx_word' id='word_1_344' title='bbox 1684 3208 2084 3294; x_wconf 84' lang='grc' dir='ltr'>ἐπιχεόμενος,</span> <span class='ocrx_word' id='word_1_345' title='bbox 2127 3212 2464 3295; x_wconf 88' lang='grc' dir='ltr'>κιρνάμενος</span> <span class='ocrx_word' id='word_1_346' title='bbox 2506 3209 2720 3294; x_wconf 78' lang='grc' dir='ltr'>αὐτῷ),</span> <span class='ocrx_word' id='word_1_347' title='bbox 2786 3211 2840 3273; x_wconf 82' lang='grc' dir='ltr'>εἰ</span> <span class='ocrx_word' id='word_1_348' title='bbox 2904 3213 3005 3294; x_wconf 83' lang='grc' dir='ltr'>μὲν</span> 
     </span>
     <span class='ocr_line' id='line_1_30' title="bbox 512 3307 3084 3396; baseline 0.002 -24"><span class='ocrx_word' id='word_1_349' title='bbox 512 3307 610 3372; x_wconf 84' lang='grc' dir='ltr'>οὖν</span> <span class='ocrx_word' id='word_1_350' title='bbox 656 3312 981 3395; x_wconf 80' lang='grc' dir='ltr'>διαιροῦντα</span> <span class='ocrx_word' id='word_1_351' title='bbox 1025 3310 1250 3394; x_wconf 78' lang='grc' dir='ltr'>ἄλληλα</span> <span class='ocrx_word' id='word_1_352' title='bbox 1297 3312 1591 3396; x_wconf 81' lang='grc' dir='ltr'>ἀδιαίρετα</span> <span class='ocrx_word' id='word_1_353' title='bbox 1635 3312 1907 3396; x_wconf 84' lang='grc' dir='ltr'>ἀλλήλων</span> <span class='ocrx_word' id='word_1_354' title='bbox 1954 3314 2284 3377; x_wconf 87' lang='grc' dir='ltr'>καταλείπει</span> <span class='ocrx_word' id='word_1_355' title='bbox 2326 3311 2452 3376; x_wconf 84' lang='grc' dir='ltr'>τινὰ</span> <span class='ocrx_word' id='word_1_356' title='bbox 2483 3311 2653 3395; x_wconf 88' lang='grc' dir='ltr'>μέρη,</span> <span class='ocrx_word' id='word_1_357' title='bbox 2696 3310 2886 3376; x_wconf 84' lang='grc' dir='ltr'>οὐκέτ’</span> <span class='ocrx_word' id='word_1_358' title='bbox 2930 3313 2999 3378; x_wconf 79' lang='grc' dir='ltr'>ἂν</span> <span class='ocrx_word' id='word_1_359' title='bbox 3026 3331 3084 3376; x_wconf 78' lang='lat'>8⁰</span> 
     </span>
    </p>

    <p class='ocr_par' dir='ltr' id='par_1_8' title="bbox 403 3412 3109 3911">
     <span class='ocr_line' id='line_1_31' title="bbox 403 3412 3003 3499; baseline 0 -20"><span class='ocrx_word' id='word_1_360' title='bbox 403 3431 476 3479; x_wconf 87' lang='lat'>30</span> <span class='ocrx_word' id='word_1_361' title='bbox 510 3412 603 3498; x_wconf 79' lang='grc' dir='ltr'>εἴη</span> <span class='ocrx_word' id='word_1_362' title='bbox 649 3414 840 3477; x_wconf 87' lang='grc' dir='ltr'>ἐκεῖνα</span> <span class='ocrx_word' id='word_1_363' title='bbox 883 3414 955 3476; x_wconf 83' lang='grc' dir='ltr'>τὰ</span> <span class='ocrx_word' id='word_1_364' title='bbox 999 3413 1151 3498; x_wconf 88' lang='grc' dir='ltr'>μέρη</span> <span class='ocrx_word' id='word_1_365' title='bbox 1193 3413 1518 3498; x_wconf 87' lang='grc' dir='ltr'>κεκραμένα</span> <span class='ocrx_word' id='word_1_366' title='bbox 1580 3414 1792 3498; x_wconf 84' lang='grc' dir='ltr'>(ἀμιγῆ</span> <span class='ocrx_word' id='word_1_367' title='bbox 1839 3415 1947 3499; x_wconf 83' lang='grc' dir='ltr'>γὰρ</span> <span class='ocrx_word' id='word_1_368' title='bbox 1993 3417 2089 3478; x_wconf 85' lang='grc' dir='ltr'>καὶ</span> <span class='ocrx_word' id='word_1_369' title='bbox 2132 3415 2347 3498; x_wconf 78' lang='grc' dir='ltr'>ἄμικτα</span> <span class='ocrx_word' id='word_1_370' title='bbox 2389 3417 2697 3497; x_wconf 86' lang='grc' dir='ltr'>ἀναγκαῖον</span> <span class='ocrx_word' id='word_1_371' title='bbox 2742 3415 2889 3480; x_wconf 81' lang='grc' dir='ltr'>εἶναι</span> <span class='ocrx_word' id='word_1_372' title='bbox 2932 3418 3003 3480; x_wconf 84' lang='grc' dir='ltr'>τὰ</span> 
     </span>
     <span class='ocr_line' id='line_1_32' title="bbox 513 3515 3109 3604; baseline 0.002 -26"><span class='ocrx_word' id='word_1_373' title='bbox 513 3517 595 3600; x_wconf 86' lang='grc' dir='ltr'>μὴ</span> <span class='ocrx_word' id='word_1_374' title='bbox 642 3516 966 3600; x_wconf 79' lang='grc' dir='ltr'>διῃρημένα</span> <span class='ocrx_word' id='word_1_375' title='bbox 1011 3516 1180 3601; x_wconf 88' lang='grc' dir='ltr'>μέρη,</span> <span class='ocrx_word' id='word_1_376' title='bbox 1227 3515 1390 3599; x_wconf 79' lang='grc' dir='ltr'>εἴγε</span> <span class='ocrx_word' id='word_1_377' title='bbox 1435 3520 1472 3600; x_wconf 81' lang='grc' dir='ltr'>ἡ</span> <span class='ocrx_word' id='word_1_378' title='bbox 1520 3521 1718 3601; x_wconf 79' lang='grc' dir='ltr'>κρᾶσις</span> <span class='ocrx_word' id='word_1_379' title='bbox 1772 3519 1871 3581; x_wconf 86' lang='grc' dir='ltr'>καὶ</span> <span class='ocrx_word' id='word_1_380' title='bbox 1915 3520 1953 3601; x_wconf 82' lang='grc' dir='ltr'>ἡ</span> <span class='ocrx_word' id='word_1_381' title='bbox 2001 3517 2125 3581; x_wconf 86' lang='grc' dir='ltr'>κατ’</span> <span class='ocrx_word' id='word_1_382' title='bbox 2180 3519 2359 3601; x_wconf 85' lang='grc' dir='ltr'>αὐτὴν</span> <span class='ocrx_word' id='word_1_383' title='bbox 2406 3517 2551 3599; x_wconf 73' lang='grc' dir='ltr'>μῖξις</span> <span class='ocrx_word' id='word_1_384' title='bbox 2602 3515 2608 3603; x_wconf 90' lang='grc' dir='ltr'>Ι</span> <span class='ocrx_word' id='word_1_385' title='bbox 2657 3519 2804 3583; x_wconf 85' lang='grc' dir='ltr'>κατὰ</span> <span class='ocrx_word' id='word_1_386' title='bbox 2847 3521 2952 3604; x_wconf 82' lang='grc' dir='ltr'>τὴν</span> <span class='ocrx_word' id='word_1_387' title='bbox 2998 3527 3109 3584; x_wconf 78' lang='grc'>602</span> 
     </span>
     <span class='ocr_line' id='line_1_33' title="bbox 511 3618 3001 3708; baseline 0.002 -26"><span class='ocrx_word' id='word_1_388' title='bbox 511 3619 778 3704; x_wconf 85' lang='grc' dir='ltr'>διαίρεσιν</span> <span class='ocrx_word' id='word_1_389' title='bbox 820 3621 1033 3702; x_wconf 88' lang='grc' dir='ltr'>γίνεται</span> <span class='ocrx_word' id='word_1_390' title='bbox 1080 3621 1175 3683; x_wconf 90' lang='grc' dir='ltr'>καὶ</span> <span class='ocrx_word' id='word_1_391' title='bbox 1219 3620 1430 3703; x_wconf 88' lang='grc' dir='ltr'>ταύτην</span> <span class='ocrx_word' id='word_1_392' title='bbox 1476 3619 1608 3704; x_wconf 84' lang='grc' dir='ltr'>ὅρον</span> <span class='ocrx_word' id='word_1_393' title='bbox 1654 3618 1808 3705; x_wconf 87' lang='grc' dir='ltr'>ἔχει·</span> <span class='ocrx_word' id='word_1_394' title='bbox 1879 3621 2031 3684; x_wconf 80' lang='grc' dir='ltr'>οὕτω</span> <span class='ocrx_word' id='word_1_395' title='bbox 2060 3643 2123 3684; x_wconf 89' lang='grc' dir='ltr'>τε</span> <span class='ocrx_word' id='word_1_396' title='bbox 2163 3623 2331 3684; x_wconf 85' lang='grc' dir='ltr'>πάλιν</span> <span class='ocrx_word' id='word_1_397' title='bbox 2374 3623 2621 3703; x_wconf 87' lang='grc' dir='ltr'>γίγνοιτο</span> <span class='ocrx_word' id='word_1_398' title='bbox 2668 3621 2736 3687; x_wconf 75' lang='grc' dir='ltr'>ἂν</span> <span class='ocrx_word' id='word_1_399' title='bbox 2781 3624 2820 3706; x_wconf 80' lang='grc' dir='ltr'>ἡ</span> <span class='ocrx_word' id='word_1_400' title='bbox 2865 3628 3001 3708; x_wconf 80' lang='grc' dir='ltr'>κρᾶ-</span> 
     </span>
     <span class='ocr_line' id='line_1_34' title="bbox 515 3721 2995 3810; baseline 0.002 -26"><span class='ocrx_word' id='word_1_401' title='bbox 515 3742 602 3790; x_wconf 89' lang='grc' dir='ltr'>σις</span> <span class='ocrx_word' id='word_1_402' title='bbox 643 3724 914 3806; x_wconf 84' lang='grc' dir='ltr'>γινομένη</span> <span class='ocrx_word' id='word_1_403' title='bbox 959 3725 1302 3807; x_wconf 88' lang='grc' dir='ltr'>παραθέσει,</span> <span class='ocrx_word' id='word_1_404' title='bbox 1349 3721 1468 3786; x_wconf 85' lang='grc' dir='ltr'>ἀλλ’</span> <span class='ocrx_word' id='word_1_405' title='bbox 1525 3724 1639 3808; x_wconf 81' lang='grc' dir='ltr'>οὐχ</span> <span class='ocrx_word' id='word_1_406' title='bbox 1684 3722 1836 3786; x_wconf 76' lang='grc' dir='ltr'>ὅλων</span> <span class='ocrx_word' id='word_1_407' title='bbox 1882 3726 2151 3808; x_wconf 85' lang='grc' dir='ltr'>ἀλλήλων</span> <span class='ocrx_word' id='word_1_408' title='bbox 2197 3722 2271 3787; x_wconf 78' lang='grc' dir='ltr'>δι’</span> <span class='ocrx_word' id='word_1_409' title='bbox 2311 3723 2449 3786; x_wconf 83' lang='grc' dir='ltr'>ὅλου</span> <span class='ocrx_word' id='word_1_410' title='bbox 2478 3730 2595 3789; x_wconf 84' lang='grc' dir='ltr'>τῶν</span> <span class='ocrx_word' id='word_1_411' title='bbox 2627 3727 2995 3810; x_wconf 84' lang='grc' dir='ltr'>κεκραμένων</span> 
     </span>
     <span class='ocr_line' id='line_1_35' title="bbox 512 3825 2996 3911; baseline 0.002 -24"><span class='ocrx_word' id='word_1_412' title='bbox 512 3825 874 3908; x_wconf 87' lang='grc' dir='ltr'>διηκόντων),</span> <span class='ocrx_word' id='word_1_413' title='bbox 930 3826 981 3888; x_wconf 81' lang='grc' dir='ltr'>εἰ</span> <span class='ocrx_word' id='word_1_414' title='bbox 1026 3827 1092 3889; x_wconf 86' lang='grc' dir='ltr'>δὲ</span> <span class='ocrx_word' id='word_1_415' title='bbox 1137 3827 1317 3910; x_wconf 88' lang='grc' dir='ltr'>μηδὲν</span> <span class='ocrx_word' id='word_1_416' title='bbox 1362 3825 1678 3909; x_wconf 87' lang='grc' dir='ltr'>ἀδιαίρετον</span> <span class='ocrx_word' id='word_1_417' title='bbox 1724 3826 1995 3908; x_wconf 81' lang='grc' dir='ltr'>ἀλλήλων</span> <span class='ocrx_word' id='word_1_418' title='bbox 2040 3827 2101 3889; x_wconf 85' lang='grc' dir='ltr'>ἐν</span> <span class='ocrx_word' id='word_1_419' title='bbox 2144 3830 2223 3910; x_wconf 81' lang='grc' dir='ltr'>τῇ</span> <span class='ocrx_word' id='word_1_420' title='bbox 2268 3827 2470 3911; x_wconf 86' lang='grc' dir='ltr'>κράσει</span> <span class='ocrx_word' id='word_1_421' title='bbox 2501 3830 2996 3907; x_wconf 84' lang='grc' dir='ltr'>καταλελοίπασιν,</span> 
     </span>
    </p>

    <p class='ocr_par' dir='ltr' id='par_1_9' title="bbox 405 3926 3079 4117">
     <span class='ocr_line' id='line_1_36' title="bbox 405 3926 3079 4018; baseline 0.002 -29"><span class='ocrx_word' id='word_1_422' title='bbox 405 3947 472 3996; x_wconf 82' lang='lat'>35</span> <span class='ocrx_word' id='word_1_423' title='bbox 510 3926 602 4013; x_wconf 78' lang='grc' dir='ltr'>εἴη</span> <span class='ocrx_word' id='word_1_424' title='bbox 647 3927 717 3991; x_wconf 83' lang='grc' dir='ltr'>ἂν</span> <span class='ocrx_word' id='word_1_425' title='bbox 763 3929 952 4012; x_wconf 79' lang='grc' dir='ltr'>πάντῃ</span> <span class='ocrx_word' id='word_1_426' title='bbox 996 3928 1318 4012; x_wconf 80' lang='grc' dir='ltr'>διῃρημένα</span> <span class='ocrx_word' id='word_1_427' title='bbox 1362 3930 1458 3992; x_wconf 87' lang='grc' dir='ltr'>καὶ</span> <span class='ocrx_word' id='word_1_428' title='bbox 1502 3927 1610 3992; x_wconf 83' lang='grc' dir='ltr'>οὐκ</span> <span class='ocrx_word' id='word_1_429' title='bbox 1652 3929 1734 3996; x_wconf 83' lang='grc' dir='ltr'>εἰς</span> <span class='ocrx_word' id='word_1_430' title='bbox 1779 3929 1951 4013; x_wconf 83' lang='grc' dir='ltr'>μέρη,</span> <span class='ocrx_word' id='word_1_431' title='bbox 1995 3927 2115 3991; x_wconf 84' lang='grc' dir='ltr'>ἀλλ’</span> <span class='ocrx_word' id='word_1_432' title='bbox 2167 3929 2250 3998; x_wconf 83' lang='grc' dir='ltr'>εἰς</span> <span class='ocrx_word' id='word_1_433' title='bbox 2294 3930 2598 4014; x_wconf 89' lang='grc' dir='ltr'>διαιρέσεις</span> <span class='ocrx_word' id='word_1_434' title='bbox 2641 3934 2681 4016; x_wconf 82' lang='grc' dir='ltr'>ἡ</span> <span class='ocrx_word' id='word_1_435' title='bbox 2711 3933 2863 4018; x_wconf 85' lang='grc' dir='ltr'>τομὴ</span> <span class='ocrx_word' id='word_1_436' title='bbox 2907 3956 2996 4016; x_wconf 85' lang='grc' dir='ltr'>γε·</span> <span class='ocrx_word' id='word_1_437' title='bbox 3050 3952 3079 3994; x_wconf 79' lang='lat'><strong>5</strong></span> 
     </span>
     <span class='ocr_line' id='line_1_37' title="bbox 509 4031 2995 4117; baseline 0.002 -23"><span class='ocrx_word' id='word_1_438' title='bbox 509 4038 726 4116; x_wconf 86' lang='grc' dir='ltr'>γονυῖα,</span> <span class='ocrx_word' id='word_1_439' title='bbox 770 4032 834 4096; x_wconf 77' lang='grc' dir='ltr'>εἴ</span> <span class='ocrx_word' id='word_1_440' title='bbox 867 4055 933 4115; x_wconf 85' lang='grc' dir='ltr'>γε</span> <span class='ocrx_word' id='word_1_441' title='bbox 978 4032 1157 4116; x_wconf 86' lang='grc' dir='ltr'>μηδὲν</span> <span class='ocrx_word' id='word_1_442' title='bbox 1202 4031 1394 4095; x_wconf 81' lang='grc' dir='ltr'>αὐτῶν</span> <span class='ocrx_word' id='word_1_443' title='bbox 1441 4032 1639 4116; x_wconf 89' lang='grc' dir='ltr'>μόριον</span> <span class='ocrx_word' id='word_1_444' title='bbox 1685 4032 1840 4116; x_wconf 82' lang='grc' dir='ltr'>παρὰ</span> <span class='ocrx_word' id='word_1_445' title='bbox 1884 4033 1990 4115; x_wconf 85' lang='grc' dir='ltr'>τὴν</span> <span class='ocrx_word' id='word_1_446' title='bbox 2037 4033 2308 4117; x_wconf 83' lang='grc' dir='ltr'>διαίρεσιν</span> <span class='ocrx_word' id='word_1_447' title='bbox 2353 4034 2813 4100; x_wconf 88' lang='grc' dir='ltr'>καταλέλειπται.</span> <span class='ocrx_word' id='word_1_448' title='bbox 2901 4037 2995 4098; x_wconf 85' lang='grc' dir='ltr'>καὶ</span> 
     </span>
    </p>
   </div>
   <div class='ocr_carea' id='block_1_3' title="bbox 397 4253 3106 4942">
    <p class='ocr_par' dir='ltr' id='par_1_10' title="bbox 399 4253 3106 4677">
     <span class='ocr_line' id='line_1_38' title="bbox 403 4253 3106 4329; baseline 0.003 -25"><span class='ocrx_word' id='word_1_449' title='bbox 403 4253 437 4304; x_wconf 87' lang='grc'><strong>2</strong></span> <span class='ocrx_word' id='word_1_450' title='bbox 463 4253 636 4323; x_wconf 80' lang='grc' dir='ltr'>μόριον</span> <span class='ocrx_word' id='word_1_451' title='bbox 661 4253 786 4327; x_wconf 70' lang='grc' dir='ltr'>ἔχει]</span> <span class='ocrx_word' id='word_1_452' title='bbox 813 4254 916 4327; x_wconf 65' lang='grc' dir='ltr'>ἔχει</span> <span class='ocrx_word' id='word_1_453' title='bbox 941 4255 1114 4326; x_wconf 86' lang='grc' dir='ltr'>μόριον</span> <span class='ocrx_word' id='word_1_454' title='bbox 1139 4259 1209 4309; x_wconf 84' lang='lat' dir='ltr'>R:</span> <span class='ocrx_word' id='word_1_455' title='bbox 1236 4256 1372 4329; x_wconf 68' lang='grc' dir='ltr'>ἔχειν</span> <span class='ocrx_word' id='word_1_456' title='bbox 1397 4257 1568 4326; x_wconf 87' lang='grc' dir='ltr'>μόριον</span> <span class='ocrx_word' id='word_1_457' title='bbox 1593 4275 1625 4308; x_wconf 74' lang='lat' dir='ltr'><strong>a</strong></span> <span class='ocrx_word' id='word_1_458' title='bbox 1766 4255 1798 4310; x_wconf 85' lang='lat'><strong>5</strong></span> <span class='ocrx_word' id='word_1_459' title='bbox 1823 4255 1857 4324; x_wconf 74' lang='grc' dir='ltr'>ἦ</span> <span class='ocrx_word' id='word_1_460' title='bbox 1883 4259 1931 4308; x_wconf 88' lang='lat' dir='ltr'>R</span> <span class='ocrx_word' id='word_1_461' title='bbox 1955 4256 2113 4322; x_wconf 79' lang='lat' dir='ltr'><strong>(man.</strong></span> <span class='ocrx_word' id='word_1_462' title='bbox 2138 4255 2264 4322; x_wconf 81' lang='lat' dir='ltr'><strong>rec.)</strong></span> <span class='ocrx_word' id='word_1_463' title='bbox 2292 4274 2347 4309; x_wconf 72' lang='lat' dir='ltr'>a:</span> <span class='ocrx_word' id='word_1_464' title='bbox 2371 4275 2420 4309; x_wconf 86' lang='grc' dir='ltr'>τι</span> <span class='ocrx_word' id='word_1_465' title='bbox 2442 4257 2533 4308; x_wconf 84' lang='lat' dir='ltr'><strong>rel.</strong></span> <span class='ocrx_word' id='word_1_466' title='bbox 2676 4256 2806 4310; x_wconf 81' lang='grc' dir='ltr'>ὥστε</span> <span class='ocrx_word' id='word_1_467' title='bbox 2824 4259 3005 4327; x_wconf 83' lang='lat' dir='ltr'><strong>Apelt:</strong></span> <span class='ocrx_word' id='word_1_468' title='bbox 3033 4258 3106 4317; x_wconf 77' lang='grc' dir='ltr'>ὡς</span> 
     </span>
     <span class='ocr_line' id='line_1_39' title="bbox 402 4340 3101 4416; baseline 0.001 -22"><span class='ocrx_word' id='word_1_469' title='bbox 402 4340 432 4393; x_wconf 79' lang='grc' dir='ltr'><strong>ὸ</strong></span> <span class='ocrx_word' id='word_1_470' title='bbox 455 4341 576 4395; x_wconf 86' lang='lat' dir='ltr'>libri</span> <span class='ocrx_word' id='word_1_471' title='bbox 716 4343 748 4394; x_wconf 87' lang='grc'>6</span> <span class='ocrx_word' id='word_1_472' title='bbox 775 4341 802 4394; x_wconf 84' lang='grc'><strong>8</strong></span> <span class='ocrx_word' id='word_1_473' title='bbox 823 4343 1001 4411; x_wconf 84' lang='lat' dir='ltr'><strong>Apelt:</strong></span> <span class='ocrx_word' id='word_1_474' title='bbox 1029 4344 1076 4396; x_wconf 70' lang='grc' dir='ltr'>οἱ</span> <span class='ocrx_word' id='word_1_475' title='bbox 1099 4343 1220 4396; x_wconf 85' lang='lat' dir='ltr'><strong>libri</strong></span> <span class='ocrx_word' id='word_1_476' title='bbox 1349 4344 1384 4396; x_wconf 89' lang='grc'>8</span> <span class='ocrx_word' id='word_1_477' title='bbox 1407 4344 1712 4414; x_wconf 80' lang='grc' dir='ltr'>περιγραφὴν</span> <span class='ocrx_word' id='word_1_478' title='bbox 1733 4347 1832 4396; x_wconf 77' lang='lat' dir='ltr'>Ra:</span> <span class='ocrx_word' id='word_1_479' title='bbox 1862 4344 2208 4414; x_wconf 83' lang='grc' dir='ltr'>περιγραμμὴν</span> <span class='ocrx_word' id='word_1_480' title='bbox 2232 4345 2325 4397; x_wconf 83' lang='lat' dir='ltr'><strong>rel.</strong></span> <span class='ocrx_word' id='word_1_481' title='bbox 2452 4362 2507 4396; x_wconf 80' lang='grc' dir='ltr'>τε</span> <span class='ocrx_word' id='word_1_482' title='bbox 2534 4359 2633 4397; x_wconf 88' lang='lat' dir='ltr'>om.</span> <span class='ocrx_word' id='word_1_483' title='bbox 2659 4363 2693 4396; x_wconf 72' lang='lat' dir='ltr'><strong>a</strong></span> <span class='ocrx_word' id='word_1_484' title='bbox 2826 4345 2887 4398; x_wconf 80' lang='lat'>12</span> <span class='ocrx_word' id='word_1_485' title='bbox 2912 4345 3101 4416; x_wconf 74' lang='grc' dir='ltr'>τούτῳ]</span> 
     </span>
     <span class='ocr_line' id='line_1_40' title="bbox 399 4427 3104 4502; baseline 0.002 -21"><span class='ocrx_word' id='word_1_486' title='bbox 399 4433 552 4482; x_wconf 77' lang='grc' dir='ltr'>τοῦτο</span> <span class='ocrx_word' id='word_1_487' title='bbox 577 4447 611 4481; x_wconf 74' lang='lat' dir='ltr'><strong>a</strong></span> <span class='ocrx_word' id='word_1_488' title='bbox 753 4431 817 4482; x_wconf 88' lang='grc'>14</span> <span class='ocrx_word' id='word_1_489' title='bbox 854 4435 976 4484; x_wconf 79' lang='lat' dir='ltr'><strong>ante</strong></span> <span class='ocrx_word' id='word_1_490' title='bbox 999 4432 1062 4482; x_wconf 76' lang='grc' dir='ltr'>τὰ</span> <span class='ocrx_word' id='word_1_491' title='bbox 1089 4431 1204 4484; x_wconf 79' lang='lat' dir='ltr'><strong>add.</strong></span> <span class='ocrx_word' id='word_1_492' title='bbox 1232 4431 1284 4482; x_wconf 74' lang='grc' dir='ltr'>δὲ</span> <span class='ocrx_word' id='word_1_493' title='bbox 1305 4433 1412 4484; x_wconf 73' lang='lat' dir='ltr'>Ra:</span> <span class='ocrx_word' id='word_1_494' title='bbox 1437 4431 1498 4502; x_wconf 82' lang='grc' dir='ltr'>δὴ</span> <span class='ocrx_word' id='word_1_495' title='bbox 1519 4431 1687 4484; x_wconf 82' lang='lat' dir='ltr'>Ideler</span> <span class='ocrx_word' id='word_1_496' title='bbox 1844 4429 1905 4482; x_wconf 84' lang='lat'>17</span> <span class='ocrx_word' id='word_1_497' title='bbox 1934 4427 1986 4490; x_wconf 77' lang='grc' dir='ltr'>ἕξ</span> <span class='ocrx_word' id='word_1_498' title='bbox 2011 4430 2080 4488; x_wconf 74' lang='grc' dir='ltr'>εἰς</span> <span class='ocrx_word' id='word_1_499' title='bbox 2098 4433 2217 4483; x_wconf 76' lang='lat' dir='ltr'>AB·</span> <span class='ocrx_word' id='word_1_500' title='bbox 2366 4431 2429 4484; x_wconf 89' lang='lat'>18</span> <span class='ocrx_word' id='word_1_501' title='bbox 2452 4450 2509 4484; x_wconf 81' lang='grc' dir='ltr'>τε</span> <span class='ocrx_word' id='word_1_502' title='bbox 2532 4447 2631 4484; x_wconf 86' lang='lat' dir='ltr'>om.</span> <span class='ocrx_word' id='word_1_503' title='bbox 2652 4435 2732 4486; x_wconf 77' lang='lat' dir='ltr'>Ra</span> <span class='ocrx_word' id='word_1_504' title='bbox 2876 4433 2937 4486; x_wconf 89' lang='lat'>19</span> <span class='ocrx_word' id='word_1_505' title='bbox 2965 4436 3104 4488; x_wconf 79' lang='grc' dir='ltr'>συνέ·</span> 
     </span>
     <span class='ocr_line' id='line_1_41' title="bbox 399 4513 3102 4595; baseline 0.003 -27"><span class='ocrx_word' id='word_1_506' title='bbox 399 4513 578 4590; x_wconf 80' lang='grc' dir='ltr'>χεσθαι</span> <span class='ocrx_word' id='word_1_507' title='bbox 598 4517 776 4586; x_wconf 74' lang='lat' dir='ltr'><strong>Apelt:</strong></span> <span class='ocrx_word' id='word_1_508' title='bbox 802 4517 1090 4572; x_wconf 79' lang='grc' dir='ltr'>συνελέσθαι</span> <span class='ocrx_word' id='word_1_509' title='bbox 1112 4516 1423 4591; x_wconf 73' lang='grc' dir='ltr'>(συνελέχθαι</span> <span class='ocrx_word' id='word_1_510' title='bbox 1440 4521 1506 4583; x_wconf 92' lang='grc' dir='ltr'>Β)</span> <span class='ocrx_word' id='word_1_511' title='bbox 1531 4519 1652 4572; x_wconf 89' lang='lat' dir='ltr'>libri</span> <span class='ocrx_word' id='word_1_512' title='bbox 1761 4521 1844 4570; x_wconf 79' lang='grc' dir='ltr'>καὶ</span> <span class='ocrx_word' id='word_1_513' title='bbox 1868 4532 1967 4571; x_wconf 90' lang='lat' dir='ltr'>om.</span> <span class='ocrx_word' id='word_1_514' title='bbox 1986 4518 2153 4571; x_wconf 78' lang='lat' dir='ltr'><strong>Ideler</strong></span> <span class='ocrx_word' id='word_1_515' title='bbox 2259 4518 2327 4571; x_wconf 92' lang='grc'>20</span> <span class='ocrx_word' id='word_1_516' title='bbox 2350 4521 2413 4572; x_wconf 82' lang='grc' dir='ltr'>τὰ</span> <span class='ocrx_word' id='word_1_517' title='bbox 2437 4535 2535 4572; x_wconf 89' lang='lat' dir='ltr'>om.</span> <span class='ocrx_word' id='word_1_518' title='bbox 2558 4521 2720 4574; x_wconf 79' lang='lat' dir='ltr'>Ideler</span> <span class='ocrx_word' id='word_1_519' title='bbox 2825 4520 2891 4573; x_wconf 89' lang='grc'>22</span> <span class='ocrx_word' id='word_1_520' title='bbox 2924 4521 2983 4574; x_wconf 76' lang='grc' dir='ltr'>οὐ</span> <span class='ocrx_word' id='word_1_521' title='bbox 3008 4524 3102 4595; x_wconf 76' lang='grc' dir='ltr'>γὰρ</span> 
     </span>
     <span class='ocr_line' id='line_1_42' title="bbox 399 4603 3027 4677; baseline 0.002 -21"><span class='ocrx_word' id='word_1_522' title='bbox 399 4603 464 4675; x_wconf 81' lang='grc' dir='ltr'>δὴ</span> <span class='ocrx_word' id='word_1_523' title='bbox 504 4607 714 4674; x_wconf 79' lang='lat' dir='ltr'><strong>scripsi:</strong></span> <span class='ocrx_word' id='word_1_524' title='bbox 753 4607 796 4661; x_wconf 65' lang='lat' dir='ltr'>ei</span> <span class='ocrx_word' id='word_1_525' title='bbox 830 4607 922 4677; x_wconf 80' lang='grc' dir='ltr'>γὰρ</span> <span class='ocrx_word' id='word_1_526' title='bbox 960 4607 1030 4676; x_wconf 85' lang='grc' dir='ltr'>μὴ</span> <span class='ocrx_word' id='word_1_527' title='bbox 1066 4607 1186 4660; x_wconf 84' lang='lat' dir='ltr'><strong>libri</strong></span> <span class='ocrx_word' id='word_1_528' title='bbox 1318 4606 1384 4660; x_wconf 81' lang='lat'>23</span> <span class='ocrx_word' id='word_1_529' title='bbox 1430 4608 1604 4660; x_wconf 76' lang='grc' dir='ltr'>ἐνίνων</span> <span class='ocrx_word' id='word_1_530' title='bbox 1642 4625 1676 4658; x_wconf 74' lang='grc' dir='ltr'>ο,</span> <span class='ocrx_word' id='word_1_531' title='bbox 1797 4605 1865 4660; x_wconf 85' lang='grc'>25</span> <span class='ocrx_word' id='word_1_532' title='bbox 1901 4607 1943 4659; x_wconf 80' lang='grc' dir='ltr'>εἰ</span> <span class='ocrx_word' id='word_1_533' title='bbox 1981 4607 2166 4660; x_wconf 77' lang='lat' dir='ltr'>Ideler:</span> <span class='ocrx_word' id='word_1_534' title='bbox 2196 4606 2229 4676; x_wconf 80' lang='grc' dir='ltr'><strong>ἡ</strong></span> <span class='ocrx_word' id='word_1_535' title='bbox 2268 4607 2387 4660; x_wconf 86' lang='lat' dir='ltr'>libri</span> <span class='ocrx_word' id='word_1_536' title='bbox 2506 4607 2571 4660; x_wconf 80' lang='lat'>27</span> <span class='ocrx_word' id='word_1_537' title='bbox 2610 4608 2691 4661; x_wconf 79' lang='grc' dir='ltr'>διὰ</span> <span class='ocrx_word' id='word_1_538' title='bbox 2726 4625 2826 4662; x_wconf 87' lang='lat' dir='ltr'>om.</span> <span class='ocrx_word' id='word_1_539' title='bbox 2862 4610 3027 4663; x_wconf 76' lang='lat' dir='ltr'>Idolol-</span> 
     </span>
    </p>

    <p class='ocr_par' dir='ltr' id='par_1_11' title="bbox 397 4693 3101 4942">
     <span class='ocr_line' id='line_1_43' title="bbox 401 4693 3100 4768; baseline 0.001 -23"><span class='ocrx_word' id='word_1_540' title='bbox 401 4693 554 4751; x_wconf 71' lang='grc' dir='ltr'>αὐτὸς</span> <span class='ocrx_word' id='word_1_541' title='bbox 569 4696 650 4747; x_wconf 75' lang='lat' dir='ltr'>Ra</span> <span class='ocrx_word' id='word_1_542' title='bbox 781 4693 848 4748; x_wconf 81' lang='lat'>28</span> <span class='ocrx_word' id='word_1_543' title='bbox 885 4694 1208 4764; x_wconf 75' lang='grc' dir='ltr'>ἐπικεόμινος</span> <span class='ocrx_word' id='word_1_544' title='bbox 1234 4699 1313 4748; x_wconf 78' lang='lat' dir='ltr'>Ra</span> <span class='ocrx_word' id='word_1_545' title='bbox 1442 4695 1510 4748; x_wconf 87' lang='grc'>29</span> <span class='ocrx_word' id='word_1_546' title='bbox 1535 4693 1811 4767; x_wconf 77' lang='grc' dir='ltr'>διαιροῦντα</span> <span class='ocrx_word' id='word_1_547' title='bbox 1831 4695 2031 4748; x_wconf 83' lang='lat' dir='ltr'>CPRS:</span> <span class='ocrx_word' id='word_1_548' title='bbox 2068 4695 2282 4765; x_wconf 72' lang='grc' dir='ltr'>διαιροῦν</span> <span class='ocrx_word' id='word_1_549' title='bbox 2306 4696 2369 4748; x_wconf 85' lang='grc' dir='ltr'>τὰ</span> <span class='ocrx_word' id='word_1_550' title='bbox 2388 4698 2521 4748; x_wconf 77' lang='lat' dir='ltr'>ABa</span> <span class='ocrx_word' id='word_1_551' title='bbox 2646 4696 2896 4768; x_wconf 80' lang='grc' dir='ltr'>ἀδιαίρετα</span> <span class='ocrx_word' id='word_1_552' title='bbox 2914 4697 3100 4750; x_wconf 81' lang='lat' dir='ltr'>Ideler:</span> 
     </span>
     <span class='ocr_line' id='line_1_44' title="bbox 397 4779 3101 4855; baseline 0.002 -23"><span class='ocrx_word' id='word_1_553' title='bbox 397 4779 620 4852; x_wconf 74' lang='grc' dir='ltr'>διαιρετὰ</span> <span class='ocrx_word' id='word_1_554' title='bbox 650 4781 774 4834; x_wconf 90' lang='lat' dir='ltr'>libri</span> <span class='ocrx_word' id='word_1_555' title='bbox 901 4781 968 4834; x_wconf 78' lang='lat'>32</span> <span class='ocrx_word' id='word_1_556' title='bbox 1003 4781 1238 4854; x_wconf 77' lang='grc' dir='ltr'>γίγνοιτο]</span> <span class='ocrx_word' id='word_1_557' title='bbox 1263 4783 1488 4853; x_wconf 82' lang='grc' dir='ltr'>φαίνοιτο</span> <span class='ocrx_word' id='word_1_558' title='bbox 1513 4782 1770 4836; x_wconf 76' lang='lat' dir='ltr'><strong>Schwartz</strong></span> <span class='ocrx_word' id='word_1_559' title='bbox 1903 4781 1971 4834; x_wconf 86' lang='lat'>33</span> <span class='ocrx_word' id='word_1_560' title='bbox 2007 4783 2244 4852; x_wconf 70' lang='grc' dir='ltr'>γενομένη</span> <span class='ocrx_word' id='word_1_561' title='bbox 2270 4785 2443 4838; x_wconf 89' lang='lat' dir='ltr'>BCPS</span> <span class='ocrx_word' id='word_1_562' title='bbox 2575 4783 2659 4836; x_wconf 84' lang='lat'>35.</span> <span class='ocrx_word' id='word_1_563' title='bbox 2686 4783 2753 4838; x_wconf 86' lang='lat'>36</span> <span class='ocrx_word' id='word_1_564' title='bbox 2789 4785 2823 4854; x_wconf 77' lang='grc' dir='ltr'>ἡ</span> <span class='ocrx_word' id='word_1_565' title='bbox 2848 4785 2979 4855; x_wconf 80' lang='grc' dir='ltr'>τομὴ</span> <span class='ocrx_word' id='word_1_566' title='bbox 3020 4803 3101 4854; x_wconf 79' lang='grc' dir='ltr'>γε·</span> 
     </span>
     <span class='ocr_line' id='line_1_45' title="bbox 397 4868 3041 4942; baseline 0.002 -22"><span class='ocrx_word' id='word_1_567' title='bbox 397 4877 572 4938; x_wconf 80' lang='grc' dir='ltr'>γονυῖα</span> <span class='ocrx_word' id='word_1_568' title='bbox 593 4871 756 4922; x_wconf 58' lang='lat' dir='ltr'>AB&amp;</span> <span class='ocrx_word' id='word_1_569' title='bbox 794 4871 910 4940; x_wconf 79' lang='grc' dir='ltr'>ἡτὸ</span> <span class='ocrx_word' id='word_1_570' title='bbox 949 4870 1020 4941; x_wconf 81' lang='grc' dir='ltr'>μὴ</span> <span class='ocrx_word' id='word_1_571' title='bbox 1055 4878 1283 4941; x_wconf 78' lang='grc' dir='ltr'>γεγονυῖα</span> <span class='ocrx_word' id='word_1_572' title='bbox 1306 4873 1416 4925; x_wconf 76' lang='lat' dir='ltr'>PS:</span> <span class='ocrx_word' id='word_1_573' title='bbox 1453 4871 1486 4941; x_wconf 84' lang='grc' dir='ltr'>ἠ</span> <span class='ocrx_word' id='word_1_574' title='bbox 1523 4871 1596 4942; x_wconf 85' lang='grc' dir='ltr'>μὴ</span> <span class='ocrx_word' id='word_1_575' title='bbox 1631 4877 1859 4941; x_wconf 72' lang='grc' dir='ltr'>γεγονυῖα</span> <span class='ocrx_word' id='word_1_576' title='bbox 1886 4873 1986 4923; x_wconf 78' lang='lat' dir='ltr'>Ra:</span> <span class='ocrx_word' id='word_1_577' title='bbox 2028 4868 2313 4921; x_wconf 80' lang='lat' dir='ltr'>om.1deler</span> <span class='ocrx_word' id='word_1_578' title='bbox 2438 4871 2503 4925; x_wconf 81' lang='lat'>36</span> <span class='ocrx_word' id='word_1_579' title='bbox 2542 4873 2674 4942; x_wconf 78' lang='grc' dir='ltr'>παρὰ</span> <span class='ocrx_word' id='word_1_580' title='bbox 2694 4876 2769 4924; x_wconf 75' lang='lat' dir='ltr'>A:</span> <span class='ocrx_word' id='word_1_581' title='bbox 2806 4872 2917 4942; x_wconf 76' lang='grc' dir='ltr'>περὶ</span> <span class='ocrx_word' id='word_1_582' title='bbox 2953 4873 3041 4926; x_wconf 77' lang='lat' dir='ltr'><strong>rel.</strong></span> 
     </span>
    </p>
   </div>
  </div>
 </body>
</html>
