3684 5567
1467 237 1751 295 BlBAlON
1789 237 2046 296 ΤΡΙἹῸΝ
2089 241 2291 293 12-13
3113 239 3228 302 107

634 418 736 479 τοῦ
782 415 960 497 μηδὲν
1006 414 1168 479 εἶναι.
1233 406 1385 484 ’πῶς
1425 414 1534 498 γὰρ
1579 413 1647 477 ἄν
1691 437 1777 483 τις
1820 414 1904 484 εἰς
1955 415 2020 477 τὸ
2068 415 2246 499 μηδὲν
2293 414 2536 477 ἐκτείναι
2580 436 2652 485 τι,
2696 411 2735 493 ἢ
2782 412 2908 479 πῶς
2949 408 3019 473 ἂν
3066 408 3126 472 ἐν
3153 426 3209 469 25

636 522 719 601 τῷ
778 518 925 601 μηδὲ
977 517 1129 587 ὅλως
1182 516 1300 581 ὄντι
1350 518 1600 600 γένοιτο;
1664 519 1766 601 τὴν
1822 517 2014 601 ἀρχὴν
2063 514 2071 602 Ι
2119 518 2226 600 γὰρ
2271 515 2394 581 οὐδ’
2451 516 2517 579 ἂν
2577 516 2761 600 ὁρμήν
2815 538 2866 577 τι
2909 515 3076 599 λάβοι
3121 522 3228 579 206

640 620 721 689 εἰς
762 620 829 682 τὸ
859 622 1125 685 ἐκτείνειν
1168 644 1223 685 τι
1263 624 1379 684 τῶν
1410 620 1587 684 αὑτοῦ
1632 624 1825 705 μερῶν
1872 621 1932 684 ἐν
1972 626 2059 707 τῷ
2102 620 2323 704 μηδενί·
2371 617 2604 702 τοιαύτη
2649 618 2758 703 γὰρ
2805 620 2840 702 ἡ
2886 624 2986 703 τοᾷ
3032 621 3114 704 μὴ

635 746 797 792 οντος
840 723 1027 807 φύσις.

559 972 591 1023 5
626 950 796 1018 XIII.
888 953 1054 1039 Περὶ
1100 958 1217 1019 τοῦ
1260 952 1364 1039 ἐφ’
1419 956 1583 1039 ἡμῖν
1628 978 1796 1018 τινα.

792 1122 951 1189 Ἐπεὶ
1003 1126 1069 1189 τὸ
1124 1124 1219 1211 ἐφ’
1272 1128 1413 1209 ἡμῖν
1466 1126 1589 1189 ἐστι
1640 1126 1701 1189 ἐν
1756 1130 1964 1211 λογικῇ
2022 1126 2443 1210 συγκαταθέσει
2501 1124 2625 1209 (διὰ
2678 1128 2844 1188 τοῦτο
2904 1124 3011 1207 γὰρ
3063 1124 3122 1186 ἐν
3177 1140 3204 1181 ὅ

630 1227 790 1312 μόνῳ
834 1233 919 1314 τῷ
971 1230 1269 1314 ἀνθρώπῳ
1314 1230 1381 1293 τὸ
1426 1228 1521 1314 ἐφ’
1578 1232 1747 1312 ἡμῖν,
1801 1229 1892 1292 ὅτι
1935 1232 2028 1295 καὶ
2075 1230 2249 1314 μόνος
2300 1234 2415 1291 τῶν
2469 1226 2637 1312 ζῴων
2683 1227 2992 1309 ἄνθρωπος
3034 1229 3122 1289 λο-

628 1330 786 1413 γικός
829 1333 891 1394 τέ
936 1333 1056 1396 ἐστι
1102 1334 1197 1395 καὶ
1230 1332 1641 1416 βουλευτικός),
1686 1332 2160 1415 συγκατατίθεται
2206 1332 2310 1412 μὲν
2339 1332 2446 1415 γὰρ
2493 1332 2588 1395 καὶ
2631 1330 2704 1393 τὰ
2747 1329 2930 1412 ἄλογα
2975 1334 3121 1406 ζῶα,

630 1433 777 1497 ἀλλὰ
822 1438 1001 1497 ταῦτα
1060 1435 1162 1517 μὲν
1206 1440 1332 1504 ταῖς
1375 1436 1711 1519 φαντασίαις
1765 1440 1886 1505 ταῖς
1937 1436 2051 1498 ἀπὸ
2107 1440 2223 1498 τῶν
2267 1434 2564 1519 αἰσθητῶν
2619 1433 2712 1497 διὰ
2757 1438 2871 1495 τῶν
2917 1432 3120 1515 αἰσθή-
3149 1448 3204 1490 ιο

531 1556 592 1603 10
630 1556 777 1599 σεων
832 1537 1154 1621 γινομέναις
1204 1538 1265 1600 ἐν
1324 1537 1523 1607 αὐτοῖς
1577 1536 1833 1619 ἑπόμενα
1891 1539 1986 1603 καὶ
2039 1544 2124 1624 τῷ
2181 1539 2297 1601 ἀπὸ
2350 1538 2566 1601 τούτων
2621 1536 2681 1598 ἐν
2734 1535 2929 1603 αὐτοῖς
2979 1558 3122 1617 γινο-

630 1638 788 1723 μένῳ
834 1641 1013 1703 πάθει
1058 1640 1159 1709 τὰς
1202 1641 1655 1722 συγκαταθέσεις
1706 1646 1952 1704 ποιεῖται
1997 1642 2252 1723 ἀγόμενα
2295 1640 2392 1703 ὑπ’
2448 1641 2670 1715 αὐτῶν,
2722 1632 2764 1723 ᾗ
2815 1638 2887 1701 ἂν
2929 1638 3122 1701 ἐκεῖνα

627 1741 763 1825 ἄγῃ,
811 1742 842 1804 ὁ
888 1740 942 1805 δ’
984 1741 1312 1826 ἄνθρωπος,
1358 1743 1495 1807 ὅταν
1540 1746 1624 1813 ὥς
1663 1743 1974 1827 ἄνθρωπος
2017 1749 2252 1827 ποιῆται
2297 1744 2398 1811 τὰς
2429 1742 2894 1825 συγκαταθέσεις,
2941 1742 3119 1805 δεῖται
3149 1756 3201 1799 15

628 1845 773 1929 πρὸς
816 1848 941 1913 ταῖς
968 1847 1305 1930 φαντασίαις
1348 1847 1447 1909 καὶ
1491 1848 1689 1929 λόγου,
1736 1846 1797 1910 ὃν
1845 1844 2002 1932 ἔχων
2047 1846 2202 1931 παρὰ
2247 1852 2351 1928 τῆς
2393 1846 2624 1931 φύσεως
2668 1847 2811 1928 πρὸς
2853 1845 2957 1928 τὴν
3004 1850 3118 1907 τῶν

622 1946 895 2011 τοιούτων
942 1948 1121 2032 κρίσιν
1166 1947 1476 2033 ἅνθρωπός
1518 1951 1691 2026 ἐστιν,
1746 1947 1825 2012 δι’
1882 1946 1948 2012 οὖ
1992 1950 2164 2032 λόγου
2209 1950 2384 2032 κρίνει
2427 1947 2499 2011 τὰ
2543 1950 2941 2033 φαντάσματα.
3031 1948 3118 2010 διὸ

524 2070 583 2118 15
621 2048 726 2113 κᾶν
792 2050 1201 2143 βουλευομένῳ
1262 2053 1390 2136 περὶ
1452 2057 1558 2136 τῆς
1619 2053 2062 2137 προσπεσούσης
2125 2052 2436 2135 φαντασίας
2497 2051 2658 2136 αὐτῷ’
2725 2051 2806 2133 μὴ
2862 2052 3117 2111 τοιοῦτον
3143 2064 3200 2107 2⁰

626 2156 803 2237 δοκῇ,
858 2156 1058 2217 ὁποῖον
1101 2153 1207 2237 τήν
1252 2156 1445 2241 ἀρχὴν
1498 2156 1794 2240 ἐφαίνετο,
1847 2158 1916 2220 οὐ
1963 2155 2440 2238 συγκατατίθεται
2484 2153 2664 2237 αὐτῇ,
2713 2151 3118 2234 συγκατατιθέ-

628 2279 796 2338 μενος
839 2255 907 2319 &v
952 2262 1037 2342 τῷ
1083 2255 1217 2321 ὅσον
1271 2259 1367 2320 ἐπὶ
1410 2264 1495 2345 τῷ
1554 2260 1670 2322 ἀπὸ
1723 2264 1827 2343 τῆς
1872 2257 2186 2343 φαντασίας
2228 2258 2432 2331 πάθει,
2489 2257 2582 2319 καὶ
2629 2253 2751 2319 ἔστι
2793 2254 3120 2338 προαίρεσις

624 2360 663 2443 ἡ
717 2361 952 2443 τοιαύτη
998 2361 1418 2443 συγκατάθεσις
1481 2360 1664 2446 ὄρεξις
1720 2360 1868 2426 οὖσα
1922 2359 2284 2447 βουλευτική.
2373 2360 2438 2422 τὸ
2481 2358 2590 2443 γὰρ
2643 2359 2711 2422 ἐκ
2761 2363 2865 2441 τῆς
2909 2358 3120 2442 βουλῆς
3147 2374 3201 2415 25

624 2465 753 2548 περὶ
784 2468 886 2526 τοῦ
918 2464 983 2528 ἐκ
1012 2468 1113 2527 τοῦ
1146 2464 1429 2547 αἰσθητοῦ
1462 2464 1578 2550 [τε]
1631 2464 1637 2543 Ι
1687 2466 1783 2529 καὶ
1826 2468 1938 2551 πρὸ
1969 2466 2146 2529 αὐτοῦ
2191 2464 2500 2549 προκριθὲν
2531 2466 2569 2549 ἡ
2601 2464 2944 2548 προαίρεσις.
3020 2464 3074 2525 εἰ
3115 2470 3221 2526 207

516 2584 584 2632 20
621 2567 723 2648 μὲν
768 2564 869 2630 οὖν
916 2567 1009 2629 καὶ
1055 2567 1497 2651 βουλευομένοις
1540 2570 1680 2653 ἡμῖν
1726 2569 1923 2637 εἵπετο
1968 2573 2044 2653 τῇ
2094 2568 2378 2652 φαντασίᾳ
2424 2567 2963 2650 συγκατατίθεσθαι,
3011 2565 3114 2629 οὐκ

619 2668 687 2732 ἂν
730 2666 803 2753 ἧν
860 2668 954 2752 ἐφ’
1009 2671 1147 2752 ἡμῖν
1201 2669 1324 2733 οὐδ’
1379 2673 1418 2755 ἡ
1480 2670 1626 2755 μετὰ
1678 2677 1783 2755 τῆς
1829 2674 2043 2757 βουλῆς
2097 2672 2544 2755 συγκατάθεσις,
2598 2670 2725 2733 ἐπεὶ
2778 2670 2844 2732 δὲ
2897 2671 3117 2732 ἀλλοιο-

619 2770 784 2856 τέραν
829 2773 968 2855 ἡμῖν
1000 2774 1276 2843 πολλάκις
1320 2774 1385 2837 τὸ
1418 2774 1848 2860 βουλεύσασθαι
1891 2778 1994 2860 τὴν
2043 2775 2465 2857 συγκατάθεσιν
2508 2778 2666 2837 ποιεῖ
2706 2774 2810 2859 τὴν
2855 2773 2950 2835 ἐπὶ
2981 2797 3116 2858 φαν-
3169 2790 3196 2831 5

622 2875 790 2958 τασίᾳ
835 2880 935 2938 τοῦ
984 2873 1085 2938 ἀπ’
1126 2874 1307 2959 αὐτῆς
1338 2876 1585 2955 πάθους,
1632 2876 1818 2942 οὐκέτ’
1865 2878 1932 2941 ἂν
1973 2878 2229 2961 εὐλόγως
2273 2882 2394 2946 ταῖς
2426 2879 2760 2962 φαντασίαις
2802 2877 3117 2961 λεγοίμεθα

618 2978 1153 3060 συγκατατίθεσθαι.
1230 2978 1357 3042 ἐπεὶ
1404 2981 1554 3064 μηδὲ
1608 2986 1731 3051 ταῖς
1785 2982 2120 3067 φαντασίαις
2178 2980 2736 3065 συγκατατιθέμεθα,
2790 2978 2862 3064 ἧν
2907 2981 2971 3043 δὲ
3014 2984 3118 3043 τοῦ

511 3099 575 3147 25
614 3078 706 3166 ἐφ’
763 3083 905 3165 ἡμῖν
949 3082 1301 3166 ἀναιρετικὸν
1346 3086 1546 3158 τοῦτο,
1600 3082 1724 3147 οὐδ’
1783 3084 1852 3147 ἂν
1895 3086 1960 3147 τὸ
2009 3084 2102 3168 ἐφ’
2158 3086 2296 3168 ἡμῖν
2343 3082 2492 3146 εἶναί
2530 3106 2582 3145 τι
2628 3084 2932 3168 ἀναιροῖτο.
3023 3084 3118 3146 καὶ
3145 3099 3200 3141 ιο

617 3183 723 3267 γὰρ
768 3183 821 3246 εἰ
868 3183 971 3266 μὲν
1018 3184 1211 3247 εἵπετο
1257 3185 1487 3253 πάντως
1539 3188 1679 3270 ἡμῖν
1725 3188 1790 3250 τὸ
1836 3188 2218 3270 βουλεύεσθαι
2261 3186 2356 3248 ἐπὶ
2403 3188 2564 3270 πάσῃ
2611 3186 2922 3270 φαντασίᾳ,
2978 3184 3116 3255 ἴσως

623 3284 688 3349 ἂν
734 3286 925 3350 ἐδόκει
972 3287 1066 3349 καὶ
1111 3285 1254 3349 αὐτὸ
1300 3286 1406 3351 οὐκ
1450 3286 1546 3372 ἐφ’
1598 3291 1737 3373 ἡμῖν
1782 3290 1948 3367 εἶναι,
1997 3289 2145 3353 ἀλλὰ
2191 3290 2522 3373 σύμπτωμά
2564 3314 2614 3353 τι
2655 3293 2760 3373 τῆς
2803 3288 3117 3373 φαντασίας

615 3388 919 3473 γενόμενον
973 3387 1072 3452 ὑπ’
1127 3388 1337 3473 αὐτῆς,
1390 3389 1459 3453 οὔ
1516 3392 1651 3477 παρ’
1708 3393 1932 3477 ἐκείνης
1987 3393 2050 3455 τὸ
2099 3392 2243 3455 εἶναι
2287 3390 2524 3475 ἔχοντος
2575 3389 2766 3460 ἔδοξεν
2825 3391 2892 3455 ἂν
2937 3393 3033 3455 καὶ
3077 3394 3198 3476 ἡιὸ

614 3490 706 3554 ἐπ’
746 3492 909 3576 αὐτῷ
955 3491 1372 3574 συγκατάθεσις
1416 3492 1543 3557 κατ’
1585 3495 1806 3579 ἐκείνην
1851 3495 2133 3579 γίνεσθαι,
2179 3494 2316 3559 καθ’
2358 3496 2428 3580 ἣν
2475 3496 2568 3557 καὶ
2613 3496 2678 3558 τὸ
2711 3496 3113 3580 βουλεύεσθαι,

509 3612 577 3660 30
611 3592 706 3679 ἐφ’
762 3592 812 3679 ᾦ
869 3596 907 3677 ἡ
963 3594 1399 3678 συγκατάθεσις.
1496 3596 1551 3659 εἰ
1603 3598 1669 3660 δὲ
1724 3598 1806 3681 μὴ
1862 3599 1901 3680 ἢ
1947 3598 2234 3681 φαντασία
2286 3602 2388 3661 τοῦ
2443 3597 2822 3683 βουλεύεσθαι
2873 3600 2969 3662 τὸν
3024 3598 3115 3662 ἄν·

610 3698 847 3782 θρωπον
912 3699 1106 3782 κυρία,
1172 3696 1291 3760 ἀλλ’
1357 3696 1511 3763 ἔστιν
1575 3699 1667 3763 ἐπ’
1736 3700 1901 3785 αὐτῷ
1966 3703 2063 3764 καὶ
2124 3702 2189 3763 τὸ
2253 3700 2680 3786 βουλεύσασθαι
2743 3703 2840 3766 καὶ
2901 3704 2966 3765 τὸ
3031 3706 3112 3789 μή
3141 3720 3197 3762 2⁰

609 3799 875 3882 (πολλαῖς
929 3805 1065 3881 γοῦν
1120 3802 1456 3884 φαντασίαις
1514 3804 1697 3887 χωρὶς
1748 3808 1849 3867 τοῦ
1918 3802 2344 3888 βουλεύσασθαι
2404 3805 2940 3888 συγκατατιθέμεθα
2995 3812 3114 3877 τοῖς

610 3901 836 3985 ἀλόγοις
883 3899 1055 3987 ζῴοις
1102 3904 1578 3988 παραπλησίως),
1632 3904 1753 3969 οὐδ’
1811 3905 1881 3969 ἂν
1928 3907 1964 3989 ἡ
2012 3906 2247 3989 τοιαύτη
2295 3908 2715 3989 συγκατάθεσις
2759 3912 2864 3991 τῆς
2908 3932 3114 3992 φαντα-

612 4004 733 4073 σίας
780 4002 943 4089 ἔργον
990 4004 1083 4089 εἴη
1131 4006 1615 4093 ὑπεναντιουμένη
1662 4008 1722 4070 ἐν
1768 4012 2005 4078 πολλοῖς
2052 4032 2111 4071 τε
2156 4008 2308 4093 αὐτῇ
2358 4012 2453 4073 καὶ
2498 4014 2830 4097 πολλαχῶς.
2923 4016 3008 4077 ὅτι
3055 4012 3104 4078 δ’
3143 4031 3196 4074 25

505 4125 571 4174 35
606 4110 777 4191 ἡμεῖς
821 4112 921 4171 τοῦ
970 4108 1355 4193 βουλεύεσθαι
1408 4112 1538 4195 περὶ
1585 4116 1699 4173 τῶν
1745 4117 2078 4197 φαντασιῶν
2123 4112 2340 4196 κύριοι,
2367 4115 2570 4197 ,δῆλον
2616 4111 2682 4177 ἔκ
2727 4138 2788 4177 τε
2832 4120 2935 4178 τοῦ
2980 4141 3114 4202 προ·

608 4210 912 4295 ειρημένου
970 4214 1073 4273 τοῦ
1120 4212 1277 4294 ἡμᾶς
1322 4210 1477 4297 ἔχειν
1523 4215 1625 4297 τὴν
1672 4214 1932 4283 ἐξουσίαν
1987 4218 2088 4277 τοῦ
2135 4214 2564 4299 βουλεύσασθαί
2605 4239 2668 4279 τε
2711 4218 2804 4281 καὶ
2855 4220 2965 4302 μή,
3019 4221 3114 4283 καὶ

611 4312 692 4397 μὴ
738 4314 841 4397 τὴν
874 4312 1204 4397 φανταΙσίαν
1250 4313 1393 4378 εἶναι
1438 4316 1643 4379 τούτου
1689 4318 1910 4401 κυρίαν.
1987 4318 2039 4379 εἰ
2083 4318 2190 4402 γὰρ
2239 4318 2319 4401 μὴ
2368 4320 2674 4403 φαντασία,
2719 4320 2778 4382 τί
2818 4319 2885 4383 ἂν
2917 4320 3059 4385 ἄλλο
3105 4330 3212 4387 208

504 4504 535 4555 7
574 4504 715 4573 μόνῳ
741 4506 857 4570 Sp.:
897 4508 988 4571 μιν
1026 4503 1143 4557 libri
1310 4504 1461 4572 μόνος
1486 4508 1601 4574 Sp.:
1640 4506 1813 4573 μόνων
1850 4506 1968 4560 libri
2007 4495 2200 4575 (μόνὼν
2226 4507 2389 4573 sioV)
2564 4509 2622 4560 16
2661 4509 2792 4583 αὐτῇ
2829 4512 3039 4579 scripsi:
3078 4514 3220 4585 αὐτῷ

496 4590 615 4644 libri
762 4591 824 4643 17
863 4608 941 4659 pr.
966 4590 1063 4663 τῷ]
1090 4592 1147 4643 τὸ
1174 4610 1205 4644 a
1228 4595 1341 4659 Sp.:
1379 4592 1599 4646 fortasse
1626 4594 1900 4653 delendum
2051 4596 2113 4647 19
2150 4615 2204 4647 τε
2232 4596 2329 4647 del.
2359 4596 2615 4647 Schwartz
2759 4598 2820 4648 21
2863 4600 2896 4669 ἡ
2931 4600 3214 4656 Schwartz:

499 4677 562 4747 ἠν
588 4678 708 4732 libri
851 4678 919 4731 23
956 4677 1228 4748 λεγοίμεθα
1262 4684 1375 4747 Sp.:
1414 4678 1665 4750 λεγόμεθα
1692 4682 1813 4735 libri
1955 4684 2020 4737 24
2060 4685 2205 4754 μηδὲ]
2247 4686 2464 4737 fortasse
2503 4682 2552 4736 δὲ
2581 4686 2649 4753 μὴ
2795 4686 2859 4737 26
2899 4688 2988 4755 μὲν
3013 4692 3055 4741 F
3083 4692 3218 4744 vict.

498 4768 611 4833 Sp.:
649 4766 719 4836 μὴ
760 4769 841 4818 Va
1005 4766 1065 4819 τὸ
1102 4770 1216 4835 Sp.:
1256 4772 1346 4820 τοῦ
1383 4767 1505 4821 libri
1672 4770 1739 4821 34
1778 4768 1911 4842 αὐτῇ
1947 4774 2059 4839 Sp.:
2099 4772 2253 4841 αὐτῆς
2290 4774 2433 4825 librit
2479 4772 2647 4829 αὐτοῖς
2687 4773 2817 4825 Vict.
2987 4775 3054 4828 37
3094 4796 3220 4849 φαν-

498 4854 641 4905 τασία
674 4858 783 4921 Sp.:
824 4854 1099 4924 φαντασίαν
1145 4855 1264 4908 libri
1444 4854 1529 4907 37.
1564 4874 1613 4921 p.
1648 4858 1799 4922 108,1
1842 4858 1966 4912 ἄλλο
2003 4858 2172 4932 τεθείη
2217 4862 2374 4913 Vict.:
2414 4860 2715 4931 ἀλλοιωθείη
2756 4861 2874 4915 libri
