3684 5567
1432 259 1715 317 ΒΙΒΛῙΟΝ
1755 259 2128 317 ἸῈΊἈΡΤΟΝ
2167 263 2236 315 30
3076 267 3197 331 163

582 431 711 517 (εἰς)
760 432 791 495 ὃ
838 434 1204 517 μεταβάλλει.
1295 434 1431 497 ὅταν
1478 436 1582 515 μὲν
1629 434 1729 497 οὖν
1777 435 1920 497 ὦσιν
1965 437 2024 497 αἱ
2072 435 2216 503 ἕξεις
2261 434 2638 518 εὐμετάβολοι
2685 439 2779 500 καὶ
2825 438 2883 499 αἱ
2930 436 3088 498 ἐναν-

581 533 838 619 τιότητες
882 536 966 603 εἰς
1010 536 1289 621 ἀλλήλας,
1334 538 1429 600 καὶ
1476 536 1543 599 ἐκ
1586 542 1703 599 τῶν
1748 536 2020 599 ἐναντίων
2066 538 2235 599 εἰδῶν
2283 539 2320 619 ἡ
2370 538 2664 620 μεταβολὴ
2716 538 2928 619 γίνεται
2972 541 3092 606 τοῖς

582 635 667 705 εἴς
708 659 761 699 τι
806 638 1260 721 μεταβάλλουσιν
1307 639 1507 722 ὥσπερ
1552 639 1647 701 καὶ
1693 638 1758 701 ἐκ
1803 643 1907 721 τῆς
1955 640 2288 721 στερήσεως
2342 643 2442 701 τοῦ
2495 640 2579 706 εἰς
2634 637 2666 699 ὃ
2723 640 3088 723 μεταβάλλει.
3143 655 3170 697 5

584 736 721 800 ὅταν
767 739 832 801 δὲ
876 735 917 820 ᾖ
964 738 1035 801 τὰ
1080 739 1308 802 ἐναντία
1352 743 1609 815 τοιαῦτα,
1664 742 1743 808 ὡς
1799 739 2014 823 μόνιμά
2066 762 2128 801 τε
2181 738 2326 802 εἶναι
2383 741 2479 802 καὶ
2535 741 2615 823 μὴ
2664 741 2876 824 ῥᾳδίως
2923 764 3088 823 μετα·

511 859 542 908 5
581 839 833 922 βάλλειν,
889 841 948 902 αἱ
1005 840 1256 921 γενέσεις
1306 845 1427 910 τοῖς
1480 842 1755 909 τοιούτοις
1808 839 1878 904 ἔκ
1929 865 1992 903 τε
2045 844 2161 903 τῶν
2209 844 2539 925 στερήσεων
2591 841 2837 923 γίνονται
2881 843 2976 904 καὶ
3022 842 3089 905 ἐκ

581 945 696 1003 τῶν
730 940 963 1023 μεταξύ,
1008 940 1107 1026 ἀφ’
1151 944 1233 1005 ὧν
1266 946 1348 1011 ὥς
1378 943 1479 1005 ἀπ’
1522 943 1793 1006 ἐναντίων
1826 945 1924 1006 καὶ
1969 942 2161 1005 αὐτῶν
2207 947 2326 1011 τοῖς
2368 941 2596 1019 εἴδεσιν,
2643 943 2724 1011 εἰς
2769 943 2808 1005 ἃ
2837 944 2876 1025 ἡ
2927 966 3092 1027 μετα-

583 1045 727 1127 βολὴ
783 1044 1014 1126 γίνεται,
1084 1046 1433 1128 μεταβάλλει
1486 1045 1557 1108 τὰ
1612 1043 1904 1127 γινόμενα,
1973 1047 2010 1127 ἡ
2071 1046 2175 1126 μὲν
2241 1049 2357 1107 τῶν
2426 1044 2552 1108 κατ’
2619 1044 2927 1107 ἀλλοίωσιν
2993 1046 3092 1109 καὶ
3120 1064 3174 1105 ιο

582 1144 821 1229 αὔξησιν
866 1145 965 1208 καὶ
1010 1146 1247 1229 μείωσιν
1292 1148 1386 1209 καὶ
1430 1146 1576 1210 κατὰ
1622 1145 1797 1209 τόπον
1846 1147 2138 1230 μεταβολῇ
2188 1145 2456 1228 γινομένη
2512 1146 2747 1229 γένεσις,
2816 1144 2966 1209 οὖσά
3009 1166 3093 1214 τις

483 1268 546 1315 ιο
581 1248 820 1330 γένεσις,
874 1246 1003 1310 ἀλλ’
1058 1246 1171 1332 οὐχ
1239 1249 1443 1316 ἁπλῶς
1508 1248 1726 1330 γένεσις
1792 1248 1853 1317 ἐξ
1907 1248 2192 1325 ἐναντίων,
2250 1249 2288 1331 ἡ
2343 1248 2408 1310 δὲ
2467 1246 2588 1311 κατ’
2648 1248 2844 1311 οὐσίαν
2899 1247 3092 1311 οὐκέτι

583 1350 643 1419 ἐξ
698 1348 985 1427 ἐναντίων,
1054 1346 1171 1411 ἀλλ’
1249 1349 1318 1413 ἐκ
1372 1354 1477 1433 τῆς
1530 1350 1676 1413 κατὰ
1730 1348 2028 1433 ἀντίφασιν
2074 1348 2445 1429 ἀντιθέσεως,
2513 1348 2599 1412 ὅτι
2658 1349 2806 1433 μηδέ
2850 1350 2974 1412 ἐστι
3018 1354 3092 1431 τῇ
3124 1367 3176 1409 15

584 1452 753 1535 οὐσίᾳ
796 1475 850 1514 τι
892 1451 1161 1514 ἐναντίον.

484 1716 503 1767 1
550 1714 618 1773 εἰς
654 1715 771 1766 add.
810 1732 842 1766 a
878 1716 967 1780 Sp.
1180 1714 1233 1765 αἱ
1270 1730 1371 1767 om.
1407 1732 1439 1765 a
1475 1716 1563 1780 Sp.
1778 1714 1809 1765 5
1858 1716 1949 1782 τῆς
1985 1712 2264 1782 στερήσεως
2302 1731 2334 1765 a
2372 1716 2459 1777 Sp.
2697 1712 2728 1765 6
2767 1709 2858 1782 ἀφ’
2900 1712 2974 1764 ὧν
3011 1714 3194 1765 S'FN:

478 1802 623 1872 ἁφῶν
653 1806 715 1854 V:
751 1802 934 1871 ἀμφοῖν
960 1800 1123 1853 S²B²a
1159 1804 1271 1867 Sp.:
1309 1803 1455 1870 ἁφῶν
1480 1804 1548 1854 Βι
1726 1800 1759 1870 ἠ
1799 1816 1898 1852 om.
1936 1817 1969 1851 a
2003 1803 2092 1868 Sp.
2270 1801 2299 1851 ‘1
2339 1799 2391 1853 δὲ
2427 1800 2491 1851 τὰ
2528 1818 2560 1851 a
2595 1802 2683 1867 Sp.
2864 1800 2896 1851 9
2935 1798 3194 1872 μεταβολῇ

480 1889 693 1956 scripsi:
732 1887 988 1959 μεταβολὴ
1024 1890 1193 1943 SFGa
1227 1890 1341 1955 Sp.:
1382 1886 1669 1957 μεταβολὴν
1699 1890 1791 1939 VB
1979 1890 2036 1939 ll
2079 1886 2234 1959 μηδέν
2271 1904 2302 1939 a
2337 1890 2428 1955 Sp.
2619 1886 2680 1938 12
2717 1904 2764 1938 τι
2803 1902 2902 1939 om.
2943 1905 2974 1937 a
3011 1889 3100 1953 Sp.

2674 4914 2801 4979 11*
