3684 5567
1453 235 1738 294 ΒΙΒΛΙΟΝ
1778 236 2057 294 ΠΡΩΤΟΝ
2098 241 2299 294 9-112
3159 243 3237 306 21

625 409 737 492 ὅλῃ
769 410 1252 493 περιειλημμένον
1283 411 1351 475 τὸ
1393 412 1770 494 ὑποκείμενον
1815 419 1901 498 τῷ
1950 414 2199 499 πέμπτῳ
2246 418 2495 497 σώματι,
2541 416 2596 477 εἰ
2638 414 2689 478 δ’
2733 416 2983 499 ὁρίζεται
3030 415 3132 497 τὴν

626 510 764 594 ὕλην
807 512 904 574 καὶ
950 512 1166 586 οὕτως,
1219 512 1470 599 ἔσχατον
1517 515 1896 598 ὑποκείμενον
1951 517 2339 599 ἀρρύθμιστον
2394 514 2527 580 καθ’
2584 517 2755 592 αὑτό,
2810 517 2903 602 εἴη
2952 517 3019 580 ἄν
3066 517 3127 578 ἐν
3158 533 3211 574 ιε

623 617 700 696 τῇ
747 614 932 683 οὕτως
986 615 1098 698 ὕλῃ
1143 616 1433 700 λεγομένῃ
1495 618 1977 700 περιειλημμένον
2022 621 2115 681 καὶ
2162 620 2228 682 τὸ
2274 619 2334 681 ἐν
2388 623 2473 703 τῷ
2518 619 2665 703 θείῳ
2719 623 2945 702 σώματι
3001 621 3134 682 ὑπο·

621 715 899 797 κείμενον.
989 715 1314 800 κοινότερος
1363 718 1475 803 γὰρ
1528 719 1694 788 οὗτος
1748 721 1780 782 ὁ
1833 720 2006 802 λόγος
2050 726 2153 804 τῆς
2210 721 2357 784 κατὰ
2400 723 2464 784 τὸ
2514 722 2891 806 ὑποκείμενον
2937 725 3130 807 ἀρχῆς

551 835 583 884 5
622 818 720 880 καὶ
765 817 1060 904 περιέχων
1105 819 1168 882 ἐν
1214 820 1406 904 ἑαυτῷ
1455 821 1758 905 ἀμφότερα
1800 822 1875 884 τὰ
1920 824 2291 906 ὑποκείμενα.
2361 822 2467 885 οὐκ
2510 824 2563 886 εἰ
2608 823 2799 908 ἕτεραι
2844 825 2910 888 δὲ
2956 825 3130 904 ἀλλή·
3158 838 3214 882 ευ

626 922 744 982 λων
789 921 850 982 αἱ
895 919 1046 996 ὖλαι,
1091 923 1132 1005 ἥ
1176 945 1240 985 τε
1283 923 1342 985 ἐν
1388 928 1472 1006 τῷ
1521 924 1668 1008 θείῳ
1715 928 1946 1007 σώματι
1994 924 2343 1008 ὑποκειμένη
2384 926 2547 1008 καὶὴ
2582 927 2640 988 ἐν
2672 932 2791 995 τοῖς
2822 927 2881 989 ἐν
2912 926 3132 1008 γενέσει

623 1023 718 1084 καὶ
764 1023 984 1106 φθορᾷ,
1029 1023 1146 1106 ἤδη
1191 1025 1287 1088 καὶ
1333 1025 1617 1088 σύνθετοι.
1685 1027 1737 1088 εἰ
1785 1027 1889 1108 μὲν
1934 1027 2042 1110 γὰρ
2090 1026 2160 1111 ἦν
2206 1051 2258 1089 τι
2301 1025 2502 1094 αὐταῖς
2548 1026 2607 1088 ἕν
2650 1051 2700 1089 τι
2733 1027 3132 1110 ὑποκείμενον,

623 1121 742 1187 ἔδει
787 1125 990 1195 αὐταῖς
1034 1128 1351 1210 διαφορῶν,
1397 1127 1532 1190 καθ’
1588 1129 1656 1198 ἃς
1702 1131 2164 1212 εἰδοποιηθεῖσαι
2209 1127 2457 1212 ἔχουσαι
2500 1128 2706 1192 ταύτὸν
2754 1131 3130 1214 ὑποκείμενον
3158 1147 3212 1189 25

623 1225 892 1307 ἀλλήλων
948 1227 1312 1310 διαφέρουσι·
1382 1231 1436 1292 εἰ
1489 1231 1554 1293 δέ
1606 1231 1746 1294 εἰσιν
1803 1231 2021 1314 ἕτεραι,
2082 1234 2270 1312 πάντῃ
2318 1230 2423 1292 οὐκ
2477 1231 2699 1313 ἀνάγκη
2754 1231 2931 1301 αὐτὰς
2984 1235 3132 1296 κατά

519 1348 584 1394 10
620 1351 774 1396 τινας
817 1329 1144 1398 εἰδοποιοὺς
1187 1330 1468 1415 διαφορὰς
1514 1333 1784 1416 ἀλλήλων
1836 1333 1841 1416 ξ
1893 1333 2210 1416 διαφέρειν·
2282 1333 2418 1395 οὐδὲ
2462 1333 2569 1415 γὰρ
2613 1334 2680 1394 τὸ
2726 1333 2880 1402 εἶδος
2936 1336 3030 1397 καὶ
3086 1337 3124 1418 ἡ
3162 1343 3235 1400 45

622 1431 754 1514 ὕλη,
799 1431 925 1493 ἐπεὶ
972 1431 1140 1516 ἕτερα
1185 1433 1480 1518 ἀλλήλων,
1524 1436 1618 1498 διὰ
1663 1438 1832 1498 τοῦτο
1878 1437 1972 1498 καὶ
2018 1435 2284 1498 σύνθετα.

617 1669 750 1734 XI⁸.
845 1669 997 1739 Πῶς
1043 1669 1314 1754 εἴρηται
1359 1671 1429 1733 ἐν
1475 1677 1568 1755 τῷ
1603 1685 1639 1734 ᾶ
1676 1671 1836 1754 Περὶ
1886 1677 2143 1756 ψυχῆς·
2192 1672 2267 1733 τὸ
2313 1673 2439 1756 γὰρ
2486 1677 2665 1757 ζῷον
2699 1673 2771 1736 τὸ
2804 1674 3120 1736 καθόλου

1327 1771 1482 1856 ἤτοι
1528 1775 1732 1837 οὐδέν
1778 1773 1966 1837 ἐστιν
2012 1773 2051 1857 ἢ
2100 1775 2407 1856 ὕστερον.
3180 1789 3209 1830 ⁶

783 1941 1086 2027 Ἐζητεῖτο
1131 1947 1260 2013 πῶς
1302 1943 1526 2027 εἴρηται
1571 1944 1631 2006 ἐν
1679 1950 1764 2028 τῷ
1815 1948 2035 2028 πρώτῳ
2086 1943 2229 2028 Περὶ
2274 1949 2474 2028 ψυχῆς
2518 1943 2617 2007 ὑπ’
2668 1944 3125 2029 Ἀριστοτέλους,

521 2065 580 2115 15
621 2046 698 2109 τὸ
751 2047 882 2130 γὰρ
939 2051 1120 2130 ζῷον
1175 2048 1249 2109 τὸ
1307 2046 1624 2108 καθόλου
1685 2047 1845 2130 ἤτοι
1900 2046 2104 2109 οὐδέν
2159 2048 2343 2109 ἐστιν
2402 2047 2439 2128 ἦ
2486 2047 2795 2132 ὕστερον.
2886 2047 3125 2125 ὅτι-μὲν

620 2147 718 2212 οὖν
765 2149 1000 2212 δύναται
1045 2147 1465 2232 παραδείγματι
1509 2155 1594 2232 τῷ
1643 2148 1783 2234 εῴῳ
1830 2150 2162 2233 κεχρῆσθαι
2206 2154 2320 2210 τῶν
2368 2149 2461 2210 ἐπὶ
2508 2154 2611 2232 τῆς
2642 2155 2842 2233 ψυχῆς
2882 2151 2977 2212 καὶ
3010 2153 3124 2210 τῶν
3155 2163 3209 2205 ιο

617 2252 770 2314 οὕτω
831 2244 1160 2334 λεγομένων
1215 2250 1472 2314 καθόλου
1529 2256 1610 2320 ὡς
1655 2254 1720 2314 τὸ
1767 2258 1996 2336 πρῶτον
2051 2250 2209 2336 ἔχειν
2264 2252 2357 2314 καὶ
2416 2252 2711 2334 δεύτερον,
2772 2251 3125 2337 βουλόμενος

615 2353 776 2424 ὅπως
829 2353 962 2439 ἔχει
1016 2354 1225 2429 δεῖξαι,
1285 2354 1515 2438 εἴρηταί
1567 2379 1663 2436 μοι
1719 2357 1777 2417 ἐν
1832 2360 1917 2438 τῷ
1964 2356 2047 2422 εἰς
2100 2355 2283 2417 ἐκεῖνο
2340 2356 2403 2416 τὸ
2460 2353 2677 2438 βιβλίον
2721 2341 3121 2437 ’ὑπομνήματα

615 2454 802 2519 ἔνεστι
855 2455 1050 2538 μέντοι
1099 2457 1166 2518 τὸ
1219 2456 1525 2540 εἰρημένον
1581 2458 1678 2519 καὶ
1732 2457 1826 2519 ἐπὶ
1884 2462 1987 2520 τοῦ
2041 2456 2197 2541 ζῳου
2244 2457 2339 2519 καὶ
2386 2457 2479 2519 ἐπὶ
2525 2461 2641 2518 τῶν
2691 2458 2896 2540 κυρίως
2942 2455 3123 2519 ὄντων
3156 2473 3205 2515 15

509 2577 580 2624 20
613 2562 794 2640 γενῶν
841 2557 1174 2642 ἐφαρμόζον
1221 2558 1422 2627 δεῖξαι.
1491 2560 1619 2622 ἐπεὶ
1663 2560 1772 2641 γὰρ
1818 2560 1891 2622 τὰ
1933 2559 2071 2643 γένη
2120 2557 2397 2634 καθόλου,
2443 2559 2509 2621 τὸ
2556 2559 2620 2621 δὲ
2664 2559 2921 2621 καθόλου
2956 2562 3123 2620 τινῶν

611 2659 704 2734 ὅν,
766 2657 830 2722 ὅν
882 2684 934 2722 τι
988 2659 1246 2724 καθόλου
1303 2661 1474 2724 ἐστίν.
1565 2662 1633 2724 οὐ
1687 2661 1794 2744 γὰρ
1854 2664 1926 2745 δὴ
1984 2661 2164 2744 μηδέν
2217 2685 2270 2723 τι
2326 2661 2388 2724 ὃν
2445 2662 2705 2723 καθόλου
2751 2660 2815 2723 τέ
2858 2661 2980 2723 ἐστι
3027 2663 3123 2724 καὶ

611 2763 772 2844 γένος
815 2763 909 2826 καὶ
955 2762 1308 2844 συνωνύμως
1352 2769 1775 2847 κατηγορεῖται,
1825 2764 1974 2826 ἀλλὰ
2020 2765 2112 2826 δεῖ
2152 2786 2203 2824 τι
2246 2763 2391 2826 εἶναι
2438 2767 2695 2845 πρᾶγμα,
2743 2757 2793 2848 ᾦ
2844 2763 2909 2826 τὸ
2950 2763 3123 2826 καθό·

609 2869 712 2927 λου
757 2863 1146 2949 συμβέβηκεν,
1191 2866 1288 2928 καὶ
1336 2862 1487 2926 ἔστιν
1534 2865 1720 2928 ἐκεῖνο
1769 2867 1872 2946 μὲν
1906 2867 2143 2948 πρᾶγμά
2174 2890 2226 2929 τι
2258 2861 2307 2951 ᾧ
2348 2865 2409 2927 τὸ
2444 2866 2699 2928 καθόλου
2733 2865 3119 2949 συμβέβηκεν,
3148 2881 3206 2923 m

610 2969 674 3029 τὸ
721 2968 787 3030 δὲ
831 2967 1090 3030 καθόλου
1136 2966 1205 3029 οὐ
1251 2968 1494 3049 πρᾶγμά
1537 2990 1587 3028 τι
1632 2967 1865 3050 κυρίως,
1912 2968 2061 3031 ἀλλὰ
2106 2965 2475 3052 συμβεβηκός
2518 2991 2569 3029 τι
2614 2966 2799 3052 ἄλλῳ.
2890 2968 3011 3030 οἷον
3056 2970 3121 3031 τὸ

501 3089 570 3138 25
609 3074 765 3154 ζῷον
821 3070 1062 3152 πρᾶγμά
1115 3069 1176 3132 τί
1211 3067 1334 3131 ἐστι
1389 3069 1484 3131 καὶ
1530 3069 1762 3153 φύσεώς
1820 3093 1969 3139 τινος
2023 3069 2371 3150 δηλωτικόν,
2442 3069 2707 3152 σημαίνει
2760 3069 2867 3152 γὰρ
2922 3069 3120 3132 οὐσίαν

607 3170 872 3255 ἔμψυχον
918 3170 1294 3253 αἰσθητικήν,
1341 3169 1374 3232 ὃ
1421 3171 1568 3233 κατὰ
1614 3172 1718 3251 μὲν
1763 3172 1868 3253 τὴν
1900 3173 2076 3234 αὑτοῦ
2110 3170 2280 3254 φύσιν
2312 3170 2419 3234 οὐκ
2449 3167 2572 3232 ἔστι
2602 3170 2877 3235 καθόλου.
2954 3172 3120 3236 οὐδὲν
3148 3189 3203 3231 25

607 3274 716 3356 γὰρ
761 3274 934 3356 ἧττον
984 3269 1144 3336 ἔσται
1190 3273 1286 3334 καὶ
1331 3273 1384 3334 εἰ
1430 3272 1492 3335 ἓν
1537 3271 1664 3335 κατ’
1722 3274 1971 3356 ἀριθμὸν
2019 3273 2331 3356 ὑποτεθείη
2390 3277 2542 3356 ζῷον
2588 3271 2772 3355 εἷΙναι.
2866 3275 3117 3359 ὑπάρχει
3151 3283 3225 3340 46

606 3377 672 3438 δὲ
716 3376 880 3461 αὐτῷ’
929 3375 1048 3438 ὄντι
1093 3376 1336 3458 τοιούτῳ
1383 3373 1444 3436 ἐν
1477 3375 1730 3438 πλείοσιν
1763 3373 1909 3436 εἶναι
1941 3376 2035 3438 καὶ
2068 3373 2193 3438 κατ’
2229 3375 2383 3443 εἶδος
2414 3375 2686 3458 ἀλλήλων
2730 3376 3115 3460 διαφέρουσιν.

553 3493 566 3504 ·
605 3479 971 3563 συμβέβηκεν
1025 3477 1124 3542 οὖν
1179 3478 1340 3561 αὐτῷ
1400 3481 1589 3540 τοῦτο.
1681 3476 1712 3539 ὃ
1765 3477 1874 3558 γὰρ
1933 3478 2013 3560 μὴ
2070 3477 2131 3538 ἐν
2186 3481 2263 3559 τῇ
2320 3476 2489 3560 οὐσία
2540 3477 2692 3544 τινὸς
2745 3477 2809 3540 ὃν
2866 3479 3119 3564 ὑπάρχει

497 3599 567 3649 30
603 3581 764 3664 αὐτῷ
815 3581 1203 3666 συμβεβηκός.
1294 3579 1423 3642 ἐπεὶ
1469 3579 1656 3641 τοίνυν
1702 3579 1767 3640 τὸ
1812 3577 1978 3660 γένος
2020 3580 2085 3640 τὸ
2130 3584 2359 3642 τοιοῦτο
2414 3578 2482 3641 οὐ
2538 3581 2777 3662 πρᾶγμά
2830 3604 2913 3656 τι,
2969 3583 3119 3645 ἀλλὰ
3172 3599 3199 3640 5

603 3685 969 3768 συμβεβηκὸς
1012 3685 1332 3766 πράγματι,
1393 3680 1554 3745 εἶπεν
1599 3681 1741 3744 αὐτὸ
1792 3679 2202 3765 Ἀριστοτέλης
2254 3681 2343 3764 “ἣ
2393 3681 2610 3765 μηδὲν
2666 3680 2931 3760 εἶναι”,
2988 3685 3114 3748 ἐπεὶ

493 3943 526 3993 2
564 3939 898 4012 ἀρρύθμιστον
937 3939 1052 3992 V²B
1079 3939 1196 4007 Sp.:
1235 3937 1540 4010 ἀρυθμιστον
1567 3941 1707 3992 V'F:
1747 3939 2051 4012 ἀρυθμιστὸν
2093 3943 2259 3994 GSLa
2472 3938 2603 3993 καθ’
2629 3940 2755 3993 αὑτό
2780 3942 2919 3994 v²132
2942 3943 3057 4010 Sp.:
3096 3941 3219 3996 κατ’

493 4028 619 4081 αὐτό
657 4029 744 4094 (αυ
781 4029 838 4079 in
877 4027 978 4093 lit.)
1015 4028 1374 4080 V¹GFSB¹La
1551 4027 1582 4079 3
1621 4025 1715 4096 ὕλῃ
1757 4043 1857 4079 om.
1898 4029 2048 4080 FS¹L
2226 4029 2257 4080 4
2298 4027 2324 4080 ὁ
2362 4027 2508 4096 λόγος
2544 4027 2688 4086 οὗτος
2726 4047 2757 4080 a
2791 4029 2880 4097 Sp.
3062 4031 3091 4082 9
3130 4029 3223 4084 διέ-

491 4132 643 4184 φέρον
677 4113 752 4168 B²
937 4113 994 4165 12
1033 4115 1142 4184 περὶ
1179 4114 1368 4186 ψυχῆς]
1407 4113 1470 4166 de
1507 4129 1590 4166 an.
1631 4115 1670 4178 1,
1705 4117 1746 4167 l.
1775 4115 1950 4167 402127
2156 4115 2216 4166 16
2272 4121 2379 4166 τῶν
2422 4117 2631 4168 GFSLa
2668 4115 2784 4183 Sp.:
2840 4116 2897 4168 τὸ
2936 4117 2986 4182 (ὁ
3024 4119 3081 4170 iu
3120 4135 3219 4171 ras.

495 4203 600 4268 ω’)
643 4205 716 4254 B:
771 4186 866 4254 τῶι
904 4203 981 4254 sic
1016 4205 1059 4251 V
1278 4201 1340 4252 18
1379 4201 1483 4270 ἔχει
1511 4204 1772 4254 GFBLSa
1809 4203 1925 4268 Sp.:
1963 4201 2077 4274 ἔχηι
2116 4203 2169 4270 (η
2206 4203 2265 4263 in
2304 4202 2405 4268 lit.)
2444 4207 2487 4253 V
2706 4202 2773 4256 20
2808 4202 2868 4255 τὸ
2906 4207 3119 4272 scripsi:
3157 4207 3221 4258 τὰ

490 4290 612 4342 libri
649 4289 710 4342 cf.
752 4287 916 4352 2323
1130 4293 1282 4338 τινῶν
1330 4287 1404 4352 ὅν,
1451 4287 1507 4340 ὄν
1553 4307 1600 4342 τι
1645 4291 1830 4356 scripsi
1880 4289 1942 4341 cf.
1982 4290 2080 4341 ib.:
2136 4297 2287 4342 τινῶν
2328 4289 2447 4342 ὄντα
2486 4292 2677 4344 G¹LS:
2732 4296 2885 4342 τινῶν
2932 4289 3034 4344 ὄντι
3074 4293 3215 4345 vB¹=

492 4383 644 4429 τινῶν
682 4374 844 4428 ὄντων
887 4374 1006 4427 B²a2
1045 4380 1196 4426 τινῶν
1235 4372 1290 4426 ὃν
1325 4382 1430 4426 τῶν
1468 4375 1554 4428 8³:
1593 4393 1640 4426 τι
1679 4375 1798 4428 ὄντα
1825 4377 1918 4429 G2:
1956 4378 2002 4428 τὶ
2042 4395 2143 4426 νων
2182 4375 2299 4428 ὄντα
2336 4381 2378 4429 F
2591 4376 2681 4428 alt.
2720 4374 2943 4429 καθόλου
2982 4383 3147 4430 om.L

491 4463 560 4515 23
595 4463 798 4531 πρᾶγμά
841 4479 890 4513 τι
929 4461 1130 4516 v²GLa
1165 4461 1277 4529 Sp.:
1335 4481 1536 4531 πραγμα
1574 4481 1620 4514 τι
1661 4465 1757 4514 V':
1815 4465 2067 4532 πράγματι
2104 4467 2143 4514 Ε·
2360 4464 2425 4516 26
2466 4463 2623 4516 αὺτοῦ
2664 4465 2730 4515 V¹
2771 4465 2925 4530 (corr.
2966 4465 3073 4532 m‘·')

491 4549 556 4600 27
613 4547 880 4617 ὒποτεθείη
920 4549 1034 4616 Sp.:
1091 4547 1314 4621 ὑποτεθῇ
1361 4555 1532 4604 VGB:
1588 4549 1810 4620 ὓποτέθη
1862 4555 2023 4604 Fsha
2270 4551 2484 4624 ὑπάρχει
2524 4551 2759 4604 V²Bs²a
2798 4551 2921 4618 Sp.:
2978 4551 3217 4625 ὑπάρχειν

491 4637 782 4690 S¹V¹GFL
997 4637 1062 4687 '29
1119 4636 1335 4688 fortasse
1382 4637 1440 4688 τὸ
1486 4638 1578 4705 γὰρ
1793 4637 1863 4688 30
1918 4637 1976 4688 τὸ
2022 4641 2219 4689 τοιοῦτο
2258 4637 2473 4690 v²BS²a
2511 4638 2625 4706 Sp.:
2682 4643 2879 4692 τοιοῦτο
2922 4641 3215 4694 V¹S¹GFL

491 4723 554 4775 cf.
582 4723 694 4788 24‚1
914 4723 974 4775 31
1021 4723 1340 4792 συμβεβηκότι
1383 4726 1446 4776 V¹
1663 4725 1867 4794 πρᾶγμά
1912 4743 1959 4776 τι
1998 4743 2029 4775 a
2065 4725 2179 4791 Sp.:
2236 4723 2490 4793 πράγματί
2536 4741 2627 4776 τινι
2676 4725 3103 4795 'l'rendeleuburg
3152 4728 3215 4780 de

490 4809 600 4860 an.²
637 4826 683 4877 p.
718 4809 812 4860 ΗΠ
