3684 5567
1133 267 1293 323 ΠΕΡΙ
1334 267 1652 325 ΚΡΑΣΕΩΣ
1695 268 1813 324 ΚΑΙ
1858 268 2210 326 ΑΥΞΗΣΕΩΣ
2241 273 2443 326 15-16
3022 272 3148 336 233

535 465 651 504 των
697 443 793 505 καὶ
841 444 1104 514 σώζοντα
1148 443 1252 512 τὰς
1296 445 1424 526 περὶ
1471 448 1576 527 τῆς
1619 444 1883 527 κράσεως
1930 445 2123 513 κοινὰς
2168 447 2509 530 προλήψεις,
2566 445 2740 526 μόνος
2776 444 3042 527 Ἀριστο-

531 543 701 627 τέλης
769 544 862 628 εἴη
930 542 999 607 ἄν
1044 547 1142 608 τὸν
1209 545 1408 631 ἀληθῆ
1455 547 1585 629 περὶ
1629 551 1734 629 τῆς
1779 548 2044 630 κράσεως
2108 547 2506 617 ἀποδεδωκὼς
2563 550 2752 630 λόγον.
2844 546 2930 608 ὅτι
2977 547 3043 608 δὲ

534 643 658 728 (τὰ)
697 648 1008 730 κιρνάμενα
1053 648 1382 730 διαιροῦντά
1423 671 1486 710 τε
1530 652 1761 730 πρῶτον
1808 648 2037 733 ἄλληλα
2086 649 2093 732 Ι
2142 654 2239 713 καὶ
2281 655 2359 734 τῇ
2408 651 2557 714 κατὰ
2604 650 2779 734 μικρὰ
2825 673 3004 732 παρα·
3048 653 3145 712 617

531 747 696 810 θέσει
727 747 1129 832 εὐπαθέστερα
1171 749 1441 833 γινόμενα
1474 751 1702 813 ἑνοῦται
1729 775 1794 813 τε
1838 753 1933 814 καὶ
1967 753 2267 833 ὁμοιοῦται
2312 753 2459 817 κατὰ
2491 753 2555 815 τὸ
2603 751 2753 819 εἶδος
2800 753 2894 814 καὶ
2940 751 3044 819 τὰς

461 869 491 916 5
529 849 895 934 ὁμοιότητας,
941 853 1036 915 καὶ
1081 851 1228 914 κατὰ
1275 854 1379 935 τὴν
1427 851 1702 936 αἴσθησίν
1749 853 1871 916 ἐστι
1916 857 2225 939 γνώριμον.
2302 854 2416 923 ἕως
2459 855 2567 938 γὰρ
2614 852 2697 916 ἔτι
2744 854 2900 936 μένει
2931 858 3045 915 τῶν

2083 959 2099 980 e
2165 957 2182 978 ι’
2242 953 2257 978 ²
2320 957 2335 978 5

532 1075 714 1138 κρισις
778 1057 972 1120 αὐτῶν
1040 1057 1136 1119 καὶ
1204 1057 1321 1118 ἀπὸ
1387 1061 1492 1138 τῆς
1557 1061 1674 1119 τῶν
1742 1061 2076 1142 χρωμάτων
2143 1061 2425 1143 διαφορᾶς
2468 1060 2681 1140 γίνεται
2725 1061 3037 1142 γνώριμος·
3094 1073 3123 1114 5

533 1157 678 1240 ὑγρὰ
724 1155 859 1222 ὄντα
905 1160 1003 1222 καὶ
1047 1157 1370 1240 εὐδιαίρετα
1413 1160 1510 1221 καὶ
1556 1158 1802 1240 ἀνόμοια
1849 1160 1961 1223 ὑπὸ
2010 1167 2113 1245 τῆς
2157 1165 2386 1244 πληγῆς
2428 1166 2531 1245 τῆς
2577 1160 2723 1224 κατὰ
2767 1161 2873 1243 τὴν
2918 1161 3041 1222 ἐπί-

534 1247 708 1344 χυσιν
753 1260 986 1344 θατέρῳ
1034 1259 1280 1343 θάτερον
1327 1261 1518 1344 ἀρχὴν
1561 1260 1814 1345 λαβόντα
1863 1267 1964 1326 τοῦ
2010 1266 2243 1348 διαιρεῖν
2289 1265 2537 1347 ἄλληλα,
2608 1261 2745 1326 ὄντα
2788 1264 2884 1326 καὶ
2930 1263 3042 1325 ἀνι·

429 1382 494 1429 ιο
531 1362 813 1446 σόρροπα,
857 1365 912 1426 εἰ
956 1363 1143 1431 οῦτως
1186 1362 1376 1448 τύχοι,
1423 1364 1490 1426 τὸ
1537 1363 1642 1446 μὲν
1689 1364 2005 1449 βαρύτερον
2052 1365 2242 1429 αὐτῶν
2276 1369 2531 1452 διαιροῦν
2579 1365 2815 1450 φέρεται
2860 1365 3042 1440 κάτω,

532 1469 634 1527 τοῦ
681 1465 745 1528 δὲ
789 1465 1150 1550 κουφοτέρου
1219 1465 1290 1527 τὰ
1337 1462 1510 1548 μόρια
1556 1465 1981 1550 ὑποχωροῦντα
2038 1473 2157 1536 τοῖς
2212 1468 2545 1552 βαρυτέροις
2612 1469 2896 1551 ἐπιπολῆς
2940 1468 3042 1530 αὐ-
3072 1482 3126 1524 1⁰

530 1571 647 1629 τῶν
691 1567 928 1632 σπεύδει
970 1567 1263 1649 γενέσθαι.
1343 1568 1415 1650 ἢν
1461 1569 1702 1652 τοπικὴν
1751 1571 2066 1653 μετάβασιν
2110 1569 2304 1633 αὐτῶν
2374 1571 2567 1655 ἵστησι
2620 1571 2955 1654 φθάνουσαν
3001 1571 3040 1652 ἡ

531 1669 678 1732 κατὰ
723 1669 890 1753 πάθη
938 1669 1256 1754 μεταβολή,
1304 1671 1515 1734 ἐνοῦσα
1559 1669 1712 1732 αὐτὰ
1755 1674 1832 1754 τῇ
1879 1671 2027 1734 κατὰ
2072 1673 2259 1734 πάντα
2304 1673 2622 1756 ὁμοιότητι,
2682 1673 2713 1736 ὃ
2759 1674 2855 1736 καὶ
2900 1671 3041 1734 αὐτὸ

363 1787 494 1841 XVI
543 1777 616 1856 τῇ
667 1771 796 1856 ὄψει
841 1773 1053 1856 γίνεται
1095 1775 1404 1856 γνώριμον.
1488 1769 1648 1836 Ἐπεὶ
1694 1773 1760 1835 δὲ
1803 1775 1948 1856 πρὸς
1991 1776 2356 1857 κατασκευὴν
2422 1780 2522 1838 τοῦ
2569 1780 2742 1859 σῶμα
2787 1775 2881 1839 διὰ
2928 1776 3042 1837 σώ-

425 1897 492 1942 15
531 1899 708 1956 ματος
751 1881 970 1960 χωρεῖν
1015 1879 1274 1960 χρῶνται
1320 1876 1415 1938 καὶ
1461 1881 1584 1942 ταῖς
1627 1879 1744 1938 τῶν
1792 1873 1965 1959 ζῴων
2012 1875 2109 1938 διὰ
2177 1881 2283 1960 τῆς
2340 1885 2561 1962 τροφῆς
2605 1878 2915 1962 αὐξήσεσιν
2962 1877 3043 1960 (εἰ
3072 1892 3124 1933 15

528 1978 638 2062 γὰρ
685 1976 974 2062 [αὔξησις]
1021 1982 1095 2059 τῇ
1128 1977 1444 2062 προσθήκῃ
1477 1982 1582 2063 τῆς
1627 1983 1845 2063 τροφῆς
1891 1980 2081 2060 πάντῃ
2127 1979 2222 2042 καὶ
2275 1979 2505 2048 αὔξεται
2548 1981 2619 2044 τὰ
2661 1980 3042 2062 αὐξανόμενα,

529 2083 718 2162 πάντῃ
765 2078 833 2142 ἂν
879 2081 916 2162 ἠ
964 2081 1150 2162 τροφὴ
1197 2082 1600 2163 προσκρίνοιτο
1667 2085 1754 2164 τῷ
1801 2080 2124 2165 ὑπάρχοντι
2192 2085 2448 2163 σώματι·
2518 2082 2632 2168 οὐχ
2686 2082 2807 2145 οἷόν
2861 2106 2924 2146 τε
2977 2083 3042 2143 δὲ

531 2184 720 2264 πάντῃ
789 2183 1211 2265 προσκριθῆναι
1265 2182 1370 2262 τὴν
1429 2182 1511 2265 μὴ
1579 2182 1676 2244 διὰ
1741 2181 1955 2252 παντός
2006 2206 2071 2246 τε
2134 2185 2229 2246 καὶ
2276 2185 2419 2268 πρὸς
2487 2189 2600 2248 πᾶν
2670 2186 3039 2270 ἐνεχθεῖσαν·

531 2283 649 2346 ἀλλ’
705 2286 757 2347 εἰ
802 2285 898 2348 διὰ
943 2286 1155 2352 παντὸς
1200 2285 1237 2366 ἡ
1282 2286 1471 2368 τροφὴ
1517 2289 1620 2348 τοῦ
1666 2288 1939 2368 σώματος
1985 2284 2243 2370 φέρεται,
2292 2291 2465 2368 σῶμα
2510 2285 2675 2364 οὖσα,
2733 2288 3039 2370 ἀναγκαῖον
3070 2303 3126 2344 20

423 2408 494 2454 20
531 2388 675 2452 εἶναι
725 2386 897 2461 δόξει,
945 2390 1119 2470 σῶμα
1165 2387 1261 2450 διὰ
1293 2391 1566 2471 σώματος
1598 2391 1836 2472 χωρεῖν,
1884 2387 2033 2470 εἴγε
2081 2388 2272 2471 μόνως
2319 2391 2506 2458 οῦτως
2550 2390 2672 2453 οἷόν
2718 2413 2781 2450 τε
2825 2391 2944 2471 τὴν.
2976 2390 3043 2452 ἐκ

531 2496 634 2574 τῆς
697 2495 918 2574 τροφῆς
989 2490 1334 2574 προσθήκην
1401 2491 1570 2552 παντὶ
1615 2494 1704 2575 τῷ
1751 2491 2095 2576 τρεφομένῳ
2152 2493 2415 2574 γίνεσθαι
2467 2493 2747 2574 σώματι),
2813 2491 2901 2554 ὅτι
2945 2489 3043 2554 οῦν

534 2596 616 2676 μὴ
663 2593 850 2660 οὕτως
895 2592 960 2654 τὸ
1006 2591 1332 2676 τρέφεσθαί
1369 2615 1430 2654 τε
1475 2593 1572 2655 καὶ
1602 2591 1884 2662 αὔξεσθαι
1924 2595 2133 2676 γίνεται
2180 2593 2379 2676 (οὐδὲν
2425 2594 2534 2677 γὰρ
2578 2597 2695 2655 τῶν
2742 2593 3043 2657 ἀδυνάτων

529 2696 774 2779 γίνεται)
801 2694 946 2777 φέρε
989 2693 1036 2776 †
1065 2695 1159 2758 καὶ
1206 2695 1288 2757 ὧν
1335 2695 1653 2779 ἐκθέμενος
1697 2697 1801 2780 τὴν
1862 2695 2283 2781 Αριστοτέλους
2329 2695 2495 2765 δόξαν
2540 2698 2646 2779 τὴν
2692 2698 2823 2780 περὶ
2869 2695 3042 2779 αὐξή-

533 2802 684 2868 σεώς
726 2821 788 2860 τε
835 2799 931 2861 καὶ
965 2802 1214 2882 -τροφῆς.
1295 2799 1614 2882 ποιήσομαι
1681 2797 1747 2861 δὲ
1813 2798 1911 2861 τὸν
1979 2797 2146 2880 λόγον
2192 2799 2287 2860 ἐπὶ
2331 2804 2449 2861 τῶν
2512 2799 2720 2882 κυρίως
2766 2797 3044 2867 αὔξεσθαι
3072 2815 3125 2856 25

424 2920 490 2969 25
531 2901 879 2983 λεγομένων,
944 2900 1040 2962 ἐπὶ
1083 2900 1301 2964 τούτων
1346 2901 1454 2986 γὰρ
1501 2901 1596 2964 καὶ
1642 2903 1680 2984 ἡ
1728 2901 1943 2984 ἀπορία
1986 2900 2239 2984 πρόεισιν
2262 2923 2278 2940 ·
2338 2898 2460 2964 ἔστι
2499 2903 2564 2964 δὲ
2608 2906 2791 2964 ταῦτα
2834 2899 2906 2964 τὰ
2951 2901 3045 2964 διὰ

531 3008 632 3067 τοῦ
676 3003 996 3087 τρέφεσθαι
1037 3004 1144 3085 τὴν
1191 3003 1539 3088 προσθήκην
1582 3004 1975 3088 λαμβάνοντα.
2064 3002 2336 3086 τρέφεται
2402 3005 2468 3066 δὲ
2515 3005 2623 3067 ὅσα
2669 3005 2773 3086 τὴν
2820 3004 3046 3086 θρεπτι-

532 3109 639 3190 κὴν
687 3105 814 3190 ἔχει
859 3105 1097 3185 δύναμιν
1144 3105 1205 3168 ἐν
1249 3105 1462 3184 αὑτοῖς,
1515 3103 1522 3188 Ι
1571 3110 1810 3170 τοιαῦτα
1854 3107 1921 3169 δὲ
1963 3106 2037 3168 τὰ
2080 3106 2239 3190 φυτὰ
2283 3107 2381 3169 καὶ
2423 3105 2497 3169 τὰ
2544 3110 2693 3191 ζῷα.
2773 3105 2883 3169 ὅσα
2928 3108 3001 3190 δὴ
3052 3113 3149 3169 618

532 3215 652 3278 τοῖς
695 3210 880 3277 οὕτως
925 3207 1333 3290 αὐξανομένοις
1377 3209 1631 3294 ὑπάρχει
1703 3211 1798 3273 καὶ
1867 3209 1977 3273 ὅσα
2023 3211 2119 3272 δεῖ
2158 3211 2464 3293 φυλάττειν
2518 3209 2651 3276 τοὺς
2704 3210 2835 3292 περὶ
2880 3208 3049 3292 αὐξή-

537 3333 685 3379 σεως
730 3312 1024 3393 λέγοντας,
1095 3311 1316 3394 ἀνάγκη
1371 3315 1552 3375 ταῦτα
1605 3315 1836 3396 πρῶτον
1902 3311 2220 3376 ἐκθέσθαι·
2296 3317 2478 3375 ταῦτα
2541 3312 2649 3394 γὰρ
2702 3313 2841 3395 ἡμῖν
2910 3309 3045 3373 ὄντα

431 3435 500 3483 30
535 3418 795 3499 γνώριμα
842 3413 1176 3477 συντελέσει
1220 3414 1364 3496 πρὸς
1406 3415 1512 3496 τὴν
1555 3418 1672 3476 τῶν
1720 3413 2146 3498 ῥηθησομένων
2194 3415 2397 3498 κρίσιν.
2474 3415 2547 3476 τὰ
2579 3416 2652 3498 δὴ
2683 3413 3043 3496 αὐξανόμενα

540 3520 726 3584 πάντα
769 3515 1108 3600 προσιόντος
1149 3515 1215 3596 γέ
1246 3539 1394 3585 τινος
1439 3517 1637 3585 αὑτοῖς
1681 3515 1900 3586 ἔξωθεν
1946 3516 2195 3596 αὔξεται,
2242 3515 2304 3580 εἴ
2324 3540 2390 3598 γε
2446 3516 2538 3580 διὰ
2581 3521 2683 3581 τοῦ
2730 3517 3048 3601 τρέφεσθαι
3102 3533 3131 3574 5

533 3623 598 3685 τὸ
643 3620 924 3688 αὔξεσθαι
963 3620 1200 3701 γίνεται,
1271 3616 1355 3681 ἔτι
1399 3640 1461 3680 τε
1506 3617 1626 3703 (οὐ)
1669 3619 1819 3681 κατὰ
1866 3620 2064 3702 μόριον
2109 3621 2214 3703 τὴν
2270 3618 2524 3681 ἐπίδοσιν
2582 3621 2887 3704 λαμβάνει.
2977 3620 3045 3682 οὐ

532 3724 639 3807 γὰρ
685 3723 748 3786 ἕν
794 3746 850 3786 τι
898 3724 935 3806 ἡ
982 3720 1220 3806 αὔξησις
1263 3725 1380 3790 τοῖς
1426 3719 1834 3800 αὐξανομένοις
1898 3720 2048 3783 κατὰ
2092 3721 2284 3804 φύσιν,
2354 3721 2555 3804 ὥσπερ
2599 3721 2687 3790 οἷς
2732 3719 2951 3791 ἔξωθέν
2994 3746 3047 3786 τι

434 3958 455 4008 1
497 3957 691 4013 κοινοὺς
715 3974 748 4008 a
898 3956 940 4006 l.
969 3954 1002 4006 2
1038 3950 1401 4023 Ἀριστοτέλους
1425 3955 1506 4006 Ra
1649 3950 1680 4002 2
1717 3948 1871 4018 λόγου
1896 3968 1928 4001 a
2078 3951 2110 4003 3
2146 3951 2212 4004 τὰ
2238 3951 2417 4006 addidi
2561 3953 2845 4026 διαιροῦντά
2875 3955 3157 4008 Schwartz:

367 4033 374 4038 ¹
427 4043 680 4114 διαιρεῖται
715 4043 836 4097 libri
1001 4041 1035 4093 4
1073 4038 1411 4110 εὐπαθέστερα
1436 4038 1618 4108 Apelt:
1659 4034 1975 4107 ἀπαθέστεροι
2000 4037 2119 4091 libri
2288 4037 2319 4092 5
2358 4037 2683 4109 ὁμοιότητας]
2722 4041 2945 4094 fortasse
2984 4043 3157 4094 ποιό·

425 4149 619 4201 τητας
761 4131 791 4182 7
829 4128 943 4200 τῆς]
981 4130 1071 4186 τὰς
1097 4127 1263 4182 ldeler
1421 4129 1454 4180 8
1492 4127 1711 4180 fortasse
1748 4125 1875 4194 ὑγρὰ
1922 4127 2101 4197 (γὰρ)
2266 4126 2333 4178 10
2368 4125 2535 4198 τὺχοι]
2572 4127 2703 4196 τὺχη
2742 4145 2775 4178 a
2941 4131 2993 4179 ll
3040 4147 3155 4180 κου-

426 4245 646 4312 φοτάτου
672 4247 752 4296 Ra
899 4241 962 4294 13
999 4241 1204 4306 ἐνοῦσα]
1239 4213 1417 4293 ἐνοῦσα
1442 4240 1516 4292 sic
1537 4245 1613 4292 A:
1641 4239 1848 4291 ἐνοῦσαν
1871 4242 1915 4291 P
2064 4237 2126 4289 15
2153 4236 2433 4308 αὐξήσεσιν,
2468 4239 2575 4300 (καὶ
2601 4240 2711 4306 περὶ
2736 4238 2933 4291 τούτων
2964 4238 3157 4293 διαλεκ-

424 4331 559 4393 τέον)
581 4330 747 4383 Ideler
850 4329 894 4380 el
919 4330 1134 4396 scripsi:
1160 4329 1194 4398 ἡ
1223 4329 1343 4380 libri
1465 4328 1527 4379 16
1554 4324 1758 4398 αὔξησις
1783 4327 1952 4378 delevi
2060 4329 2253 4397 τροπῆς
2276 4343 2309 4377 a
2428 4324 2613 4395 πάντῃ]
2640 4325 2861 4378 fortasse
2885 4329 3086 4379 πάντα

433 4418 491 4469 17
530 4416 805 4488 ὑπάρχοντι
841 4418 1098 4470 A¹BPSC
1135 4417 1308 4483 (signo
1348 4416 1690 4482 praeposito):
1729 4415 2101 4486 προυπάρχοντι
2138 4413 2297 4465 A³Ra
2442 4413 2503 4464 17
2530 4419 2583 4466 et
2611 4414 2675 4466 18
2712 4414 2899 4483 πάντῃ]
2938 4415 3159 4466 fortasse

426 4506 573 4556 παντὶ
707 4503 768 4556 18
795 4503 866 4574 μὴ
893 4505 1105 4571 scripsi:
1135 4504 1251 4571 μίαν
1281 4503 1400 4555 libri
1550 4500 1673 4572 πρὸς
1699 4499 1987 4573 ἐνεχθεῖσαν
2014 4519 2068 4553 a:
2106 4497 2519 4572 προσενεχθεῖσαν
2546 4501 2709 4554 Ideler
2837 4503 2904 4554 23
2930 4503 3047 4570 φέρε
3072 4503 3159 4554 καὶ

425 4596 534 4654 (νῦν
561 4589 968 4659 ἀποδειξώμεθα)
991 4587 1256 4658 ἐπιθέμενοι
1282 4589 1476 4643 ldeler:
1504 4590 1723 4642 fortasse
1749 4584 1865 4659 φέρ’
1894 4585 2167 4656 εἴπωμεν
2194 4587 2496 4656 ἐπιθέμενοι
2638 4587 2903 4656 ἐπιθέμενοι
2920 4593 3099 4643 BCPS

432 4680 498 4732 27
525 4679 628 4752 ἔχει
655 4678 770 4732 coll.
798 4685 918 4746 post
943 4677 1113 4735 αὐτοῖς
1139 4681 1220 4731 Ra
1324 4677 1411 4746 δὴ]
1439 4677 1515 4729 δεῖ
1531 4678 1689 4745 Apelt
1803 4675 1871 4729 28
1898 4674 2111 4747 ὑπάρχει
2136 4677 2345 4744 scripsi:
2374 4675 2615 4748 ὑπάρχειν
2642 4675 2763 4728 libri
2872 4676 2945 4728 δεῖ
2970 4677 3157 4728 ldeler:

430 4765 491 4836 δὴ
528 4767 650 4819 libri
773 4767 895 4822 τοὺς
915 4765 1093 4818 Ama:
1134 4769 1226 4833 τῆς
1247 4765 1498 4818 A¹BCPS
1535 4807 1548 4818 .
1625 4763 1690 4817 29
1731 4763 1853 4817 ὄντα
1881 4779 1979 4816 om.
2007 4764 2171 4817 Ideler
2294 4763 2362 4816 32
2394 4763 2692 4824 αὐξάνεσθαι
2718 4768 2798 4818 Ra
2922 4764 2996 4816 ἔτι
3019 4783 3072 4816 τε
3099 4764 3159 4817 οὐ

428 4855 638 4923 scripsi:
679 4853 752 4906 ἔτι
776 4871 830 4905 τε
867 4853 1014 4923 libri:
1055 4852 1128 4905 ἔτι
1166 4852 1218 4906 δὲ
1245 4851 1435 4906 Ideler:
1475 4850 1582 4905 οὔτι
1607 4852 1661 4905 δὲ
1689 4853 1846 4922 Apelt
1995 4851 2062 4905 33
2099 4853 2315 4905 fortasse
2358 4847 2565 4918 (καθ’)
2603 4851 2653 4904 ἕν
2689 4869 2761 4905 τις
2804 4851 2907 4906 ἐστι
2936 4852 3089 4920 Apelt
