<?xml version="1.0" encoding="UTF-8"?>
<!DOCTYPE html PUBLIC "-//W3C//DTD XHTML 1.0 Transitional//EN"
    "http://www.w3.org/TR/xhtml1/DTD/xhtml1-transitional.dtd">
<html xmlns="http://www.w3.org/1999/xhtml" xml:lang="en" lang="en">
 <head>
  <title>
</title>
<meta http-equiv="Content-Type" content="text/html;charset=utf-8" />
  <meta name='ocr-system' content='tesseract 3.04.00' />
  <meta name='ocr-capabilities' content='ocr_page ocr_carea ocr_par ocr_line ocrx_word'/>
</head>
<body>
  <div class='ocr_page' id='page_1' title='image "./supplementumari00wissgoog_0047.png"; bbox 0 0 3684 5567; ppageno 0'>
   <div class='ocr_carea' id='block_1_1' title="bbox 1093 1447 2411 1516">
    <p class='ocr_par' dir='ltr' id='par_1_1' title="bbox 1093 1447 2411 1516">
     <span class='ocr_line' id='line_1_1' title="bbox 1093 1447 2411 1516; baseline 0 -2"><span class='ocrx_word' id='word_1_1' title='bbox 1093 1447 2243 1516; x_wconf 86' lang='lat' dir='ltr'>ADDITAMENTUM</span> <span class='ocrx_word' id='word_1_2' title='bbox 2337 1449 2411 1514; x_wconf 94' lang='lat' dir='ltr'><strong>II</strong></span> 
     </span>
    </p>
   </div>
   <div class='ocr_carea' id='block_1_2' title="bbox 393 1620 3103 1778">
    <p class='ocr_par' dir='ltr' id='par_1_2' title="bbox 393 1620 3103 1778">
     <span class='ocr_line' id='line_1_2' title="bbox 393 1620 3103 1690; baseline 0 -14"><span class='ocrx_word' id='word_1_3' title='bbox 393 1621 676 1688; x_wconf 76' lang='lat' dir='ltr'><strong>(Notantur</strong></span> <span class='ocrx_word' id='word_1_4' title='bbox 719 1622 969 1677; x_wconf 76' lang='lat' dir='ltr'><strong>lectiones</strong></span> <span class='ocrx_word' id='word_1_5' title='bbox 1014 1621 1442 1676; x_wconf 75' lang='lat' dir='ltr'><strong>vindobonensis</strong></span> <span class='ocrx_word' id='word_1_6' title='bbox 1487 1636 1620 1690; x_wconf 70' lang='lat' dir='ltr'><strong>quae</strong></span> <span class='ocrx_word' id='word_1_7' title='bbox 1663 1637 1697 1674; x_wconf 79' lang='lat' dir='ltr'><strong>a</strong></span> <span class='ocrx_word' id='word_1_8' title='bbox 1742 1620 1945 1675; x_wconf 77' lang='lat' dir='ltr'>Veneto</span> <span class='ocrx_word' id='word_1_9' title='bbox 1981 1621 2028 1674; x_wconf 90' lang='lat' dir='ltr'><strong>V</strong></span> <span class='ocrx_word' id='word_1_10' title='bbox 2074 1621 2185 1675; x_wconf 75' lang='lat' dir='ltr'>sive</span> <span class='ocrx_word' id='word_1_11' title='bbox 2230 1621 2297 1675; x_wconf 80' lang='lat' dir='ltr'><strong>ab</strong></span> <span class='ocrx_word' id='word_1_12' title='bbox 2342 1620 2590 1676; x_wconf 76' lang='lat' dir='ltr'><strong>alterutra</strong></span> <span class='ocrx_word' id='word_1_13' title='bbox 2636 1623 2749 1676; x_wconf 77' lang='lat' dir='ltr'>eius</span> <span class='ocrx_word' id='word_1_14' title='bbox 2794 1637 2953 1676; x_wconf 80' lang='lat' dir='ltr'><strong>manu</strong></span> <span class='ocrx_word' id='word_1_15' title='bbox 2997 1623 3103 1676; x_wconf 85' lang='lat' dir='ltr'><strong>dis·</strong></span> 
     </span>
     <span class='ocr_line' id='line_1_3' title="bbox 1432 1708 2051 1778; baseline 0 -16"><span class='ocrx_word' id='word_1_16' title='bbox 1432 1713 1664 1778; x_wconf 80' lang='lat' dir='ltr'>crepant,</span> <span class='ocrx_word' id='word_1_17' title='bbox 1699 1708 1766 1762; x_wconf 81' lang='lat' dir='ltr'><strong>cf.</strong></span> <span class='ocrx_word' id='word_1_18' title='bbox 1792 1725 1845 1778; x_wconf 88' lang='lat' dir='ltr'><strong>p.</strong></span> <span class='ocrx_word' id='word_1_19' title='bbox 1870 1709 2051 1772; x_wconf 84' lang='lat' dir='ltr'>XXII)</span> 
     </span>
    </p>
   </div>
   <div class='ocr_carea' id='block_1_3' title="bbox 387 1979 3110 3726">
    <p class='ocr_par' dir='ltr' id='par_1_3' title="bbox 387 1979 3110 3726">
     <span class='ocr_line' id='line_1_4' title="bbox 531 1979 3105 2054; baseline 0.002 -22"><span class='ocrx_word' id='word_1_20' title='bbox 531 1979 686 2045; x_wconf 89' lang='grc'>45,28</span> <span class='ocrx_word' id='word_1_21' title='bbox 721 1981 978 2051; x_wconf 81' lang='grc' dir='ltr'><strong>τοίς-τὸ]</strong></span> <span class='ocrx_word' id='word_1_22' title='bbox 1014 1984 1106 2053; x_wconf 80' lang='grc' dir='ltr'><strong>τῆς</strong></span> <span class='ocrx_word' id='word_1_23' title='bbox 1140 1983 1274 2036; x_wconf 79' lang='grc' dir='ltr'><strong>κατὰ</strong></span> <span class='ocrx_word' id='word_1_24' title='bbox 1335 1980 1404 2036; x_wconf 88' lang='grc'><strong>32</strong></span> <span class='ocrx_word' id='word_1_25' title='bbox 1440 1979 1500 2034; x_wconf 82' lang='grc' dir='ltr'><strong>τὸ</strong></span> <span class='ocrx_word' id='word_1_26' title='bbox 1536 1980 1716 2052; x_wconf 78' lang='grc' dir='ltr'><strong>ἀμερὲς</strong></span> <span class='ocrx_word' id='word_1_27' title='bbox 1778 1981 1902 2048; x_wconf 89' lang='grc'>46,3</span> <span class='ocrx_word' id='word_1_28' title='bbox 1939 1981 1991 2034; x_wconf 78' lang='grc' dir='ltr'><strong>ἐν</strong></span> <span class='ocrx_word' id='word_1_29' title='bbox 2016 1985 2093 2054; x_wconf 74' lang='grc' dir='ltr'><strong>τῷ</strong></span> <span class='ocrx_word' id='word_1_30' title='bbox 2130 1981 2213 2036; x_wconf 85' lang='grc' dir='ltr'><strong>πλ.</strong></span> <span class='ocrx_word' id='word_1_31' title='bbox 2242 1980 2269 2054; x_wconf 82' lang='grc' dir='ltr'><strong>ΙΙ</strong></span> <span class='ocrx_word' id='word_1_32' title='bbox 2304 1981 2583 2052; x_wconf 77' lang='grc' dir='ltr'>ἀδιαιρέτου</span> <span class='ocrx_word' id='word_1_33' title='bbox 2637 1983 2669 2038; x_wconf 89' lang='grc'><strong>6</strong></span> <span class='ocrx_word' id='word_1_34' title='bbox 2706 1981 2838 2053; x_wconf 77' lang='grc' dir='ltr'><strong>λέγει</strong></span> <span class='ocrx_word' id='word_1_35' title='bbox 2901 1983 2965 2036; x_wconf 93' lang='grc'><strong>13</strong></span> <span class='ocrx_word' id='word_1_36' title='bbox 3002 1984 3105 2054; x_wconf 84' lang='grc' dir='ltr'><strong>ἐφι-</strong></span> 
     </span>
     <span class='ocr_line' id='line_1_5' title="bbox 389 2067 3105 2143; baseline 0.001 -23"><span class='ocrx_word' id='word_1_37' title='bbox 389 2067 636 2136; x_wconf 72' lang='grc' dir='ltr'><strong>στάμενον</strong></span> <span class='ocrx_word' id='word_1_38' title='bbox 675 2067 700 2141; x_wconf 88' lang='grc' dir='ltr'><strong>ΙΙ</strong></span> <span class='ocrx_word' id='word_1_39' title='bbox 750 2069 955 2140; x_wconf 69' lang='grc' dir='ltr'><strong>πλάσμα</strong></span> <span class='ocrx_word' id='word_1_40' title='bbox 989 2071 1046 2124; x_wconf 82' lang='grc' dir='ltr'><strong>τὲ</strong></span> <span class='ocrx_word' id='word_1_41' title='bbox 1123 2069 1184 2125; x_wconf 93' lang='grc'><strong>15</strong></span> <span class='ocrx_word' id='word_1_42' title='bbox 1220 2071 1254 2141; x_wconf 84' lang='grc' dir='ltr'>ἡ</span> <span class='ocrx_word' id='word_1_43' title='bbox 1343 2071 1405 2124; x_wconf 88' lang='grc'><strong>19</strong></span> <span class='ocrx_word' id='word_1_44' title='bbox 1442 2069 1586 2141; x_wconf 80' lang='grc' dir='ltr'><strong>πόσῳ</strong></span> <span class='ocrx_word' id='word_1_45' title='bbox 1621 2071 1700 2141; x_wconf 71' lang='grc' dir='ltr'><strong>τῷ</strong></span> <span class='ocrx_word' id='word_1_46' title='bbox 1785 2072 1853 2124; x_wconf 89' lang='grc'><strong>24</strong></span> <span class='ocrx_word' id='word_1_47' title='bbox 1898 2070 1931 2140; x_wconf 82' lang='grc' dir='ltr'><strong>ἡ</strong></span> <span class='ocrx_word' id='word_1_48' title='bbox 1968 2077 2175 2124; x_wconf 71' lang='grc' dir='ltr'><strong>κινεῖται</strong></span> <span class='ocrx_word' id='word_1_49' title='bbox 2212 2069 2339 2142; x_wconf 74' lang='grc' dir='ltr'><strong>αὕτη</strong></span> <span class='ocrx_word' id='word_1_50' title='bbox 2390 2070 2517 2142; x_wconf 75' lang='grc' dir='ltr'><strong>αὐτὴ</strong></span> <span class='ocrx_word' id='word_1_51' title='bbox 2564 2072 2597 2143; x_wconf 83' lang='grc' dir='ltr'><strong>ἠ</strong></span> <span class='ocrx_word' id='word_1_52' title='bbox 2646 2073 2733 2126; x_wconf 78' lang='grc' dir='ltr'><strong>καὶ</strong></span> <span class='ocrx_word' id='word_1_53' title='bbox 2774 2071 2902 2142; x_wconf 76' lang='grc' dir='ltr'><strong>αὐτὴ</strong></span> <span class='ocrx_word' id='word_1_54' title='bbox 2941 2075 3105 2126; x_wconf 72' lang='grc' dir='ltr'><strong>κινοῦ-</strong></span> 
     </span>
     <span class='ocr_line' id='line_1_6' title="bbox 390 2157 3109 2231; baseline 0.003 -24"><span class='ocrx_word' id='word_1_55' title='bbox 390 2173 472 2208; x_wconf 88' lang='grc' dir='ltr'><strong>ται</strong></span> <span class='ocrx_word' id='word_1_56' title='bbox 507 2158 626 2221; x_wconf 77' lang='lat' dir='ltr'>(sic)</span> <span class='ocrx_word' id='word_1_57' title='bbox 664 2157 722 2211; x_wconf 73' lang='grc' dir='ltr'><strong>ἂν</strong></span> <span class='ocrx_word' id='word_1_58' title='bbox 796 2158 861 2212; x_wconf 89' lang='grc'><strong>26</strong></span> <span class='ocrx_word' id='word_1_59' title='bbox 898 2157 1122 2220; x_wconf 76' lang='grc' dir='ltr'><strong>ἐξίστατο</strong></span> <span class='ocrx_word' id='word_1_60' title='bbox 1195 2159 1318 2227; x_wconf 85' lang='grc'>47,3</span> <span class='ocrx_word' id='word_1_61' title='bbox 1352 2159 1386 2229; x_wconf 84' lang='grc' dir='ltr'>ἡ</span> <span class='ocrx_word' id='word_1_62' title='bbox 1427 2157 1454 2230; x_wconf 88' lang='grc' dir='ltr'><strong>ΙΙ</strong></span> <span class='ocrx_word' id='word_1_63' title='bbox 1495 2158 1654 2230; x_wconf 74' lang='grc' dir='ltr'><strong>αὐτὴν</strong></span> <span class='ocrx_word' id='word_1_64' title='bbox 1728 2159 1761 2213; x_wconf 92' lang='grc'>5</span> <span class='ocrx_word' id='word_1_65' title='bbox 1799 2177 1966 2230; x_wconf 77' lang='grc' dir='ltr'><strong>φαμεν</strong></span> <span class='ocrx_word' id='word_1_66' title='bbox 2003 2173 2105 2212; x_wconf 87' lang='lat' dir='ltr'><strong>om.</strong></span> <span class='ocrx_word' id='word_1_67' title='bbox 2145 2157 2170 2231; x_wconf 88' lang='grc' dir='ltr'><strong>ΙΙ</strong></span> <span class='ocrx_word' id='word_1_68' title='bbox 2210 2157 2367 2212; x_wconf 74' lang='grc' dir='ltr'><strong>αὐτοῦ</strong></span> <span class='ocrx_word' id='word_1_69' title='bbox 2414 2167 2570 2213; x_wconf 77' lang='grc' dir='ltr'><strong>κινεῖν</strong></span> <span class='ocrx_word' id='word_1_70' title='bbox 2642 2160 2676 2213; x_wconf 89' lang='grc'><strong>8</strong></span> <span class='ocrx_word' id='word_1_71' title='bbox 2711 2161 2745 2231; x_wconf 83' lang='grc' dir='ltr'>ἡ</span> <span class='ocrx_word' id='word_1_72' title='bbox 2822 2159 2885 2212; x_wconf 90' lang='grc'><strong>19</strong></span> <span class='ocrx_word' id='word_1_73' title='bbox 2924 2158 3109 2214; x_wconf 72' lang='grc' dir='ltr'><strong>καθότι</strong></span> 
     </span>
     <span class='ocr_line' id='line_1_7' title="bbox 391 2242 3109 2318; baseline 0.001 -20"><span class='ocrx_word' id='word_1_74' title='bbox 391 2242 459 2298; x_wconf 89' lang='grc'>25</span> <span class='ocrx_word' id='word_1_75' title='bbox 503 2245 563 2298; x_wconf 84' lang='grc' dir='ltr'><strong>τὸ</strong></span> <span class='ocrx_word' id='word_1_76' title='bbox 644 2246 770 2313; x_wconf 85' lang='grc'>48,1</span> <span class='ocrx_word' id='word_1_77' title='bbox 819 2245 886 2316; x_wconf 80' lang='grc' dir='ltr'><strong>εἰ]</strong></span> <span class='ocrx_word' id='word_1_78' title='bbox 934 2247 1015 2318; x_wconf 80' lang='grc' dir='ltr'><strong>ἥει</strong></span> <span class='ocrx_word' id='word_1_79' title='bbox 1096 2248 1128 2300; x_wconf 92' lang='grc'>2</span> <span class='ocrx_word' id='word_1_80' title='bbox 1163 2252 1260 2301; x_wconf 81' lang='grc' dir='ltr'><strong>πᾶν</strong></span> <span class='ocrx_word' id='word_1_81' title='bbox 1306 2248 1399 2318; x_wconf 79' lang='grc' dir='ltr'><strong>γὰρ</strong></span> <span class='ocrx_word' id='word_1_82' title='bbox 1455 2251 1604 2317; x_wconf 80' lang='grc' dir='ltr'><strong>σῶμα</strong></span> <span class='ocrx_word' id='word_1_83' title='bbox 1648 2262 1750 2301; x_wconf 87' lang='lat' dir='ltr'><strong>om.</strong></span> <span class='ocrx_word' id='word_1_84' title='bbox 1821 2247 1856 2301; x_wconf 88' lang='lat'><strong>3</strong></span> <span class='ocrx_word' id='word_1_85' title='bbox 1892 2246 2067 2305; x_wconf 77' lang='grc' dir='ltr'>ἁπλῶς</span> <span class='ocrx_word' id='word_1_86' title='bbox 2138 2248 2169 2301; x_wconf 87' lang='grc'><strong>6</strong></span> <span class='ocrx_word' id='word_1_87' title='bbox 2209 2247 2327 2306; x_wconf 73' lang='grc' dir='ltr'><strong>τοὺς</strong></span> <span class='ocrx_word' id='word_1_88' title='bbox 2366 2245 2395 2318; x_wconf 93' lang='grc' dir='ltr'><strong>ΙΙ</strong></span> <span class='ocrx_word' id='word_1_89' title='bbox 2441 2246 2594 2300; x_wconf 74' lang='grc' dir='ltr'><strong>αὐτὸν</strong></span> <span class='ocrx_word' id='word_1_90' title='bbox 2633 2244 2659 2317; x_wconf 83' lang='grc' dir='ltr'><strong>ΙΙ</strong></span> <span class='ocrx_word' id='word_1_91' title='bbox 2708 2245 2835 2318; x_wconf 79' lang='grc' dir='ltr'><strong>αὕτη</strong></span> <span class='ocrx_word' id='word_1_92' title='bbox 2909 2249 2943 2302; x_wconf 88' lang='grc'>8</span> <span class='ocrx_word' id='word_1_93' title='bbox 2977 2247 3109 2302; x_wconf 80' lang='grc' dir='ltr'><strong>τελεῖ</strong></span> 
     </span>
     <span class='ocr_line' id='line_1_8' title="bbox 398 2331 3109 2408; baseline 0.001 -23"><span class='ocrx_word' id='word_1_94' title='bbox 398 2333 460 2386; x_wconf 88' lang='grc'><strong>14</strong></span> <span class='ocrx_word' id='word_1_95' title='bbox 495 2331 692 2387; x_wconf 85' lang='grc' dir='ltr'><strong>τελοίαν</strong></span> <span class='ocrx_word' id='word_1_96' title='bbox 729 2339 792 2406; x_wconf 80' lang='grc' dir='ltr'><strong>τῆ</strong></span> <span class='ocrx_word' id='word_1_97' title='bbox 873 2335 935 2389; x_wconf 91' lang='grc'><strong>15</strong></span> <span class='ocrx_word' id='word_1_98' title='bbox 968 2335 1028 2388; x_wconf 84' lang='grc' dir='ltr'><strong>τὸ</strong></span> <span class='ocrx_word' id='word_1_99' title='bbox 1065 2337 1182 2408; x_wconf 84' lang='grc' dir='ltr'><strong>πυρί</strong></span> <span class='ocrx_word' id='word_1_100' title='bbox 1268 2335 1332 2389; x_wconf 92' lang='grc'><strong>18</strong></span> <span class='ocrx_word' id='word_1_101' title='bbox 1369 2335 1480 2389; x_wconf 72' lang='grc' dir='ltr'><strong>ἐκεῖ</strong></span> <span class='ocrx_word' id='word_1_102' title='bbox 1509 2335 1569 2389; x_wconf 86' lang='grc' dir='ltr'><strong>τὸ</strong></span> <span class='ocrx_word' id='word_1_103' title='bbox 1606 2339 1681 2403; x_wconf 75' lang='lat' dir='ltr'><strong>(et</strong></span> <span class='ocrx_word' id='word_1_104' title='bbox 1705 2335 1794 2400; x_wconf 92' lang='grc'>20)</span> <span class='ocrx_word' id='word_1_105' title='bbox 1858 2335 1924 2389; x_wconf 92' lang='grc'>25</span> <span class='ocrx_word' id='word_1_106' title='bbox 1950 2335 2137 2407; x_wconf 80' lang='grc' dir='ltr'><strong>ἄμοιρα</strong></span> <span class='ocrx_word' id='word_1_107' title='bbox 2196 2334 2267 2388; x_wconf 87' lang='lat'><strong>30</strong></span> <span class='ocrx_word' id='word_1_108' title='bbox 2299 2335 2333 2405; x_wconf 84' lang='grc' dir='ltr'>ἡ</span> <span class='ocrx_word' id='word_1_109' title='bbox 2405 2335 2564 2402; x_wconf 87' lang='grc'>49,10</span> <span class='ocrx_word' id='word_1_110' title='bbox 2597 2335 2657 2389; x_wconf 82' lang='grc' dir='ltr'><strong>τὸ</strong></span> <span class='ocrx_word' id='word_1_111' title='bbox 2694 2336 2726 2406; x_wconf 84' lang='grc' dir='ltr'>ἥ</span> <span class='ocrx_word' id='word_1_112' title='bbox 2764 2340 2857 2406; x_wconf 73' lang='grc' dir='ltr'><strong>τῆς</strong></span> <span class='ocrx_word' id='word_1_113' title='bbox 2932 2335 2995 2390; x_wconf 98' lang='grc'><strong>13</strong></span> <span class='ocrx_word' id='word_1_114' title='bbox 3020 2353 3109 2405; x_wconf 80' lang='grc' dir='ltr'><strong>με·</strong></span> 
     </span>
     <span class='ocr_line' id='line_1_9' title="bbox 390 2420 3101 2494; baseline 0.001 -20"><span class='ocrx_word' id='word_1_115' title='bbox 390 2420 742 2492; x_wconf 78' lang='grc' dir='ltr'><strong>ταλαμβάνειν.</strong></span> <span class='ocrx_word' id='word_1_116' title='bbox 790 2427 939 2478; x_wconf 82' lang='grc' dir='ltr'><strong>τοῦτο</strong></span> <span class='ocrx_word' id='word_1_117' title='bbox 964 2423 1114 2477; x_wconf 83' lang='grc' dir='ltr'>πλέον</span> <span class='ocrx_word' id='word_1_118' title='bbox 1151 2421 1262 2484; x_wconf 74' lang='grc' dir='ltr'><strong>ἔξον</strong></span> <span class='ocrx_word' id='word_1_119' title='bbox 1323 2423 1388 2476; x_wconf 95' lang='grc'>27</span> <span class='ocrx_word' id='word_1_120' title='bbox 1428 2425 1518 2493; x_wconf 69' lang='grc' dir='ltr'><strong>μὲν</strong></span> <span class='ocrx_word' id='word_1_121' title='bbox 1547 2422 1672 2477; x_wconf 78' lang='grc' dir='ltr'><strong>οὖσα</strong></span> <span class='ocrx_word' id='word_1_122' title='bbox 1733 2423 1802 2478; x_wconf 87' lang='grc'>28</span> <span class='ocrx_word' id='word_1_123' title='bbox 1836 2423 1900 2494; x_wconf 83' lang='grc' dir='ltr'><strong>ἧς</strong></span> <span class='ocrx_word' id='word_1_124' title='bbox 1979 2423 2046 2476; x_wconf 88' lang='grc'><strong>33</strong></span> <span class='ocrx_word' id='word_1_125' title='bbox 2081 2429 2308 2494; x_wconf 77' lang='grc' dir='ltr'><strong>γειτνιῶν</strong></span> <span class='ocrx_word' id='word_1_126' title='bbox 2331 2440 2379 2476; x_wconf 91' lang='grc' dir='ltr'><strong>τι</strong></span> <span class='ocrx_word' id='word_1_127' title='bbox 2452 2423 2573 2488; x_wconf 88' lang='grc'>50,2</span> <span class='ocrx_word' id='word_1_128' title='bbox 2608 2422 2779 2483; x_wconf 70' lang='grc' dir='ltr'><strong>αὐτοῖς</strong></span> <span class='ocrx_word' id='word_1_129' title='bbox 2847 2425 2882 2478; x_wconf 88' lang='grc'>4</span> <span class='ocrx_word' id='word_1_130' title='bbox 2918 2423 3046 2494; x_wconf 79' lang='grc' dir='ltr'><strong>αὕτη</strong></span> <span class='ocrx_word' id='word_1_131' title='bbox 3075 2423 3101 2494; x_wconf 82' lang='grc' dir='ltr'><strong>ΙΙ</strong></span> 
     </span>
     <span class='ocr_line' id='line_1_10' title="bbox 392 2509 3110 2584; baseline 0.001 -21"><span class='ocrx_word' id='word_1_132' title='bbox 392 2517 497 2569; x_wconf 79' lang='grc' dir='ltr'><strong>τοῖς</strong></span> <span class='ocrx_word' id='word_1_133' title='bbox 530 2509 728 2564; x_wconf 69' lang='grc' dir='ltr'><strong>τούτων</strong></span> <span class='ocrx_word' id='word_1_134' title='bbox 801 2513 834 2564; x_wconf 86' lang='grc'>4</span> <span class='ocrx_word' id='word_1_135' title='bbox 869 2513 902 2584; x_wconf 81' lang='grc' dir='ltr'>ἡ</span> <span class='ocrx_word' id='word_1_136' title='bbox 941 2529 1104 2584; x_wconf 86' lang='grc' dir='ltr'><strong>παντη</strong></span> <span class='ocrx_word' id='word_1_137' title='bbox 1179 2511 1212 2565; x_wconf 88' lang='lat'>5</span> <span class='ocrx_word' id='word_1_138' title='bbox 1249 2512 1420 2581; x_wconf 83' lang='grc' dir='ltr'><strong>μέντοι</strong></span> <span class='ocrx_word' id='word_1_139' title='bbox 1457 2509 1484 2582; x_wconf 85' lang='grc' dir='ltr'>Η</span> <span class='ocrx_word' id='word_1_140' title='bbox 1527 2511 1769 2565; x_wconf 69' lang='grc' dir='ltr'><strong>ἐναντίων</strong></span> <span class='ocrx_word' id='word_1_141' title='bbox 1856 2512 1888 2565; x_wconf 88' lang='grc'><strong>6</strong></span> <span class='ocrx_word' id='word_1_142' title='bbox 1927 2509 2069 2564; x_wconf 76' lang='grc' dir='ltr'><strong>ἄλλοι</strong></span> <span class='ocrx_word' id='word_1_143' title='bbox 2104 2511 2165 2563; x_wconf 80' lang='grc' dir='ltr'><strong>ἂν</strong></span> <span class='ocrx_word' id='word_1_144' title='bbox 2254 2511 2310 2564; x_wconf 96' lang='lat'><strong>11</strong></span> <span class='ocrx_word' id='word_1_145' title='bbox 2354 2512 2490 2564; x_wconf 72' lang='grc' dir='ltr'><strong>αἴτια</strong></span> <span class='ocrx_word' id='word_1_146' title='bbox 2566 2512 2628 2564; x_wconf 88' lang='grc'><strong>19</strong></span> <span class='ocrx_word' id='word_1_147' title='bbox 2664 2531 2719 2565; x_wconf 86' lang='grc' dir='ltr'><strong>τε</strong></span> <span class='ocrx_word' id='word_1_148' title='bbox 2797 2511 2875 2564; x_wconf 89' lang='grc'><strong>19.</strong></span> <span class='ocrx_word' id='word_1_149' title='bbox 2916 2513 2985 2566; x_wconf 95' lang='grc'>20</span> <span class='ocrx_word' id='word_1_150' title='bbox 3020 2513 3110 2565; x_wconf 78' lang='grc' dir='ltr'><strong>καὶ</strong></span> 
     </span>
     <span class='ocr_line' id='line_1_11' title="bbox 391 2595 3104 2671; baseline 0.001 -20"><span class='ocrx_word' id='word_1_151' title='bbox 391 2597 450 2652; x_wconf 85' lang='grc' dir='ltr'><strong>τὸ</strong></span> <span class='ocrx_word' id='word_1_152' title='bbox 487 2598 616 2657; x_wconf 81' lang='grc' dir='ltr'><strong>εἶδος</strong></span> <span class='ocrx_word' id='word_1_153' title='bbox 651 2599 821 2658; x_wconf 70' lang='grc' dir='ltr'><strong>αὐτοῖς</strong></span> <span class='ocrx_word' id='word_1_154' title='bbox 901 2600 962 2653; x_wconf 97' lang='grc'><strong>21</strong></span> <span class='ocrx_word' id='word_1_155' title='bbox 1005 2599 1219 2671; x_wconf 73' lang='grc' dir='ltr'><strong>διαφορά</strong></span> <span class='ocrx_word' id='word_1_156' title='bbox 1299 2599 1370 2654; x_wconf 90' lang='grc'><strong>30</strong></span> <span class='ocrx_word' id='word_1_157' title='bbox 1405 2599 1476 2669; x_wconf 71' lang='grc' dir='ltr'><strong>μὴ</strong></span> <span class='ocrx_word' id='word_1_158' title='bbox 1514 2595 1592 2670; x_wconf 76' lang='grc' dir='ltr'><strong>ἐφ’</strong></span> <span class='ocrx_word' id='word_1_159' title='bbox 1677 2598 1739 2652; x_wconf 91' lang='grc'><strong>31</strong></span> <span class='ocrx_word' id='word_1_160' title='bbox 1781 2601 1932 2652; x_wconf 73' lang='grc' dir='ltr'><strong>τοῦτο</strong></span> <span class='ocrx_word' id='word_1_161' title='bbox 2005 2597 2125 2664; x_wconf 86' lang='grc'>51,2</span> <span class='ocrx_word' id='word_1_162' title='bbox 2162 2598 2281 2668; x_wconf 77' lang='grc' dir='ltr'><strong>ἡμῖν</strong></span> <span class='ocrx_word' id='word_1_163' title='bbox 2355 2598 2388 2651; x_wconf 92' lang='grc'><strong>3</strong></span> <span class='ocrx_word' id='word_1_164' title='bbox 2425 2598 2453 2652; x_wconf 83' lang='grc'>8</span> <span class='ocrx_word' id='word_1_165' title='bbox 2523 2599 2558 2652; x_wconf 88' lang='grc'>4</span> <span class='ocrx_word' id='word_1_166' title='bbox 2594 2597 2628 2670; x_wconf 82' lang='grc' dir='ltr'><strong>ἢ</strong></span> <span class='ocrx_word' id='word_1_167' title='bbox 2667 2615 2766 2653; x_wconf 90' lang='lat' dir='ltr'><strong>om.</strong></span> <span class='ocrx_word' id='word_1_168' title='bbox 2838 2600 2869 2652; x_wconf 85' lang='lat'><strong>7</strong></span> <span class='ocrx_word' id='word_1_169' title='bbox 2910 2599 3104 2670; x_wconf 83' lang='grc' dir='ltr'><strong>ὥσπερ]</strong></span> 
     </span>
     <span class='ocr_line' id='line_1_12' title="bbox 391 2684 3107 2757; baseline 0.001 -17"><span class='ocrx_word' id='word_1_170' title='bbox 391 2685 515 2740; x_wconf 82' lang='grc' dir='ltr'><strong>ὥσω</strong></span> <span class='ocrx_word' id='word_1_171' title='bbox 551 2687 603 2740; x_wconf 78' lang='grc' dir='ltr'><strong>ἐν</strong></span> <span class='ocrx_word' id='word_1_172' title='bbox 677 2688 760 2742; x_wconf 91' lang='grc'>20.</span> <span class='ocrx_word' id='word_1_173' title='bbox 787 2688 848 2741; x_wconf 90' lang='grc'><strong>21</strong></span> <span class='ocrx_word' id='word_1_174' title='bbox 892 2685 1134 2742; x_wconf 73' lang='grc' dir='ltr'><strong>ἀδὺνατον</strong></span> <span class='ocrx_word' id='word_1_175' title='bbox 1171 2687 1230 2742; x_wconf 85' lang='grc' dir='ltr'><strong>τὸ</strong></span> <span class='ocrx_word' id='word_1_176' title='bbox 1267 2687 1355 2742; x_wconf 84' lang='grc' dir='ltr'><strong>οὖν</strong></span> <span class='ocrx_word' id='word_1_177' title='bbox 1429 2687 1496 2742; x_wconf 91' lang='grc'>25</span> <span class='ocrx_word' id='word_1_178' title='bbox 1534 2687 1745 2749; x_wconf 81' lang='grc' dir='ltr'><strong>σώζοιτο</strong></span> <span class='ocrx_word' id='word_1_179' title='bbox 1782 2703 1849 2740; x_wconf 82' lang='lat' dir='ltr'><strong>ex</strong></span> <span class='ocrx_word' id='word_1_180' title='bbox 1885 2687 1965 2740; x_wconf 75' lang='lat' dir='ltr'><strong>sil.</strong></span> <span class='ocrx_word' id='word_1_181' title='bbox 1997 2684 2023 2757; x_wconf 83' lang='grc' dir='ltr'><strong>ΙΙ</strong></span> <span class='ocrx_word' id='word_1_182' title='bbox 2062 2687 2195 2740; x_wconf 78' lang='grc' dir='ltr'><strong>κατὰ</strong></span> <span class='ocrx_word' id='word_1_183' title='bbox 2232 2685 2402 2741; x_wconf 70' lang='grc' dir='ltr'><strong>οὐσίαν</strong></span> <span class='ocrx_word' id='word_1_184' title='bbox 2438 2689 2602 2740; x_wconf 78' lang='grc' dir='ltr'><strong>πάντα</strong></span> <span class='ocrx_word' id='word_1_185' title='bbox 2672 2687 2755 2741; x_wconf 95' lang='grc'>27.</span> <span class='ocrx_word' id='word_1_186' title='bbox 2784 2688 2851 2741; x_wconf 89' lang='grc'><strong>28</strong></span> <span class='ocrx_word' id='word_1_187' title='bbox 2888 2687 2947 2741; x_wconf 82' lang='grc' dir='ltr'><strong>τὸ</strong></span> <span class='ocrx_word' id='word_1_188' title='bbox 2984 2687 3107 2742; x_wconf 71' lang='grc' dir='ltr'><strong>καθ’</strong></span> 
     </span>
     <span class='ocr_line' id='line_1_13' title="bbox 392 2774 3103 2848; baseline 0.001 -22"><span class='ocrx_word' id='word_1_189' title='bbox 392 2774 460 2830; x_wconf 89' lang='grc'><strong>28</strong></span> <span class='ocrx_word' id='word_1_190' title='bbox 498 2779 574 2847; x_wconf 73' lang='grc' dir='ltr'><strong>τῷ·</strong></span> <span class='ocrx_word' id='word_1_191' title='bbox 598 2775 658 2829; x_wconf 89' lang='grc' dir='ltr'><strong>τὸ</strong></span> <span class='ocrx_word' id='word_1_192' title='bbox 730 2775 852 2842; x_wconf 86' lang='grc'>52,3</span> <span class='ocrx_word' id='word_1_193' title='bbox 889 2775 948 2828; x_wconf 76' lang='grc' dir='ltr'><strong>οὐ</strong></span> <span class='ocrx_word' id='word_1_194' title='bbox 984 2774 1042 2828; x_wconf 82' lang='grc' dir='ltr'><strong>τὸ</strong></span> <span class='ocrx_word' id='word_1_195' title='bbox 1116 2775 1148 2829; x_wconf 91' lang='grc'>5</span> <span class='ocrx_word' id='word_1_196' title='bbox 1187 2775 1287 2846; x_wconf 85' lang='grc' dir='ltr'><strong>μὴν</strong></span> <span class='ocrx_word' id='word_1_197' title='bbox 1314 2775 1395 2828; x_wconf 72' lang='grc' dir='ltr'><strong>ἐπὶ</strong></span> <span class='ocrx_word' id='word_1_198' title='bbox 1431 2779 1523 2847; x_wconf 84' lang='grc' dir='ltr'><strong>τῆς</strong></span> <span class='ocrx_word' id='word_1_199' title='bbox 1557 2774 1730 2834; x_wconf 78' lang='grc' dir='ltr'><strong>αὒτοίς</strong></span> <span class='ocrx_word' id='word_1_200' title='bbox 1804 2776 1869 2828; x_wconf 92' lang='grc'>12</span> <span class='ocrx_word' id='word_1_201' title='bbox 1906 2774 2058 2834; x_wconf 76' lang='grc' dir='ltr'><strong>αὐτὸς</strong></span> <span class='ocrx_word' id='word_1_202' title='bbox 2088 2791 2187 2830; x_wconf 88' lang='lat' dir='ltr'><strong>om.</strong></span> <span class='ocrx_word' id='word_1_203' title='bbox 2217 2774 2242 2847; x_wconf 89' lang='grc' dir='ltr'><strong>ΙΙ</strong></span> <span class='ocrx_word' id='word_1_204' title='bbox 2284 2774 2317 2846; x_wconf 79' lang='grc' dir='ltr'><strong>ἢ</strong></span> <span class='ocrx_word' id='word_1_205' title='bbox 2356 2776 2569 2830; x_wconf 79' lang='grc' dir='ltr'><strong>ἕκαστον</strong></span> <span class='ocrx_word' id='word_1_206' title='bbox 2642 2776 2709 2830; x_wconf 91' lang='grc'><strong>20</strong></span> <span class='ocrx_word' id='word_1_207' title='bbox 2745 2777 2789 2830; x_wconf 85' lang='grc' dir='ltr'><strong>εἰ</strong></span> <span class='ocrx_word' id='word_1_208' title='bbox 2814 2791 2914 2829; x_wconf 85' lang='lat' dir='ltr'><strong>om.</strong></span> <span class='ocrx_word' id='word_1_209' title='bbox 2978 2776 3103 2848; x_wconf 73' lang='grc'>231)</span> 
     </span>
     <span class='ocr_line' id='line_1_14' title="bbox 392 2861 3105 2936; baseline 0.001 -20"><span class='ocrx_word' id='word_1_210' title='bbox 392 2863 460 2918; x_wconf 91' lang='grc'><strong>25</strong></span> <span class='ocrx_word' id='word_1_211' title='bbox 497 2863 530 2935; x_wconf 81' lang='grc' dir='ltr'>ἡ</span> <span class='ocrx_word' id='word_1_212' title='bbox 568 2862 763 2918; x_wconf 70' lang='grc' dir='ltr'><strong>τούτων</strong></span> <span class='ocrx_word' id='word_1_213' title='bbox 791 2861 816 2935; x_wconf 83' lang='grc' dir='ltr'><strong>ΙΙ</strong></span> <span class='ocrx_word' id='word_1_214' title='bbox 846 2863 899 2916; x_wconf 76' lang='grc' dir='ltr'><strong>ἐν</strong></span> <span class='ocrx_word' id='word_1_215' title='bbox 934 2864 1005 2934; x_wconf 71' lang='grc' dir='ltr'><strong>τῆ</strong></span> <span class='ocrx_word' id='word_1_216' title='bbox 1031 2861 1056 2934; x_wconf 86' lang='grc' dir='ltr'><strong>ΙΙ</strong></span> <span class='ocrx_word' id='word_1_217' title='bbox 1085 2861 1227 2933; x_wconf 76' lang='grc' dir='ltr'><strong>φύσει</strong></span> <span class='ocrx_word' id='word_1_218' title='bbox 1299 2864 1364 2918; x_wconf 89' lang='grc'>27</span> <span class='ocrx_word' id='word_1_219' title='bbox 1404 2863 1447 2917; x_wconf 75' lang='grc' dir='ltr'><strong>εἰ</strong></span> <span class='ocrx_word' id='word_1_220' title='bbox 1477 2862 1502 2936; x_wconf 88' lang='grc' dir='ltr'><strong>ΙΙ</strong></span> <span class='ocrx_word' id='word_1_221' title='bbox 1545 2864 1612 2918; x_wconf 88' lang='grc'><strong>29</strong></span> <span class='ocrx_word' id='word_1_222' title='bbox 1637 2864 1769 2935; x_wconf 75' lang='grc' dir='ltr'><strong>ποιῷ</strong></span> <span class='ocrx_word' id='word_1_223' title='bbox 1837 2862 1909 2916; x_wconf 88' lang='lat'><strong>30</strong></span> <span class='ocrx_word' id='word_1_224' title='bbox 1943 2861 2100 2933; x_wconf 72' lang='grc' dir='ltr'><strong>αὑτῆς</strong></span> <span class='ocrx_word' id='word_1_225' title='bbox 2172 2863 2288 2928; x_wconf 92' lang='grc'>53,1</span> <span class='ocrx_word' id='word_1_226' title='bbox 2330 2862 2411 2930; x_wconf 81' lang='grc' dir='ltr'><strong>ὃν]</strong></span> <span class='ocrx_word' id='word_1_227' title='bbox 2448 2864 2501 2917; x_wconf 75' lang='grc' dir='ltr'><strong>ἐν</strong></span> <span class='ocrx_word' id='word_1_228' title='bbox 2573 2865 2604 2918; x_wconf 92' lang='grc'>2</span> <span class='ocrx_word' id='word_1_229' title='bbox 2643 2863 2725 2934; x_wconf 78' lang='grc' dir='ltr'><strong>οὗ]</strong></span> <span class='ocrx_word' id='word_1_230' title='bbox 2763 2863 2857 2917; x_wconf 75' lang='grc' dir='ltr'><strong>οὐκ</strong></span> <span class='ocrx_word' id='word_1_231' title='bbox 2930 2865 3105 2918; x_wconf 87' lang='lat' dir='ltr'>4=V¹</span> 
     </span>
     <span class='ocr_line' id='line_1_15' title="bbox 391 2949 3104 3024; baseline 0 -20"><span class='ocrx_word' id='word_1_232' title='bbox 391 2951 424 3004; x_wconf 89' lang='lat'>5</span> <span class='ocrx_word' id='word_1_233' title='bbox 461 2951 677 3011; x_wconf 66' lang='grc' dir='ltr'><strong>πολλοὺς</strong></span> <span class='ocrx_word' id='word_1_234' title='bbox 721 2951 750 3006; x_wconf 81' lang='grc' dir='ltr'>ὁ</span> <span class='ocrx_word' id='word_1_235' title='bbox 833 2953 864 3004; x_wconf 95' lang='grc'>7</span> <span class='ocrx_word' id='word_1_236' title='bbox 902 2950 980 3022; x_wconf 75' lang='grc' dir='ltr'><strong>εἴη</strong></span> <span class='ocrx_word' id='word_1_237' title='bbox 1062 2951 1096 3004; x_wconf 89' lang='grc'><strong>8</strong></span> <span class='ocrx_word' id='word_1_238' title='bbox 1139 2950 1314 3005; x_wconf 81' lang='grc' dir='ltr'><strong>ὁποιον</strong></span> <span class='ocrx_word' id='word_1_239' title='bbox 1397 2952 1462 3005; x_wconf 92' lang='grc'><strong>12</strong></span> <span class='ocrx_word' id='word_1_240' title='bbox 1505 2950 1540 3023; x_wconf 82' lang='grc' dir='ltr'><strong>ἢ</strong></span> <span class='ocrx_word' id='word_1_241' title='bbox 1629 2951 1692 3006; x_wconf 95' lang='grc'><strong>13</strong></span> <span class='ocrx_word' id='word_1_242' title='bbox 1736 2950 1832 3005; x_wconf 74' lang='grc' dir='ltr'><strong>οὐκ</strong></span> <span class='ocrx_word' id='word_1_243' title='bbox 1880 2950 1983 3005; x_wconf 78' lang='grc' dir='ltr'><strong>ἔστι</strong></span> <span class='ocrx_word' id='word_1_244' title='bbox 2066 2951 2133 3005; x_wconf 90' lang='grc'><strong>23</strong></span> <span class='ocrx_word' id='word_1_245' title='bbox 2168 2949 2229 3005; x_wconf 81' lang='grc' dir='ltr'><strong>τὸ</strong></span> <span class='ocrx_word' id='word_1_246' title='bbox 2300 2950 2371 3006; x_wconf 88' lang='grc'><strong>30</strong></span> <span class='ocrx_word' id='word_1_247' title='bbox 2406 2953 2495 3020; x_wconf 65' lang='grc' dir='ltr'><strong>μὲν</strong></span> <span class='ocrx_word' id='word_1_248' title='bbox 2533 2951 2577 3005; x_wconf 77' lang='grc' dir='ltr'><strong>εἰ</strong></span> <span class='ocrx_word' id='word_1_249' title='bbox 2646 2952 2767 3017; x_wconf 86' lang='grc'><strong>54,8</strong></span> <span class='ocrx_word' id='word_1_250' title='bbox 2804 2949 2919 3024; x_wconf 79' lang='grc' dir='ltr'><strong>ὅρον</strong></span> <span class='ocrx_word' id='word_1_251' title='bbox 2956 2952 3104 3024; x_wconf 84' lang='grc' dir='ltr'><strong>λόγον</strong></span> 
     </span>
     <span class='ocr_line' id='line_1_16' title="bbox 397 3037 3103 3112; baseline 0 -20"><span class='ocrx_word' id='word_1_252' title='bbox 397 3039 462 3093; x_wconf 91' lang='grc'><strong>10</strong></span> <span class='ocrx_word' id='word_1_253' title='bbox 505 3039 772 3109; x_wconf 76' lang='grc' dir='ltr'><strong>δυνάμεναι</strong></span> <span class='ocrx_word' id='word_1_254' title='bbox 846 3038 910 3092; x_wconf 89' lang='grc'><strong>19</strong></span> <span class='ocrx_word' id='word_1_255' title='bbox 946 3039 980 3109; x_wconf 84' lang='grc' dir='ltr'>ἡ</span> <span class='ocrx_word' id='word_1_256' title='bbox 1028 3054 1127 3093; x_wconf 90' lang='lat' dir='ltr'><strong>om.</strong></span> <span class='ocrx_word' id='word_1_257' title='bbox 1210 3039 1278 3093; x_wconf 83' lang='lat'><strong>25</strong></span> <span class='ocrx_word' id='word_1_258' title='bbox 1324 3038 1457 3111; x_wconf 72' lang='grc' dir='ltr'><strong>αὑτῇ</strong></span> <span class='ocrx_word' id='word_1_259' title='bbox 1499 3055 1544 3094; x_wconf 77' lang='grc' dir='ltr'><strong>ο.</strong></span> <span class='ocrx_word' id='word_1_260' title='bbox 1581 3055 1623 3093; x_wconf 77' lang='lat' dir='ltr'><strong>s.</strong></span> <span class='ocrx_word' id='word_1_261' title='bbox 1698 3037 1768 3093; x_wconf 90' lang='grc'><strong>30</strong></span> <span class='ocrx_word' id='word_1_262' title='bbox 1809 3039 1845 3110; x_wconf 81' lang='grc' dir='ltr'>ἠ</span> <span class='ocrx_word' id='word_1_263' title='bbox 1918 3037 2049 3103; x_wconf 86' lang='grc'><strong>55,4</strong></span> <span class='ocrx_word' id='word_1_264' title='bbox 2096 3038 2192 3109; x_wconf 83' lang='grc' dir='ltr'><strong>τὴν</strong></span> <span class='ocrx_word' id='word_1_265' title='bbox 2239 3037 2409 3112; x_wconf 82' lang='grc' dir='ltr'><strong>ψυχὴν</strong></span> <span class='ocrx_word' id='word_1_266' title='bbox 2480 3039 2511 3092; x_wconf 93' lang='grc'>7</span> <span class='ocrx_word' id='word_1_267' title='bbox 2556 3041 2643 3092; x_wconf 71' lang='grc' dir='ltr'><strong>καὶ</strong></span> <span class='ocrx_word' id='word_1_268' title='bbox 2687 3055 2789 3093; x_wconf 90' lang='lat' dir='ltr'><strong>om.</strong></span> <span class='ocrx_word' id='word_1_269' title='bbox 2861 3041 2895 3094; x_wconf 88' lang='lat'>8</span> <span class='ocrx_word' id='word_1_270' title='bbox 2942 3040 3005 3110; x_wconf 81' lang='grc' dir='ltr'><strong>ἠν</strong></span> <span class='ocrx_word' id='word_1_271' title='bbox 3041 3040 3103 3111; x_wconf 82' lang='grc' dir='ltr'><strong>δὴ</strong></span> 
     </span>
     <span class='ocr_line' id='line_1_17' title="bbox 391 3125 3102 3198; baseline 0.001 -18"><span class='ocrx_word' id='word_1_272' title='bbox 391 3126 424 3180; x_wconf 90' lang='grc'>9</span> <span class='ocrx_word' id='word_1_273' title='bbox 461 3125 548 3181; x_wconf 78' lang='grc' dir='ltr'><strong>οὖν</strong></span> <span class='ocrx_word' id='word_1_274' title='bbox 624 3129 684 3181; x_wconf 94' lang='lat'><strong>11</strong></span> <span class='ocrx_word' id='word_1_275' title='bbox 725 3126 782 3180; x_wconf 86' lang='grc' dir='ltr'><strong>ὂν</strong></span> <span class='ocrx_word' id='word_1_276' title='bbox 820 3143 920 3181; x_wconf 90' lang='lat' dir='ltr'><strong>om.</strong></span> <span class='ocrx_word' id='word_1_277' title='bbox 999 3129 1064 3181; x_wconf 87' lang='grc'><strong>12</strong></span> <span class='ocrx_word' id='word_1_278' title='bbox 1099 3146 1147 3180; x_wconf 90' lang='grc' dir='ltr'><strong>τι</strong></span> <span class='ocrx_word' id='word_1_279' title='bbox 1184 3125 1266 3197; x_wconf 77' lang='grc' dir='ltr'><strong>ὃν]</strong></span> <span class='ocrx_word' id='word_1_280' title='bbox 1304 3127 1356 3181; x_wconf 70' lang='grc' dir='ltr'><strong>ἓν</strong></span> <span class='ocrx_word' id='word_1_281' title='bbox 1435 3127 1634 3181; x_wconf 88' lang='grc'>14-17</span> <span class='ocrx_word' id='word_1_282' title='bbox 1675 3150 1743 3172; x_wconf 90' lang='lat'>=</span> <span class='ocrx_word' id='word_1_283' title='bbox 1779 3127 1851 3181; x_wconf 82' lang='lat' dir='ltr'><strong>V¹</strong></span> <span class='ocrx_word' id='word_1_284' title='bbox 1928 3126 1989 3180; x_wconf 87' lang='grc'><strong>19</strong></span> <span class='ocrx_word' id='word_1_285' title='bbox 2028 3126 2157 3180; x_wconf 69' lang='grc' dir='ltr'><strong>ἐστιν</strong></span> <span class='ocrx_word' id='word_1_286' title='bbox 2192 3126 2228 3197; x_wconf 78' lang='grc' dir='ltr'><strong>ἥ</strong></span> <span class='ocrx_word' id='word_1_287' title='bbox 2266 3145 2322 3179; x_wconf 90' lang='grc' dir='ltr'><strong>τε</strong></span> <span class='ocrx_word' id='word_1_288' title='bbox 2394 3128 2460 3180; x_wconf 90' lang='grc'><strong>22</strong></span> <span class='ocrx_word' id='word_1_289' title='bbox 2497 3125 2654 3180; x_wconf 75' lang='grc' dir='ltr'><strong>αὐτοῦ</strong></span> <span class='ocrx_word' id='word_1_290' title='bbox 2726 3127 2793 3180; x_wconf 91' lang='grc'><strong>23</strong></span> <span class='ocrx_word' id='word_1_291' title='bbox 2830 3127 2890 3182; x_wconf 81' lang='grc' dir='ltr'><strong>οὗ</strong></span> <span class='ocrx_word' id='word_1_292' title='bbox 2965 3127 3031 3182; x_wconf 90' lang='grc'><strong>25</strong></span> <span class='ocrx_word' id='word_1_293' title='bbox 3068 3127 3102 3198; x_wconf 78' lang='grc' dir='ltr'>ἣ</span> 
     </span>
     <span class='ocr_line' id='line_1_18' title="bbox 392 3211 3105 3289; baseline 0 -21"><span class='ocrx_word' id='word_1_294' title='bbox 392 3215 456 3268; x_wconf 90' lang='grc'>27</span> <span class='ocrx_word' id='word_1_295' title='bbox 496 3217 588 3285; x_wconf 70' lang='grc' dir='ltr'><strong>μὲν</strong></span> <span class='ocrx_word' id='word_1_296' title='bbox 624 3231 727 3269; x_wconf 89' lang='lat' dir='ltr'><strong>om.</strong></span> <span class='ocrx_word' id='word_1_297' title='bbox 798 3213 915 3283; x_wconf 87' lang='grc'>56,1</span> <span class='ocrx_word' id='word_1_298' title='bbox 955 3216 988 3287; x_wconf 83' lang='grc' dir='ltr'><strong>ἠ</strong></span> <span class='ocrx_word' id='word_1_299' title='bbox 1025 3213 1168 3268; x_wconf 74' lang='grc' dir='ltr'><strong>οὐδὲν</strong></span> <span class='ocrx_word' id='word_1_300' title='bbox 1206 3214 1239 3286; x_wconf 83' lang='grc' dir='ltr'>ἠ</span> <span class='ocrx_word' id='word_1_301' title='bbox 1270 3213 1296 3285; x_wconf 83' lang='grc' dir='ltr'>Η</span> <span class='ocrx_word' id='word_1_302' title='bbox 1337 3217 1424 3268; x_wconf 72' lang='grc' dir='ltr'><strong>καὶ</strong></span> <span class='ocrx_word' id='word_1_303' title='bbox 1460 3229 1559 3268; x_wconf 87' lang='lat' dir='ltr'><strong>om.</strong></span> <span class='ocrx_word' id='word_1_304' title='bbox 1630 3217 1666 3270; x_wconf 89' lang='grc'>4</span> <span class='ocrx_word' id='word_1_305' title='bbox 1702 3216 1800 3285; x_wconf 66' lang='grc' dir='ltr'><strong>τιῐί]</strong></span> <span class='ocrx_word' id='word_1_306' title='bbox 1835 3219 1943 3268; x_wconf 86' lang='grc' dir='ltr'><strong>τῶν</strong></span> <span class='ocrx_word' id='word_1_307' title='bbox 1971 3211 1997 3285; x_wconf 85' lang='grc' dir='ltr'><strong>ΙΙ</strong></span> <span class='ocrx_word' id='word_1_308' title='bbox 2026 3214 2244 3284; x_wconf 75' lang='grc' dir='ltr'><strong>ἐνέργεια</strong></span> <span class='ocrx_word' id='word_1_309' title='bbox 2272 3211 2297 3285; x_wconf 82' lang='grc' dir='ltr'><strong>ΙΙ</strong></span> <span class='ocrx_word' id='word_1_310' title='bbox 2327 3214 2453 3283; x_wconf 79' lang='grc' dir='ltr'><strong>μετὰ</strong></span> <span class='ocrx_word' id='word_1_311' title='bbox 2488 3229 2577 3268; x_wconf 85' lang='grc' dir='ltr'><strong>συν</strong></span> <span class='ocrx_word' id='word_1_312' title='bbox 2602 3214 2679 3270; x_wconf 74' lang='grc' dir='ltr'><strong>εἰσ</strong></span> <span class='ocrx_word' id='word_1_313' title='bbox 2715 3212 2742 3286; x_wconf 76' lang='grc' dir='ltr'><strong>ΙΙ</strong></span> <span class='ocrx_word' id='word_1_314' title='bbox 2782 3235 2833 3270; x_wconf 90' lang='grc' dir='ltr'><strong>τι</strong></span> <span class='ocrx_word' id='word_1_315' title='bbox 2903 3215 2935 3270; x_wconf 90' lang='grc'>5</span> <span class='ocrx_word' id='word_1_316' title='bbox 2972 3215 3105 3289; x_wconf 70' lang='grc' dir='ltr'><strong>ἐνέρ-</strong></span> 
     </span>
     <span class='ocr_line' id='line_1_19' title="bbox 391 3300 3103 3373; baseline 0 -17"><span class='ocrx_word' id='word_1_317' title='bbox 391 3305 501 3373; x_wconf 77' lang='grc' dir='ltr'><strong>γειά</strong></span> <span class='ocrx_word' id='word_1_318' title='bbox 535 3321 593 3358; x_wconf 83' lang='grc' dir='ltr'><strong>τε</strong></span> <span class='ocrx_word' id='word_1_319' title='bbox 638 3303 725 3356; x_wconf 73' lang='grc' dir='ltr'><strong>καὶ</strong></span> <span class='ocrx_word' id='word_1_320' title='bbox 772 3304 896 3357; x_wconf 83' lang='grc' dir='ltr'><strong>εἶναι</strong></span> <span class='ocrx_word' id='word_1_321' title='bbox 933 3303 1022 3356; x_wconf 70' lang='grc' dir='ltr'><strong>καὶ</strong></span> <span class='ocrx_word' id='word_1_322' title='bbox 1066 3303 1118 3356; x_wconf 78' lang='grc' dir='ltr'><strong>ἐν</strong></span> <span class='ocrx_word' id='word_1_323' title='bbox 1157 3300 1242 3356; x_wconf 72' lang='grc' dir='ltr'><strong>ὑπ.</strong></span> <span class='ocrx_word' id='word_1_324' title='bbox 1313 3301 1345 3356; x_wconf 86' lang='grc'><strong>6</strong></span> <span class='ocrx_word' id='word_1_325' title='bbox 1383 3302 1482 3373; x_wconf 79' lang='grc' dir='ltr'><strong>ὧν]</strong></span> <span class='ocrx_word' id='word_1_326' title='bbox 1529 3303 1584 3356; x_wconf 77' lang='grc' dir='ltr'><strong>ἐν</strong></span> <span class='ocrx_word' id='word_1_327' title='bbox 1659 3302 1726 3356; x_wconf 95' lang='grc'>10</span> <span class='ocrx_word' id='word_1_328' title='bbox 1761 3303 1812 3356; x_wconf 79' lang='grc' dir='ltr'><strong>ἕν</strong></span> <span class='ocrx_word' id='word_1_329' title='bbox 1890 3302 1970 3357; x_wconf 92' lang='grc'><strong>13.</strong></span> <span class='ocrx_word' id='word_1_330' title='bbox 2012 3303 2077 3355; x_wconf 87' lang='grc'>14</span> <span class='ocrx_word' id='word_1_331' title='bbox 2122 3300 2251 3373; x_wconf 74' lang='grc' dir='ltr'><strong>αὕτη</strong></span> <span class='ocrx_word' id='word_1_332' title='bbox 2327 3303 2410 3356; x_wconf 93' lang='grc'><strong>21.</strong></span> <span class='ocrx_word' id='word_1_333' title='bbox 2449 3303 2516 3355; x_wconf 92' lang='grc'><strong>22</strong></span> <span class='ocrx_word' id='word_1_334' title='bbox 2554 3325 2622 3347; x_wconf 83' lang='lat'><em>=</em></span> <span class='ocrx_word' id='word_1_335' title='bbox 2661 3303 2727 3357; x_wconf 86' lang='lat' dir='ltr'><strong>V¹</strong></span> <span class='ocrx_word' id='word_1_336' title='bbox 2802 3303 2869 3358; x_wconf 90' lang='grc'><strong>23</strong></span> <span class='ocrx_word' id='word_1_337' title='bbox 2913 3307 3005 3356; x_wconf 78' lang='grc' dir='ltr'><strong>τοῦ</strong></span> <span class='ocrx_word' id='word_1_338' title='bbox 3042 3303 3103 3357; x_wconf 76' lang='grc' dir='ltr'><strong>ἐκ</strong></span> 
     </span>
     <span class='ocr_line' id='line_1_20' title="bbox 389 3389 3104 3461; baseline 0.001 -18"><span class='ocrx_word' id='word_1_339' title='bbox 389 3394 482 3444; x_wconf 78' lang='grc' dir='ltr'><strong>τοῦ</strong></span> <span class='ocrx_word' id='word_1_340' title='bbox 517 3391 570 3444; x_wconf 71' lang='grc' dir='ltr'><strong>ἐν</strong></span> <span class='ocrx_word' id='word_1_341' title='bbox 644 3391 710 3446; x_wconf 92' lang='grc'><strong>25</strong></span> <span class='ocrx_word' id='word_1_342' title='bbox 755 3390 894 3458; x_wconf 74' lang='grc' dir='ltr'><strong>οὐδὲ]</strong></span> <span class='ocrx_word' id='word_1_343' title='bbox 938 3391 1086 3445; x_wconf 77' lang='grc' dir='ltr'><strong>τοῦδε</strong></span> <span class='ocrx_word' id='word_1_344' title='bbox 1171 3391 1234 3444; x_wconf 92' lang='grc'><strong>27</strong></span> <span class='ocrx_word' id='word_1_345' title='bbox 1275 3389 1626 3461; x_wconf 63' lang='grc' dir='ltr'><strong>ἐπι-γίνεσθαι</strong></span> <span class='ocrx_word' id='word_1_346' title='bbox 1672 3405 1772 3444; x_wconf 87' lang='lat' dir='ltr'><strong>om.</strong></span> <span class='ocrx_word' id='word_1_347' title='bbox 1858 3390 1926 3445; x_wconf 90' lang='grc'>28</span> <span class='ocrx_word' id='word_1_348' title='bbox 1972 3390 2145 3444; x_wconf 81' lang='grc' dir='ltr'><strong>αἰτιῶν</strong></span> <span class='ocrx_word' id='word_1_349' title='bbox 2231 3389 2297 3444; x_wconf 90' lang='grc'>29</span> <span class='ocrx_word' id='word_1_350' title='bbox 2344 3391 2433 3443; x_wconf 82' lang='lat' dir='ltr'><strong>alt.</strong></span> <span class='ocrx_word' id='word_1_351' title='bbox 2482 3391 2572 3444; x_wconf 71' lang='grc' dir='ltr'><strong>καὶ</strong></span> <span class='ocrx_word' id='word_1_352' title='bbox 2617 3407 2719 3445; x_wconf 88' lang='lat' dir='ltr'><strong>om.</strong></span> <span class='ocrx_word' id='word_1_353' title='bbox 2792 3391 2862 3446; x_wconf 88' lang='lat'><strong>30</strong></span> <span class='ocrx_word' id='word_1_354' title='bbox 2907 3391 3104 3447; x_wconf 70' lang='grc' dir='ltr'><strong>τούτων</strong></span> 
     </span>
     <span class='ocr_line' id='line_1_21' title="bbox 387 3477 3105 3551; baseline 0.001 -19"><span class='ocrx_word' id='word_1_355' title='bbox 387 3477 596 3551; x_wconf 71' lang='grc' dir='ltr'><strong>δεκτικὴ</strong></span> <span class='ocrx_word' id='word_1_356' title='bbox 669 3479 733 3533; x_wconf 91' lang='grc'><strong>31</strong></span> <span class='ocrx_word' id='word_1_357' title='bbox 773 3480 862 3533; x_wconf 79' lang='grc' dir='ltr'><strong>καὶ</strong></span> <span class='ocrx_word' id='word_1_358' title='bbox 897 3478 944 3533; x_wconf 75' lang='grc' dir='ltr'><strong>εἴ</strong></span> <span class='ocrx_word' id='word_1_359' title='bbox 1011 3479 1080 3532; x_wconf 90' lang='grc'>32</span> <span class='ocrx_word' id='word_1_360' title='bbox 1117 3477 1344 3550; x_wconf 72' lang='grc' dir='ltr'><strong>ἠαῦτῶν</strong></span> <span class='ocrx_word' id='word_1_361' title='bbox 1372 3479 1422 3531; x_wconf 80' lang='grc' dir='ltr'><strong>ἐν</strong></span> <span class='ocrx_word' id='word_1_362' title='bbox 1494 3478 1612 3545; x_wconf 91' lang='grc'>57,1</span> <span class='ocrx_word' id='word_1_363' title='bbox 1654 3478 1792 3532; x_wconf 81' lang='grc' dir='ltr'><strong>οὖσιν</strong></span> <span class='ocrx_word' id='word_1_364' title='bbox 1865 3477 1898 3532; x_wconf 89' lang='grc'>3</span> <span class='ocrx_word' id='word_1_365' title='bbox 1936 3478 1969 3548; x_wconf 81' lang='grc' dir='ltr'><strong>ἡ</strong></span> <span class='ocrx_word' id='word_1_366' title='bbox 2004 3478 2039 3548; x_wconf 82' lang='grc' dir='ltr'>ἠ</span> <span class='ocrx_word' id='word_1_367' title='bbox 2114 3477 2143 3529; x_wconf 96' lang='grc'>7</span> <span class='ocrx_word' id='word_1_368' title='bbox 2183 3477 2263 3547; x_wconf 76' lang='grc' dir='ltr'><strong>οὐ]</strong></span> <span class='ocrx_word' id='word_1_369' title='bbox 2304 3477 2359 3531; x_wconf 80' lang='grc' dir='ltr'><strong>εὖ</strong></span> <span class='ocrx_word' id='word_1_370' title='bbox 2435 3478 2502 3532; x_wconf 90' lang='grc'><strong>10</strong></span> <span class='ocrx_word' id='word_1_371' title='bbox 2537 3479 2693 3532; x_wconf 77' lang='grc' dir='ltr'><strong>αἴτιον</strong></span> <span class='ocrx_word' id='word_1_372' title='bbox 2770 3479 2834 3532; x_wconf 94' lang='grc'><strong>19</strong></span> <span class='ocrx_word' id='word_1_373' title='bbox 2870 3480 2964 3551; x_wconf 87' lang='grc' dir='ltr'><strong>τὴν</strong></span> <span class='ocrx_word' id='word_1_374' title='bbox 3001 3480 3105 3534; x_wconf 73' lang='grc' dir='ltr'><strong>ἴσον</strong></span> 
     </span>
     <span class='ocr_line' id='line_1_22' title="bbox 387 3564 3104 3640; baseline 0.001 -20"><span class='ocrx_word' id='word_1_375' title='bbox 387 3566 454 3620; x_wconf 83' lang='grc'><strong>26</strong></span> <span class='ocrx_word' id='word_1_376' title='bbox 492 3565 518 3620; x_wconf 84' lang='grc' dir='ltr'><strong><em>ὃ</em></strong></span> <span class='ocrx_word' id='word_1_377' title='bbox 559 3565 584 3638; x_wconf 88' lang='grc' dir='ltr'><strong>ΙΙ</strong></span> <span class='ocrx_word' id='word_1_378' title='bbox 624 3567 658 3637; x_wconf 84' lang='grc' dir='ltr'>ἡ</span> <span class='ocrx_word' id='word_1_379' title='bbox 695 3567 786 3638; x_wconf 87' lang='grc' dir='ltr'><strong>τὴν</strong></span> <span class='ocrx_word' id='word_1_380' title='bbox 861 3567 926 3620; x_wconf 94' lang='grc'><strong>27</strong></span> <span class='ocrx_word' id='word_1_381' title='bbox 965 3566 1132 3621; x_wconf 71' lang='grc' dir='ltr'><strong>ἕτιὲνι</strong></span> <span class='ocrx_word' id='word_1_382' title='bbox 1167 3566 1225 3620; x_wconf 73' lang='grc' dir='ltr'><strong>ἂν</strong></span> <span class='ocrx_word' id='word_1_383' title='bbox 1299 3567 1418 3632; x_wconf 91' lang='grc'>58,7</span> <span class='ocrx_word' id='word_1_384' title='bbox 1457 3568 1549 3638; x_wconf 78' lang='grc' dir='ltr'><strong>γὰρ</strong></span> <span class='ocrx_word' id='word_1_385' title='bbox 1587 3567 1656 3639; x_wconf 83' lang='grc' dir='ltr'><strong>μὴ</strong></span> <span class='ocrx_word' id='word_1_386' title='bbox 1731 3567 1764 3620; x_wconf 90' lang='grc'>9</span> <span class='ocrx_word' id='word_1_387' title='bbox 1799 3564 1862 3640; x_wconf 74' lang='grc' dir='ltr'><strong>ᾗ]</strong></span> <span class='ocrx_word' id='word_1_388' title='bbox 1898 3567 1931 3636; x_wconf 80' lang='grc' dir='ltr'>ἢ</span> <span class='ocrx_word' id='word_1_389' title='bbox 1972 3564 1997 3638; x_wconf 89' lang='grc' dir='ltr'><strong>ΙΙ</strong></span> <span class='ocrx_word' id='word_1_390' title='bbox 2037 3565 2152 3638; x_wconf 81' lang='grc' dir='ltr'><strong>τῆς]</strong></span> <span class='ocrx_word' id='word_1_391' title='bbox 2189 3570 2255 3638; x_wconf 84' lang='grc' dir='ltr'><strong>τῆ</strong></span> <span class='ocrx_word' id='word_1_392' title='bbox 2322 3569 2383 3620; x_wconf 91' lang='grc'><strong>11</strong></span> <span class='ocrx_word' id='word_1_393' title='bbox 2421 3567 2518 3640; x_wconf 85' lang='grc' dir='ltr'><strong>πρὸ</strong></span> <span class='ocrx_word' id='word_1_394' title='bbox 2553 3571 2644 3621; x_wconf 85' lang='grc' dir='ltr'><strong>τοῦ</strong></span> <span class='ocrx_word' id='word_1_395' title='bbox 2722 3567 2784 3621; x_wconf 90' lang='grc'><strong>13</strong></span> <span class='ocrx_word' id='word_1_396' title='bbox 2820 3568 2880 3621; x_wconf 86' lang='grc' dir='ltr'><strong>τὸ</strong></span> <span class='ocrx_word' id='word_1_397' title='bbox 2942 3571 3009 3623; x_wconf 84' lang='grc'><strong>24</strong></span> <span class='ocrx_word' id='word_1_398' title='bbox 3045 3570 3104 3623; x_wconf 86' lang='grc' dir='ltr'><strong>τὸ</strong></span> 
     </span>
     <span class='ocr_line' id='line_1_23' title="bbox 387 3651 3103 3726; baseline 0 -16"><span class='ocrx_word' id='word_1_399' title='bbox 387 3670 489 3710; x_wconf 89' lang='lat' dir='ltr'><strong>om.</strong></span> <span class='ocrx_word' id='word_1_400' title='bbox 561 3655 683 3720; x_wconf 86' lang='grc'>58,2</span> <span class='ocrx_word' id='word_1_401' title='bbox 719 3651 849 3725; x_wconf 75' lang='grc' dir='ltr'><strong>οὐδ’]</strong></span> <span class='ocrx_word' id='word_1_402' title='bbox 887 3651 980 3709; x_wconf 80' lang='grc' dir='ltr'><strong>ὅσα</strong></span> <span class='ocrx_word' id='word_1_403' title='bbox 1015 3653 1043 3708; x_wconf 80' lang='grc' dir='ltr'>ὁ</span> <span class='ocrx_word' id='word_1_404' title='bbox 1116 3655 1148 3708; x_wconf 86' lang='grc'><strong>6</strong></span> <span class='ocrx_word' id='word_1_405' title='bbox 1185 3654 1354 3710; x_wconf 72' lang='grc' dir='ltr'><strong>κοινὸν</strong></span> <span class='ocrx_word' id='word_1_406' title='bbox 1389 3655 1450 3708; x_wconf 84' lang='grc' dir='ltr'><strong>τὸ</strong></span> <span class='ocrx_word' id='word_1_407' title='bbox 1519 3655 1553 3708; x_wconf 89' lang='grc'><strong>8</strong></span> <span class='ocrx_word' id='word_1_408' title='bbox 1589 3655 1648 3709; x_wconf 86' lang='grc' dir='ltr'><strong>τὸ</strong></span> <span class='ocrx_word' id='word_1_409' title='bbox 1683 3658 1761 3726; x_wconf 78' lang='grc' dir='ltr'><strong>τῷ</strong></span> <span class='ocrx_word' id='word_1_410' title='bbox 1832 3654 1864 3709; x_wconf 89' lang='grc'>9</span> <span class='ocrx_word' id='word_1_411' title='bbox 1902 3655 2047 3709; x_wconf 76' lang='grc' dir='ltr'><strong>ἐνίων</strong></span> <span class='ocrx_word' id='word_1_412' title='bbox 2118 3655 2180 3710; x_wconf 89' lang='grc'><strong>13</strong></span> <span class='ocrx_word' id='word_1_413' title='bbox 2216 3653 2329 3709; x_wconf 78' lang='grc' dir='ltr'><strong>ὅστε</strong></span> <span class='ocrx_word' id='word_1_414' title='bbox 2392 3655 2452 3708; x_wconf 93' lang='grc'>17</span> <span class='ocrx_word' id='word_1_415' title='bbox 2493 3654 2566 3708; x_wconf 82' lang='grc' dir='ltr'><strong>ὧν</strong></span> <span class='ocrx_word' id='word_1_416' title='bbox 2605 3653 2632 3726; x_wconf 81' lang='grc' dir='ltr'><strong>ΙΙ</strong></span> <span class='ocrx_word' id='word_1_417' title='bbox 2671 3662 2773 3714; x_wconf 85' lang='grc' dir='ltr'><strong>τοῖς</strong></span> <span class='ocrx_word' id='word_1_418' title='bbox 2837 3656 2901 3710; x_wconf 91' lang='grc'>18</span> <span class='ocrx_word' id='word_1_419' title='bbox 2938 3655 3103 3726; x_wconf 82' lang='grc' dir='ltr'><strong>οὗτος]</strong></span> 
     </span>
    </p>
   </div>
   <div class='ocr_carea' id='block_1_4' title="bbox 2058 3763 2135 3797">
    <p class='ocr_par' dir='ltr' id='par_1_4' title="bbox 2058 3763 2135 3797">
     <span class='ocr_line' id='line_1_24' title="bbox 2058 3763 2135 3797; baseline 0.013 -1"><span class='ocrx_word' id='word_1_420' title='bbox 2058 3763 2135 3797; x_wconf 76' lang='grc' dir='ltr'><strong>τω</strong></span> 
     </span>
    </p>
   </div>
   <div class='ocr_carea' id='block_1_5' title="bbox 383 3743 3109 4940">
    <p class='ocr_par' dir='ltr' id='par_1_5' title="bbox 383 3743 3109 4940">
     <span class='ocr_line' id='line_1_25' title="bbox 3038 3762 3071 3797; baseline 0 0"><span class='ocrx_word' id='word_1_421' title='bbox 3038 3762 3071 3797; x_wconf 89' lang='grc' dir='ltr'><strong>α</strong></span> 
     </span>
     <span class='ocr_line' id='line_1_26' title="bbox 387 3743 3108 3885; baseline 0.001 -19"><span class='ocrx_word' id='word_1_422' title='bbox 387 3811 504 3866; x_wconf 80' lang='grc' dir='ltr'><strong>οὔτε</strong></span> <span class='ocrx_word' id='word_1_423' title='bbox 564 3813 718 3878; x_wconf 86' lang='grc'>59,29</span> <span class='ocrx_word' id='word_1_424' title='bbox 757 3812 806 3867; x_wconf 76' lang='grc' dir='ltr'><strong>εἴ</strong></span> <span class='ocrx_word' id='word_1_425' title='bbox 835 3832 891 3884; x_wconf 78' lang='grc' dir='ltr'><strong>γε</strong></span> <span class='ocrx_word' id='word_1_426' title='bbox 927 3831 993 3868; x_wconf 80' lang='lat' dir='ltr'><strong>ex</strong></span> <span class='ocrx_word' id='word_1_427' title='bbox 1030 3815 1114 3868; x_wconf 84' lang='lat' dir='ltr'><strong>sil.</strong></span> <span class='ocrx_word' id='word_1_428' title='bbox 1177 3813 1296 3880; x_wconf 88' lang='grc'>60,2</span> <span class='ocrx_word' id='word_1_429' title='bbox 1331 3812 1448 3885; x_wconf 87' lang='grc' dir='ltr'><strong>τὴν]</strong></span> <span class='ocrx_word' id='word_1_430' title='bbox 1487 3819 1593 3867; x_wconf 83' lang='grc' dir='ltr'><strong>τῶν</strong></span> <span class='ocrx_word' id='word_1_431' title='bbox 1654 3815 1689 3867; x_wconf 84' lang='grc'>4</span> <span class='ocrx_word' id='word_1_432' title='bbox 1726 3812 1772 3867; x_wconf 74' lang='grc' dir='ltr'><strong>εἴ</strong></span> <span class='ocrx_word' id='word_1_433' title='bbox 1803 3832 1852 3867; x_wconf 93' lang='grc' dir='ltr'><strong>τι</strong></span> <span class='ocrx_word' id='word_1_434' title='bbox 1914 3813 1946 3868; x_wconf 93' lang='grc'>5</span> <span class='ocrx_word' id='word_1_435' title='bbox 1984 3814 2085 3882; x_wconf 80' lang='grc' dir='ltr'><strong>ἀεὶ,</strong></span> <span class='ocrx_word' id='word_1_436' title='bbox 2132 3815 2204 3872; x_wconf 84' lang='grc' dir='ltr'><strong>εἰς</strong></span> <span class='ocrx_word' id='word_1_437' title='bbox 2236 3814 2295 3868; x_wconf 86' lang='grc' dir='ltr'><strong>τὸ</strong></span> <span class='ocrx_word' id='word_1_438' title='bbox 2335 3743 2661 3884; x_wconf 55' lang='lat' dir='ltr'><strong>pergamam</strong></span> <span class='ocrx_word' id='word_1_439' title='bbox 2691 3814 2748 3868; x_wconf 90' lang='lat' dir='ltr'><strong>in</strong></span> <span class='ocrx_word' id='word_1_440' title='bbox 2784 3815 2997 3885; x_wconf 82' lang='lat' dir='ltr'>mg.L¹:</span> <span class='ocrx_word' id='word_1_441' title='bbox 3036 3817 3108 3874; x_wconf 79' lang='grc' dir='ltr'><strong>εἰς</strong></span> 
     </span>
     <span class='ocr_line' id='line_1_27' title="bbox 385 3899 3107 3972; baseline 0.002 -20"><span class='ocrx_word' id='word_1_442' title='bbox 385 3899 446 3953; x_wconf 86' lang='grc' dir='ltr'><strong>τὸ</strong></span> <span class='ocrx_word' id='word_1_443' title='bbox 490 3900 710 3954; x_wconf 72' lang='grc' dir='ltr'><strong>ἐναντίον</strong></span> <span class='ocrx_word' id='word_1_444' title='bbox 754 3919 850 3954; x_wconf 87' lang='grc' dir='ltr'><strong>τινι</strong></span> <span class='ocrx_word' id='word_1_445' title='bbox 921 3903 954 3956; x_wconf 98' lang='grc'>8</span> <span class='ocrx_word' id='word_1_446' title='bbox 995 3902 1028 3970; x_wconf 82' lang='grc' dir='ltr'>ἠ</span> <span class='ocrx_word' id='word_1_447' title='bbox 1110 3902 1177 3956; x_wconf 92' lang='grc'><strong>10</strong></span> <span class='ocrx_word' id='word_1_448' title='bbox 1219 3901 1418 3956; x_wconf 79' lang='grc' dir='ltr'><strong>τούτων</strong></span> <span class='ocrx_word' id='word_1_449' title='bbox 1463 3899 1592 3972; x_wconf 79' lang='grc' dir='ltr'><strong>αὕτη</strong></span> <span class='ocrx_word' id='word_1_450' title='bbox 1681 3902 1744 3955; x_wconf 93' lang='grc'>14</span> <span class='ocrx_word' id='word_1_451' title='bbox 1791 3900 1933 3955; x_wconf 75' lang='grc' dir='ltr'><strong>αὐτῶ</strong></span> <span class='ocrx_word' id='word_1_452' title='bbox 2020 3903 2080 3955; x_wconf 92' lang='grc'>17</span> <span class='ocrx_word' id='word_1_453' title='bbox 2126 3907 2205 3954; x_wconf 85' lang='grc' dir='ltr'><strong>τῶ</strong></span> <span class='ocrx_word' id='word_1_454' title='bbox 2254 3901 2463 3956; x_wconf 72' lang='grc' dir='ltr'><strong>ἐναντίω</strong></span> <span class='ocrx_word' id='word_1_455' title='bbox 2500 3903 2565 3955; x_wconf 89' lang='lat' dir='ltr'><strong>L¹</strong></span> <span class='ocrx_word' id='word_1_456' title='bbox 2611 3909 2718 3955; x_wconf 85' lang='grc' dir='ltr'><strong>τῶν</strong></span> <span class='ocrx_word' id='word_1_457' title='bbox 2764 3903 3003 3957; x_wconf 77' lang='grc' dir='ltr'><strong>ἐναντίων</strong></span> <span class='ocrx_word' id='word_1_458' title='bbox 3040 3903 3107 3958; x_wconf 84' lang='lat' dir='ltr'><strong>L²</strong></span> 
     </span>
     <span class='ocr_line' id='line_1_28' title="bbox 394 3985 3106 4063; baseline 0.001 -22"><span class='ocrx_word' id='word_1_459' title='bbox 394 3987 456 4041; x_wconf 90' lang='lat'><strong>18</strong></span> <span class='ocrx_word' id='word_1_460' title='bbox 495 3987 736 4042; x_wconf 79' lang='grc' dir='ltr'><strong>ἀδῦνατον</strong></span> <span class='ocrx_word' id='word_1_461' title='bbox 809 3989 874 4042; x_wconf 95' lang='grc'><strong>27</strong></span> <span class='ocrx_word' id='word_1_462' title='bbox 913 3989 1126 4063; x_wconf 80' lang='grc' dir='ltr'><strong>διαφορά</strong></span> <span class='ocrx_word' id='word_1_463' title='bbox 1197 3988 1317 4054; x_wconf 86' lang='grc'>61,5</span> <span class='ocrx_word' id='word_1_464' title='bbox 1352 3993 1444 4043; x_wconf 78' lang='grc' dir='ltr'><strong>τοῦ</strong></span> <span class='ocrx_word' id='word_1_465' title='bbox 1480 4005 1580 4043; x_wconf 90' lang='lat' dir='ltr'><strong>om.</strong></span> <span class='ocrx_word' id='word_1_466' title='bbox 1653 3989 1686 4042; x_wconf 90' lang='grc'>9</span> <span class='ocrx_word' id='word_1_467' title='bbox 1723 3987 1913 4061; x_wconf 74' lang='grc' dir='ltr'><strong>ταΰτην</strong></span> <span class='ocrx_word' id='word_1_468' title='bbox 1988 3989 2054 4044; x_wconf 91' lang='grc'><strong>25</strong></span> <span class='ocrx_word' id='word_1_469' title='bbox 2092 3985 2207 4060; x_wconf 77' lang='grc' dir='ltr'><strong>παρ’</strong></span> <span class='ocrx_word' id='word_1_470' title='bbox 2246 3989 2403 4044; x_wconf 73' lang='grc' dir='ltr'><strong>αὺτοῦ</strong></span> <span class='ocrx_word' id='word_1_471' title='bbox 2474 3990 2595 4055; x_wconf 86' lang='grc'><strong>62,4</strong></span> <span class='ocrx_word' id='word_1_472' title='bbox 2630 3992 2696 4043; x_wconf 83' lang='grc' dir='ltr'><strong>τὰ</strong></span> <span class='ocrx_word' id='word_1_473' title='bbox 2732 3992 2827 4062; x_wconf 82' lang='grc' dir='ltr'><strong>γὰρ</strong></span> <span class='ocrx_word' id='word_1_474' title='bbox 2901 3993 2965 4046; x_wconf 94' lang='grc'><strong>12</strong></span> <span class='ocrx_word' id='word_1_475' title='bbox 3002 3992 3106 4045; x_wconf 75' lang='grc' dir='ltr'><strong>ἐπι-</strong></span> 
     </span>
     <span class='ocr_line' id='line_1_29' title="bbox 385 4074 3105 4152; baseline 0.001 -25"><span class='ocrx_word' id='word_1_476' title='bbox 385 4077 546 4147; x_wconf 80' lang='grc' dir='ltr'><strong>τροφή</strong></span> <span class='ocrx_word' id='word_1_477' title='bbox 625 4075 688 4130; x_wconf 88' lang='grc'><strong>13</strong></span> <span class='ocrx_word' id='word_1_478' title='bbox 723 4075 806 4147; x_wconf 86' lang='grc' dir='ltr'><strong>τὸ]</strong></span> <span class='ocrx_word' id='word_1_479' title='bbox 843 4081 934 4131; x_wconf 79' lang='grc' dir='ltr'><strong>τοῦ</strong></span> <span class='ocrx_word' id='word_1_480' title='bbox 1007 4077 1075 4132; x_wconf 89' lang='grc'><strong>28</strong></span> <span class='ocrx_word' id='word_1_481' title='bbox 1109 4077 1294 4152; x_wconf 81' lang='grc' dir='ltr'><strong>ὁρίστω</strong></span> <span class='ocrx_word' id='word_1_482' title='bbox 1366 4078 1436 4132; x_wconf 88' lang='grc'><strong>30</strong></span> <span class='ocrx_word' id='word_1_483' title='bbox 1471 4079 1562 4147; x_wconf 70' lang='grc' dir='ltr'><strong>μὲν</strong></span> <span class='ocrx_word' id='word_1_484' title='bbox 1589 4077 1677 4132; x_wconf 84' lang='grc' dir='ltr'><strong>οὖν</strong></span> <span class='ocrx_word' id='word_1_485' title='bbox 1749 4078 1817 4131; x_wconf 90' lang='grc'>32</span> <span class='ocrx_word' id='word_1_486' title='bbox 1854 4077 1923 4143; x_wconf 80' lang='grc' dir='ltr'><strong>δι]</strong></span> <span class='ocrx_word' id='word_1_487' title='bbox 1966 4077 2043 4131; x_wconf 80' lang='grc' dir='ltr'><strong>δεῖ</strong></span> <span class='ocrx_word' id='word_1_488' title='bbox 2121 4077 2241 4141; x_wconf 86' lang='grc'>63,2</span> <span class='ocrx_word' id='word_1_489' title='bbox 2281 4075 2438 4148; x_wconf 83' lang='grc' dir='ltr'><strong>μόνης</strong></span> <span class='ocrx_word' id='word_1_490' title='bbox 2510 4077 2543 4130; x_wconf 98' lang='grc'>3</span> <span class='ocrx_word' id='word_1_491' title='bbox 2580 4074 2629 4130; x_wconf 79' lang='grc' dir='ltr'><strong>δ’</strong></span> <span class='ocrx_word' id='word_1_492' title='bbox 2651 4076 2789 4131; x_wconf 79' lang='grc' dir='ltr'><strong>οὕτω</strong></span> <span class='ocrx_word' id='word_1_493' title='bbox 2826 4098 2878 4132; x_wconf 72' lang='grc' dir='ltr'><strong>κ.</strong></span> <span class='ocrx_word' id='word_1_494' title='bbox 2946 4081 2982 4134; x_wconf 89' lang='grc'>4</span> <span class='ocrx_word' id='word_1_495' title='bbox 3017 4076 3105 4132; x_wconf 75' lang='grc' dir='ltr'><strong>αὺ-</strong></span> 
     </span>
     <span class='ocr_line' id='line_1_30' title="bbox 383 4162 3095 4237; baseline 0.001 -21"><span class='ocrx_word' id='word_1_496' title='bbox 383 4181 470 4216; x_wconf 83' lang='grc' dir='ltr'><strong>ται</strong></span> <span class='ocrx_word' id='word_1_497' title='bbox 547 4163 580 4216; x_wconf 93' lang='grc'>7</span> <span class='ocrx_word' id='word_1_498' title='bbox 627 4163 742 4218; x_wconf 71' lang='grc' dir='ltr'><strong>οὑδὲ</strong></span> <span class='ocrx_word' id='word_1_499' title='bbox 793 4165 956 4236; x_wconf 79' lang='grc' dir='ltr'><strong>βάσιν]</strong></span> <span class='ocrx_word' id='word_1_500' title='bbox 1002 4162 1115 4219; x_wconf 68' lang='grc' dir='ltr'><strong>οὐδ’</strong></span> <span class='ocrx_word' id='word_1_501' title='bbox 1158 4165 1325 4220; x_wconf 78' lang='grc' dir='ltr'><strong>εὖασιν</strong></span> <span class='ocrx_word' id='word_1_502' title='bbox 1405 4165 1438 4218; x_wconf 93' lang='grc'>9</span> <span class='ocrx_word' id='word_1_503' title='bbox 1485 4166 1539 4219; x_wconf 63' lang='grc' dir='ltr'><strong>ἐν</strong></span> <span class='ocrx_word' id='word_1_504' title='bbox 1587 4181 1689 4219; x_wconf 91' lang='lat' dir='ltr'><strong>om.</strong></span> <span class='ocrx_word' id='word_1_505' title='bbox 1765 4165 1824 4218; x_wconf 92' lang='lat'><strong>11</strong></span> <span class='ocrx_word' id='word_1_506' title='bbox 1866 4183 1961 4218; x_wconf 87' lang='grc' dir='ltr'><strong>τινι</strong></span> <span class='ocrx_word' id='word_1_507' title='bbox 1995 4163 2130 4226; x_wconf 76' lang='grc' dir='ltr'><strong>τάξει</strong></span> <span class='ocrx_word' id='word_1_508' title='bbox 2165 4166 2288 4218; x_wconf 79' lang='grc' dir='ltr'><strong>εἶναι</strong></span> <span class='ocrx_word' id='word_1_509' title='bbox 2322 4181 2389 4220; x_wconf 75' lang='lat' dir='ltr'><strong>ex</strong></span> <span class='ocrx_word' id='word_1_510' title='bbox 2425 4165 2506 4219; x_wconf 81' lang='lat' dir='ltr'><strong>sil.</strong></span> <span class='ocrx_word' id='word_1_511' title='bbox 2593 4166 2655 4219; x_wconf 88' lang='grc'><strong>12</strong></span> <span class='ocrx_word' id='word_1_512' title='bbox 2692 4166 2801 4236; x_wconf 74' lang='grc' dir='ltr'><strong>ἔχοι</strong></span> <span class='ocrx_word' id='word_1_513' title='bbox 2877 4166 2939 4220; x_wconf 91' lang='grc'><strong>13</strong></span> <span class='ocrx_word' id='word_1_514' title='bbox 2974 4185 3095 4237; x_wconf 77' lang='grc' dir='ltr'><strong>προ-</strong></span> 
     </span>
     <span class='ocr_line' id='line_1_31' title="bbox 384 4249 3091 4326; baseline 0.002 -23"><span class='ocrx_word' id='word_1_515' title='bbox 384 4251 657 4322; x_wconf 79' lang='grc' dir='ltr'><strong>νοήσαντος</strong></span> <span class='ocrx_word' id='word_1_516' title='bbox 731 4253 794 4306; x_wconf 86' lang='grc'><strong>16</strong></span> <span class='ocrx_word' id='word_1_517' title='bbox 839 4253 1204 4326; x_wconf 82' lang='grc' dir='ltr'><strong>προνοήσοντος</strong></span> <span class='ocrx_word' id='word_1_518' title='bbox 1279 4253 1339 4307; x_wconf 88' lang='grc'>17</span> <span class='ocrx_word' id='word_1_519' title='bbox 1384 4253 1532 4323; x_wconf 80' lang='grc' dir='ltr'><strong>μέρος</strong></span> <span class='ocrx_word' id='word_1_520' title='bbox 1604 4252 1733 4321; x_wconf 84' lang='grc'><strong>64,7</strong></span> <span class='ocrx_word' id='word_1_521' title='bbox 1779 4253 1873 4311; x_wconf 82' lang='grc' dir='ltr'><strong>τὰς</strong></span> <span class='ocrx_word' id='word_1_522' title='bbox 1915 4268 2015 4306; x_wconf 87' lang='lat' dir='ltr'><strong>om.</strong></span> <span class='ocrx_word' id='word_1_523' title='bbox 2097 4253 2131 4306; x_wconf 87' lang='lat'>8</span> <span class='ocrx_word' id='word_1_524' title='bbox 2166 4251 2256 4324; x_wconf 84' lang='grc' dir='ltr'><strong>ἦν]</strong></span> <span class='ocrx_word' id='word_1_525' title='bbox 2301 4254 2388 4307; x_wconf 70' lang='grc' dir='ltr'><strong>καὶ</strong></span> <span class='ocrx_word' id='word_1_526' title='bbox 2436 4249 2463 4324; x_wconf 86' lang='grc' dir='ltr'><strong>ΙΙ</strong></span> <span class='ocrx_word' id='word_1_527' title='bbox 2522 4253 2611 4307; x_wconf 78' lang='lat' dir='ltr'><strong>alt.</strong></span> <span class='ocrx_word' id='word_1_528' title='bbox 2656 4253 2721 4324; x_wconf 84' lang='grc' dir='ltr'><strong>ἠν</strong></span> <span class='ocrx_word' id='word_1_529' title='bbox 2768 4269 2867 4307; x_wconf 90' lang='lat' dir='ltr'><strong>om.</strong></span> <span class='ocrx_word' id='word_1_530' title='bbox 2941 4256 2999 4308; x_wconf 94' lang='grc'><strong>11</strong></span> <span class='ocrx_word' id='word_1_531' title='bbox 3042 4253 3091 4324; x_wconf 87' lang='grc' dir='ltr'><strong>ὃ]</strong></span> 
     </span>
     <span class='ocr_line' id='line_1_32' title="bbox 385 4338 3093 4412; baseline 0 -19"><span class='ocrx_word' id='word_1_532' title='bbox 385 4339 446 4393; x_wconf 79' lang='grc' dir='ltr'><strong>οὗ</strong></span> <span class='ocrx_word' id='word_1_533' title='bbox 530 4339 596 4394; x_wconf 92' lang='grc'><strong>22</strong></span> <span class='ocrx_word' id='word_1_534' title='bbox 638 4343 732 4394; x_wconf 78' lang='grc' dir='ltr'><strong>τοῦ</strong></span> <span class='ocrx_word' id='word_1_535' title='bbox 776 4341 829 4394; x_wconf 76' lang='grc' dir='ltr'><strong>ἐν</strong></span> <span class='ocrx_word' id='word_1_536' title='bbox 871 4356 971 4395; x_wconf 89' lang='lat' dir='ltr'><strong>om.</strong></span> <span class='ocrx_word' id='word_1_537' title='bbox 1052 4340 1122 4394; x_wconf 87' lang='grc'><strong>32</strong></span> <span class='ocrx_word' id='word_1_538' title='bbox 1155 4341 1370 4410; x_wconf 66' lang='grc' dir='ltr'><strong>ὀμμένον</strong></span> <span class='ocrx_word' id='word_1_539' title='bbox 1450 4339 1575 4406; x_wconf 86' lang='grc'>65,1</span> <span class='ocrx_word' id='word_1_540' title='bbox 1627 4339 2003 4410; x_wconf 76' lang='grc' dir='ltr'><strong>μεταβάλλοντα</strong></span> <span class='ocrx_word' id='word_1_541' title='bbox 2077 4341 2143 4394; x_wconf 90' lang='grc'><strong>12</strong></span> <span class='ocrx_word' id='word_1_542' title='bbox 2186 4359 2241 4394; x_wconf 85' lang='grc' dir='ltr'><strong>τε</strong></span> <span class='ocrx_word' id='word_1_543' title='bbox 2290 4342 2353 4394; x_wconf 83' lang='grc' dir='ltr'><strong>τὰ</strong></span> <span class='ocrx_word' id='word_1_544' title='bbox 2408 4338 2434 4412; x_wconf 91' lang='grc' dir='ltr'><strong>ΙΙ</strong></span> <span class='ocrx_word' id='word_1_545' title='bbox 2492 4346 2668 4411; x_wconf 84' lang='grc' dir='ltr'><strong>πρῶτα</strong></span> <span class='ocrx_word' id='word_1_546' title='bbox 2715 4340 2779 4411; x_wconf 84' lang='grc' dir='ltr'><strong>ἠν</strong></span> <span class='ocrx_word' id='word_1_547' title='bbox 2859 4342 2925 4394; x_wconf 90' lang='grc'><strong>22</strong></span> <span class='ocrx_word' id='word_1_548' title='bbox 2970 4341 3093 4395; x_wconf 82' lang='grc' dir='ltr'><strong>ἀπο-</strong></span> 
     </span>
     <span class='ocr_line' id='line_1_33' title="bbox 385 4425 3095 4502; baseline 0.001 -22"><span class='ocrx_word' id='word_1_549' title='bbox 385 4425 640 4497; x_wconf 70' lang='grc' dir='ltr'><strong>κρίνεσθαι</strong></span> <span class='ocrx_word' id='word_1_550' title='bbox 729 4427 797 4481; x_wconf 84' lang='grc'><strong>24</strong></span> <span class='ocrx_word' id='word_1_551' title='bbox 844 4427 892 4481; x_wconf 72' lang='grc' dir='ltr'><strong>οἱ</strong></span> <span class='ocrx_word' id='word_1_552' title='bbox 937 4443 1002 4482; x_wconf 80' lang='lat' dir='ltr'><strong>ex</strong></span> <span class='ocrx_word' id='word_1_553' title='bbox 1049 4429 1130 4483; x_wconf 81' lang='lat' dir='ltr'><strong>sil.</strong></span> <span class='ocrx_word' id='word_1_554' title='bbox 1226 4429 1309 4494; x_wconf 83' lang='lat'><strong>66,</strong></span> <span class='ocrx_word' id='word_1_555' title='bbox 1331 4429 1362 4482; x_wconf 91' lang='grc'>2</span> <span class='ocrx_word' id='word_1_556' title='bbox 1414 4426 1739 4502; x_wconf 72' lang='grc' dir='ltr'><strong>προτίθεσθαι</strong></span> <span class='ocrx_word' id='word_1_557' title='bbox 1840 4428 1909 4482; x_wconf 92' lang='grc'><strong>32</strong></span> <span class='ocrx_word' id='word_1_558' title='bbox 1955 4426 2161 4482; x_wconf 73' lang='grc' dir='ltr'><strong>ἕπεσθαι</strong></span> <span class='ocrx_word' id='word_1_559' title='bbox 2249 4428 2388 4494; x_wconf 86' lang='grc'><strong>67,4</strong></span> <span class='ocrx_word' id='word_1_560' title='bbox 2436 4428 2666 4498; x_wconf 81' lang='grc' dir='ltr'><strong>λέγοντες</strong></span> <span class='ocrx_word' id='word_1_561' title='bbox 2716 4429 2843 4481; x_wconf 82' lang='grc' dir='ltr'><strong>εἶναι</strong></span> <span class='ocrx_word' id='word_1_562' title='bbox 2894 4445 2959 4482; x_wconf 79' lang='lat' dir='ltr'><strong>ex</strong></span> <span class='ocrx_word' id='word_1_563' title='bbox 3012 4431 3095 4483; x_wconf 79' lang='lat' dir='ltr'><strong>sss.</strong></span> 
     </span>
     <span class='ocr_line' id='line_1_34' title="bbox 386 4512 3093 4589; baseline 0.001 -22"><span class='ocrx_word' id='word_1_564' title='bbox 386 4515 420 4567; x_wconf 91' lang='grc'>9</span> <span class='ocrx_word' id='word_1_565' title='bbox 465 4517 621 4585; x_wconf 80' lang='grc' dir='ltr'><strong>μονάς</strong></span> <span class='ocrx_word' id='word_1_566' title='bbox 704 4516 763 4569; x_wconf 99' lang='lat'><strong>11</strong></span> <span class='ocrx_word' id='word_1_567' title='bbox 819 4512 939 4569; x_wconf 74' lang='grc' dir='ltr'><strong>ἀλλ’</strong></span> <span class='ocrx_word' id='word_1_568' title='bbox 988 4516 1049 4570; x_wconf 71' lang='grc' dir='ltr'><strong>οὐ</strong></span> <span class='ocrx_word' id='word_1_569' title='bbox 1139 4517 1204 4570; x_wconf 89' lang='grc'><strong>26</strong></span> <span class='ocrx_word' id='word_1_570' title='bbox 1255 4517 1288 4588; x_wconf 82' lang='grc' dir='ltr'>ἡ</span> <span class='ocrx_word' id='word_1_571' title='bbox 1384 4515 1449 4570; x_wconf 88' lang='grc'><strong>31</strong></span> <span class='ocrx_word' id='word_1_572' title='bbox 1505 4515 1891 4587; x_wconf 81' lang='grc' dir='ltr'><strong>προνοουμένων</strong></span> <span class='ocrx_word' id='word_1_573' title='bbox 1950 4515 1974 4588; x_wconf 83' lang='grc' dir='ltr'><strong>ΙΙ</strong></span> <span class='ocrx_word' id='word_1_574' title='bbox 2031 4516 2263 4588; x_wconf 78' lang='grc' dir='ltr'><strong>ὁρῶμεν]</strong></span> <span class='ocrx_word' id='word_1_575' title='bbox 2322 4515 2457 4589; x_wconf 82' lang='grc' dir='ltr'><strong>ὁρῶν</strong></span> <span class='ocrx_word' id='word_1_576' title='bbox 2508 4517 2561 4570; x_wconf 77' lang='grc' dir='ltr'><strong>ἐν</strong></span> <span class='ocrx_word' id='word_1_577' title='bbox 2653 4517 2785 4582; x_wconf 87' lang='grc'>68,1</span> <span class='ocrx_word' id='word_1_578' title='bbox 2844 4513 2985 4569; x_wconf 76' lang='grc' dir='ltr'><strong>οὔτοί</strong></span> <span class='ocrx_word' id='word_1_579' title='bbox 3036 4535 3093 4587; x_wconf 79' lang='grc' dir='ltr'><strong>γε</strong></span> 
     </span>
     <span class='ocr_line' id='line_1_35' title="bbox 384 4602 3097 4674; baseline 0.001 -18"><span class='ocrx_word' id='word_1_580' title='bbox 384 4603 588 4674; x_wconf 83' lang='grc' dir='ltr'><strong>τρόπων</strong></span> <span class='ocrx_word' id='word_1_581' title='bbox 631 4619 696 4657; x_wconf 79' lang='lat' dir='ltr'><strong>ex</strong></span> <span class='ocrx_word' id='word_1_582' title='bbox 741 4603 824 4656; x_wconf 79' lang='lat' dir='ltr'><strong>sil.</strong></span> <span class='ocrx_word' id='word_1_583' title='bbox 913 4602 1038 4669; x_wconf 89' lang='grc'>69,1</span> <span class='ocrx_word' id='word_1_584' title='bbox 1080 4604 1268 4658; x_wconf 78' lang='grc' dir='ltr'><strong>ἄτοπον</strong></span> <span class='ocrx_word' id='word_1_585' title='bbox 1311 4603 1370 4657; x_wconf 80' lang='grc' dir='ltr'><strong>ἂν</strong></span> <span class='ocrx_word' id='word_1_586' title='bbox 1417 4605 1540 4657; x_wconf 82' lang='grc' dir='ltr'><strong>εἶναι</strong></span> <span class='ocrx_word' id='word_1_587' title='bbox 1583 4602 1739 4665; x_wconf 78' lang='grc' dir='ltr'><strong>δόξειε</strong></span> <span class='ocrx_word' id='word_1_588' title='bbox 1783 4607 2069 4658; x_wconf 83' lang='grc' dir='ltr'><strong>παντάπασι</strong></span> <span class='ocrx_word' id='word_1_589' title='bbox 2112 4606 2279 4659; x_wconf 73' lang='grc' dir='ltr'><strong>τούτω</strong></span> <span class='ocrx_word' id='word_1_590' title='bbox 2325 4604 2441 4671; x_wconf 82' lang='grc' dir='ltr'><strong>(Εειε</strong></span> <span class='ocrx_word' id='word_1_591' title='bbox 2486 4605 2768 4658; x_wconf 82' lang='grc' dir='ltr'><strong>παντάπασι</strong></span> <span class='ocrx_word' id='word_1_592' title='bbox 2813 4605 2911 4658; x_wconf 83' lang='lat' dir='ltr'>del.</span> <span class='ocrx_word' id='word_1_593' title='bbox 2957 4611 3009 4658; x_wconf 78' lang='lat' dir='ltr'><strong>et</strong></span> <span class='ocrx_word' id='word_1_594' title='bbox 3044 4604 3097 4658; x_wconf 77' lang='grc' dir='ltr'><strong>δὲ</strong></span> 
     </span>
     <span class='ocr_line' id='line_1_36' title="bbox 386 4691 3094 4766; baseline -0.001 -20"><span class='ocrx_word' id='word_1_595' title='bbox 386 4707 454 4746; x_wconf 82' lang='lat' dir='ltr'><strong>ex</strong></span> <span class='ocrx_word' id='word_1_596' title='bbox 497 4691 574 4754; x_wconf 68' lang='lat'><strong>66)</strong></span> <span class='ocrx_word' id='word_1_597' title='bbox 663 4691 695 4746; x_wconf 89' lang='lat'>5</span> <span class='ocrx_word' id='word_1_598' title='bbox 741 4693 888 4766; x_wconf 81' lang='grc' dir='ltr'><strong>χάριν</strong></span> <span class='ocrx_word' id='word_1_599' title='bbox 935 4707 1033 4745; x_wconf 90' lang='lat' dir='ltr'><strong>om.</strong></span> <span class='ocrx_word' id='word_1_600' title='bbox 1123 4692 1156 4745; x_wconf 91' lang='grc'>7</span> <span class='ocrx_word' id='word_1_601' title='bbox 1200 4691 1310 4763; x_wconf 78' lang='grc' dir='ltr'><strong>ἠτις</strong></span> <span class='ocrx_word' id='word_1_602' title='bbox 1353 4709 1524 4766; x_wconf 83' lang='grc' dir='ltr'><strong>χιονος</strong></span> <span class='ocrx_word' id='word_1_603' title='bbox 1565 4692 1875 4764; x_wconf 82' lang='grc' dir='ltr'><strong>ἀναφελῆται</strong></span> <span class='ocrx_word' id='word_1_604' title='bbox 1919 4695 1995 4746; x_wconf 79' lang='lat' dir='ltr'><strong>sic</strong></span> <span class='ocrx_word' id='word_1_605' title='bbox 2093 4694 2124 4747; x_wconf 87' lang='lat'><strong>9</strong></span> <span class='ocrx_word' id='word_1_606' title='bbox 2170 4698 2261 4764; x_wconf 86' lang='grc' dir='ltr'><strong>τῆς</strong></span> <span class='ocrx_word' id='word_1_607' title='bbox 2308 4709 2407 4746; x_wconf 89' lang='lat' dir='ltr'><strong>om.</strong></span> <span class='ocrx_word' id='word_1_608' title='bbox 2455 4709 2521 4746; x_wconf 81' lang='lat' dir='ltr'><strong>ex</strong></span> <span class='ocrx_word' id='word_1_609' title='bbox 2566 4693 2648 4746; x_wconf 86' lang='lat' dir='ltr'>sil.</span> <span class='ocrx_word' id='word_1_610' title='bbox 2745 4692 2810 4746; x_wconf 91' lang='lat'><strong>10</strong></span> <span class='ocrx_word' id='word_1_611' title='bbox 2861 4691 2921 4744; x_wconf 86' lang='grc' dir='ltr'><strong>τὸ</strong></span> <span class='ocrx_word' id='word_1_612' title='bbox 2969 4693 3094 4745; x_wconf 81' lang='grc' dir='ltr'><strong>εἶναι</strong></span> 
     </span>
     <span class='ocr_line' id='line_1_37' title="bbox 389 4777 3103 4850; baseline -0 -18"><span class='ocrx_word' id='word_1_613' title='bbox 389 4779 460 4832; x_wconf 91' lang='grc'>20</span> <span class='ocrx_word' id='word_1_614' title='bbox 511 4779 680 4832; x_wconf 72' lang='grc' dir='ltr'><strong>αὑτῶν</strong></span> <span class='ocrx_word' id='word_1_615' title='bbox 769 4779 837 4833; x_wconf 88' lang='grc'><strong>26</strong></span> <span class='ocrx_word' id='word_1_616' title='bbox 888 4780 938 4832; x_wconf 78' lang='grc' dir='ltr'><strong>τὶ</strong></span> <span class='ocrx_word' id='word_1_617' title='bbox 982 4779 1054 4850; x_wconf 84' lang='grc' dir='ltr'><strong>μὴ</strong></span> <span class='ocrx_word' id='word_1_618' title='bbox 1137 4777 1308 4846; x_wconf 88' lang='grc'>70,11</span> <span class='ocrx_word' id='word_1_619' title='bbox 1362 4796 1475 4832; x_wconf 83' lang='grc' dir='ltr'><strong>τινα</strong></span> <span class='ocrx_word' id='word_1_620' title='bbox 1526 4796 1592 4833; x_wconf 83' lang='lat' dir='ltr'><strong>ex</strong></span> <span class='ocrx_word' id='word_1_621' title='bbox 1646 4780 1728 4833; x_wconf 79' lang='lat' dir='ltr'><strong>sil.</strong></span> <span class='ocrx_word' id='word_1_622' title='bbox 1832 4779 1921 4834; x_wconf 85' lang='grc'>28.</span> <span class='ocrx_word' id='word_1_623' title='bbox 1966 4779 2033 4834; x_wconf 89' lang='grc'><strong>29</strong></span> <span class='ocrx_word' id='word_1_624' title='bbox 2087 4779 2203 4834; x_wconf 76' lang='grc' dir='ltr'><strong>οὔτε</strong></span> <span class='ocrx_word' id='word_1_625' title='bbox 2248 4779 2324 4842; x_wconf 68' lang='lat' dir='ltr'><strong>de.</strong></span> <span class='ocrx_word' id='word_1_626' title='bbox 2422 4779 2491 4834; x_wconf 87' lang='lat'><strong>33</strong></span> <span class='ocrx_word' id='word_1_627' title='bbox 2542 4779 2694 4833; x_wconf 75' lang='grc' dir='ltr'><strong>αὐτόν</strong></span> <span class='ocrx_word' id='word_1_628' title='bbox 2791 4780 2929 4843; x_wconf 87' lang='grc'>71,6</span> <span class='ocrx_word' id='word_1_629' title='bbox 2984 4780 3103 4833; x_wconf 77' lang='grc' dir='ltr'><strong>εἰσὶν</strong></span> 
     </span>
     <span class='ocr_line' id='line_1_38' title="bbox 390 4863 3109 4940; baseline 0 -22"><span class='ocrx_word' id='word_1_630' title='bbox 390 4865 422 4918; x_wconf 90' lang='grc'>9</span> <span class='ocrx_word' id='word_1_631' title='bbox 462 4863 701 4940; x_wconf 72' lang='grc' dir='ltr'><strong>δειχθῆτο</strong></span> <span class='ocrx_word' id='word_1_632' title='bbox 785 4865 849 4921; x_wconf 87' lang='grc'><strong>13</strong></span> <span class='ocrx_word' id='word_1_633' title='bbox 895 4865 974 4937; x_wconf 75' lang='grc' dir='ltr'><strong>εἴη</strong></span> <span class='ocrx_word' id='word_1_634' title='bbox 1046 4865 1113 4920; x_wconf 92' lang='grc'><strong>26</strong></span> <span class='ocrx_word' id='word_1_635' title='bbox 1163 4865 1241 4936; x_wconf 72' lang='grc' dir='ltr'><strong>εἴη</strong></span> <span class='ocrx_word' id='word_1_636' title='bbox 1319 4867 1441 4932; x_wconf 91' lang='grc'>72,1</span> <span class='ocrx_word' id='word_1_637' title='bbox 1493 4865 1547 4919; x_wconf 73' lang='grc' dir='ltr'><strong>δὲ</strong></span> <span class='ocrx_word' id='word_1_638' title='bbox 1593 4864 1832 4938; x_wconf 70' lang='grc' dir='ltr'><strong>τείρεσθαι</strong></span> <span class='ocrx_word' id='word_1_639' title='bbox 1908 4869 1973 4921; x_wconf 91' lang='grc'><strong>12</strong></span> <span class='ocrx_word' id='word_1_640' title='bbox 2020 4864 2145 4938; x_wconf 80' lang='grc' dir='ltr'><strong>πρὸς</strong></span> <span class='ocrx_word' id='word_1_641' title='bbox 2190 4882 2291 4922; x_wconf 90' lang='lat' dir='ltr'><strong>om.</strong></span> <span class='ocrx_word' id='word_1_642' title='bbox 2368 4866 2432 4920; x_wconf 88' lang='lat'><strong>13</strong></span> <span class='ocrx_word' id='word_1_643' title='bbox 2474 4871 2571 4938; x_wconf 83' lang='grc' dir='ltr'><strong>τῆς</strong></span> <span class='ocrx_word' id='word_1_644' title='bbox 2613 4871 2705 4921; x_wconf 76' lang='grc' dir='ltr'><strong>τοῦ</strong></span> <span class='ocrx_word' id='word_1_645' title='bbox 2782 4868 2845 4922; x_wconf 89' lang='grc'><strong>15</strong></span> <span class='ocrx_word' id='word_1_646' title='bbox 2890 4865 3109 4939; x_wconf 74' lang='grc' dir='ltr'><strong>φέρεσθα</strong></span> 
     </span>
    </p>
   </div>
  </div>
 </body>
</html>
