3684 5567
534 232 623 298 90
1510 229 1820 287 ΑΠΟΡῙΩΝ
1861 228 1982 287 ΚΑΙ
2021 230 2288 286 ΛΥΣΕΩΝ

644 404 895 481 πάθος,
940 406 973 469 ὃ
1007 406 1306 491 μηδενός
1338 406 1481 469 ἐστι
1524 410 1657 469 τῶν
1702 404 2011 469 ἐνταῦθα
2043 406 2420 489 σωμάτων,
2467 403 2764 487 οὐδεμία
2809 402 2886 466 ἂν
2931 402 3154 467 ἐκλεί-

640 529 759 569 ποι
802 506 1227 593 αῖσθησις”.

814 610 994 674 Δοκεῖ
1034 632 1133 692 μοι
1178 610 1209 672 ὁ
1254 613 1387 678 νοῦς
1441 614 1543 672 τοῦ
1600 610 1918 693 λεγομένου
1973 609 2338 673 συστέλλοντι
2393 608 2476 677 εἰς
2529 607 2630 677 τὰς
2685 605 2886 691 κυρίας
2946 607 3152 689 προτά-

645 729 768 779 σεις
832 716 949 773 τῶν
1024 710 1213 793 λόγων
1280 714 1541 780 τοιοῦτος
1606 710 1771 775 εἶναι.
1883 712 1968 773 ὧν
2035 708 2253 796 ἔχομεν
2318 710 2391 773 τὰ
2461 709 2848 794 αἰσθητήρια,
2929 708 3149 771 τούτων
3177 722 3234 765 ιο

576 831 606 879 5
646 813 875 876 πάντων
944 812 1039 877 καὶ
1106 812 1381 897 αἴσθησιν
1448 810 1687 897 ἔχομεν.
1796 812 1861 876 εἴ
1912 836 2080 876 τινων
2143 813 2226 896 μὴ
2291 810 2510 897 ἔχομεν
2575 812 2868 895 αἴσθησιν,
2933 809 3152 875 τούτων

646 919 732 998 τῷ
783 917 865 999 μὴ
912 913 1074 1000 ἔχειν
1120 914 1192 977 τὰ
1234 915 1590 1000 αἰσθητήρια
1632 914 1825 978 αὐτῶν
1871 914 1979 979 οὐκ
2023 915 2449 997 αἰσθανόμεθα.
2517 912 2679 977 εἶπεν
2721 915 2789 977 δὲ
2832 914 2898 976 τὸ
2945 912 3050 994 μὲν
3095 910 3158 979 ἐξ

642 1017 725 1079 ὧν
770 1015 988 1103 ἔχομεν
1034 1018 1264 1081 πάντων
1308 1019 1407 1081 διὰ
1453 1020 1554 1080 τοῦ
1610 1018 1671 1080 εἰ
1720 1017 1850 1101 γὰρ
1903 1017 2159 1085 παντὸς
2212 1014 2290 1079 οὔ
2345 1017 2536 1080 ἐστιν
2590 1015 2929 1101 αἴσθησις
2983 1014 3239 1097 ἁφή,ιι

642 1120 757 1181 καὶ
820 1123 935 1183 νῦν
997 1118 1335 1204 αἴσθησιν
1398 1117 1685 1204 ἔχομεν·
1758 1121 1985 1181 πάντα
2042 1118 2169 1202 γὰρ
2227 1118 2309 1181 τὰ
2370 1122 2494 1180 τοῦ
2553 1119 2776 1182 ἁπτοό
2835 1114 2879 1201 ἧ
2937 1117 3154 1181 ἁπτὸν

644 1221 839 1305 πάθη
892 1225 975 1305 τῇ
1033 1222 1176 1305 ἁφῇ
1232 1224 1401 1304 ἡμῖν
1445 1220 1753 1306 αἰσθητά
1796 1221 2008 1285 ἐστιν.
2096 1222 2276 1283 εἰπὼν
2320 1220 2428 1303 γὰρ
2471 1220 2602 1305 περὶ
2645 1225 2751 1305 τῆς
2793 1220 2952 1305 ἁφῆς
2995 1219 3155 1282 κατέ-

540 1342 603 1389 10
642 1326 803 1385 λιπεν
858 1324 925 1386 τὸ
969 1321 1098 1387 ‘aad
1142 1323 1237 1387 ἐπὶ
1285 1327 1401 1386 τῶν
1447 1322 1643 1386 ἄλλων
1686 1322 2088 1407 αἰσθητηρίων
2133 1346 2196 1386 τε
2240 1324 2337 1385 καὶ
2379 1320 2738 1404 αἰσθήσεων’
2793 1322 3154 1405 προσθεῖναι,

646 1426 728 1488 ὧν
774 1427 1005 1489 πάντων
1050 1425 1395 1509 ληφθέντων
1441 1426 1651 1508 γίνεται
1696 1425 1956 1489 καθόλου
1986 1426 2052 1488 τὸ
2087 1425 2172 1487 (εἰ
2215 1425 2300 1487 ὧν
2349 1422 2356 1510 Q
2405 1422 2622 1508 ἔχομεν
2666 1423 2738 1485 τὰ
2780 1424 3154 1508 αἰσθητήρια,
3183 1436 3240 1479 2⁰

646 1527 865 1591 τούτων
910 1528 1141 1590 πάντων
1187 1528 1283 1591 καὶ
1329 1526 1603 1613 αἴσθησιν
1650 1524 1917 1611 ἔχομεν’.
2006 1527 2072 1589 τὸ
2107 1524 2202 1589 ςεἷ’
2235 1550 2404 1589 τινων
2450 1527 2531 1610 μὴ
2577 1523 2850 1609 αἴσθησιν
2897 1524 3134 1610 ἔχομεν,
3178 1530 3263 1587 171

641 1630 863 1693 τούτων
908 1634 994 1712 τῷ
1028 1629 1109 1711 μὴ
1158 1626 1316 1714 ἔχειν
1362 1629 1434 1691 τὰ
1479 1629 1831 1717 αἰσθητήρια
1861 1627 2056 1691 αὐτῶν
2099 1627 2208 1691 οὐκ
2238 1624 2664 1711 αἰσθανόμεθα’
2705 1626 2866 1691 εἶπεν
2907 1626 2957 1709 †
2987 1629 3157 1690 πάλιν

646 1731 743 1795 διὰ
772 1736 873 1796 τοῦ
906 1731 1086 1795 αὐτοῦ
1129 1732 1399 1817 ἀνάγκη
1443 1756 1545 1807 τε,
1590 1729 1789 1814 εἴπερ
1834 1729 2148 1794 ἐκλείπει
2194 1754 2298 1800 τις
2335 1730 2707 1815 αἴσθησις,
2752 1732 2868 1793 καὶ
2908 1728 3158 1812 αἰσθη·
3211 1746 3238 1787 5

538 1855 601 1903 15
642 1834 885 1918 τήριόν
944 1856 1005 1897 τι
1060 1835 1231 1917 ἡμῖν
1294 1834 1681 1907 ἐκλείπειν,
1746 1830 1834 1895 ὅτι
1889 1831 2254 1916 συνημμένον
2313 1834 2554 1915 δυνάμει
2606 1831 3042 1917 προσλαμβάνει
3092 1833 3157 1895 τὸ

642 1936 1031 2020 ἀντικείμενον
1088 1940 1189 2000 τοῦ
1244 1936 1626 2017 ὑποκειμένου
1680 1938 1767 2019 τῷ
1816 1933 2088 2018 ἑπομένῳ
2143 1935 2208 1997 τὸ
2253 1933 2436 1997 ςἀλλὰ
2489 1935 2604 2019 μὴν
2655 1934 2824 1999 οὐδὲν
2881 1936 3018 2017 ἡμῖν
3078 1934 3160 1997 αἰ-

642 2042 958 2123 σθητήριον
1002 2037 1308 2115 ἑλλείπει’,
1354 2036 1423 2101 οὔ
1468 2035 1809 2121 δειχθέντος
1853 2034 2054 2099 ἕπεται
2096 2037 2163 2099 τὸ
2209 2033 2346 2121 μηδ’
2395 2035 2669 2121 αἴσθησίν
2713 2060 2837 2100 τινα
2881 2038 3156 2101 ἐκλιπεῖν.
3187 2049 3242 2093 1⁰

638 2143 879 2225 δυνάμει
920 2140 971 2203 δ’
1012 2140 1195 2216 εἶπον,
1242 2137 1329 2202 ὅτι
1363 2139 1447 2221 μὴ
1479 2138 1740 2224 ἄντικρυς
1770 2141 1941 2201 τοῦτο
1971 2140 2424 2223 προσλαμβάνει,
2465 2139 2616 2203 ἀλλὰ
2643 2140 2842 2224 λαβὼν
2872 2140 2996 2203 τίνα
3024 2136 3158 2223 ἔχο·

642 2266 746 2325 μεν
790 2243 1167 2327 αἰσθητήρια,
1202 2242 1298 2305 καὶ
1338 2240 1546 2316 δείξας,
1586 2240 1673 2304 ὅτι
1714 2242 1898 2305 πλείω
1931 2242 2148 2305 τούτων
2185 2241 2300 2327 οὐχ
2333 2242 2456 2305 οἷόν
2485 2242 2550 2306 τέ
2593 2242 2746 2305 ἐστιν
2783 2242 3158 2326 αἰσθητήρια,

538 2366 605 2413 20
642 2346 943 2419 δείκνυσιν,
962 2343 1050 2407 ὅτι
1082 2345 1262 2427 μηδὲν
1286 2345 1425 2427 ἡμῖν
1452 2344 1833 2428 αἰσθητήριον
1865 2345 2070 2409 λείπει.
2115 2344 2398 2429 λαμβάνει
2429 2344 2494 2408 δὲ
2525 2345 2679 2413 τίνας
2707 2342 2925 2429 ἔχομεν
2949 2344 3154 2427 αἰσθή·
3183 2358 3236 2400 1⁸

641 2468 760 2515 σεις
790 2446 884 2509 διὰ
913 2447 1125 2508 τῶνδε·
1160 2446 1270 2509 καὶ
1304 2444 1487 2509 ὅσων
1519 2446 1640 2528 μὲν
1672 2444 1872 2510 αὐτοὶ
1905 2446 2289 2528 ἁπτόμενοι
2333 2447 2860 2530 αἰσθανόμεθα,
2892 2451 2975 2531 τῇ
3009 2446 3156 2530 ἁφῇ

643 2547 956 2631 αἰσθητὰ
986 2545 1197 2621 εἶναι,
1242 2547 1324 2629 ἢν
1357 2548 1800 2632 τυγχάνομεν
1832 2545 2150 2633 ἔχοντες,
2182 2547 2312 2611 ὅσα
2341 2550 2415 2611 δὲ
2443 2549 2560 2613 διὰ
2589 2554 2724 2613 τῶν
2755 2550 3014 2632 μεταξὺ
3043 2550 3159 2614 καὶ

645 2654 736 2736 μὴ
766 2651 993 2715 αὐτῶν
1027 2647 1437 2731 ἁπτόμενοι,
1484 2654 1631 2719 τοῖς
1660 2650 1939 2727 ἁπλοῖς,
1971 2651 2151 2733 λέγω
2181 2649 2234 2714 δ’
2278 2652 2427 2714 οἷον
2458 2652 2612 2736 ἀέρι
2645 2655 2757 2717 καὶ
2791 2654 3005 2717 ὕδατι.
3059 2651 3158 2716 διὰ
3183 2668 3242 2710 ει»

638 2755 745 2838 γὰρ
776 2752 1019 2826 τούτων,
1064 2750 1153 2815 ὅτι
1182 2751 1249 2813 τὸ
1281 2752 1522 2815 ἁπτικὸν
1554 2750 1936 2837 αἰσθητήριον
1968 2750 2205 2837 ἔχομεν,
2237 2750 2466 2838 ἔλαβεν,
2511 2755 2609 2818 καὶ
2639 2757 2784 2840 πρὸς
2813 2756 3022 2841 τούτῳ,
3067 2754 3158 2819 ὅτι

536 2877 603 2926 25
642 2858 726 2921 ῶν
772 2852 1179 2937 αἰσθανόμεθα
1223 2854 1320 2916 διά
1344 2874 1511 2923 ’τινος
1540 2853 1775 2936 μεταξύ,
1821 2860 1943 2923 τοῖς
1987 2855 2193 2924 ἁπλοῖς
2237 2858 2505 2939 σώμασιν
2549 2858 2768 2921 τούτων
2813 2860 2853 2943 ἡ
2883 2858 3158 2941 αἴσθησις

641 2960 873 3041 γίνεται,
917 2957 979 3026 ἐξ
1026 2958 1107 3018 ὧν
1155 2952 1374 3041 ἔχομεν
1406 2956 1781 3041 αἰσθητήρια,
1828 2957 1888 3026 ἐξ
1935 2956 2141 3025 ὕδατός
2184 2980 2248 3020 τε
2293 2960 2390 3021 καὶ
2437 2959 2628 3045 ἀέρος.
2697 2960 2784 3030 οἷς
2828 2958 3159 3024 ἀκόλουθον
3186 2974 3242 3017 2⁵

644 3060 708 3125 ὂν
753 3061 819 3124 τὸ
866 3059 1075 3135 δεῖξαι,
1131 3057 1221 3122 ὅτι
1263 3062 1379 3121 τῶν
1426 3059 1631 3121 ἁπλῶν
1678 3060 1970 3143 σωμάτων
2025 3060 2093 3123 ἐκ
2136 3063 2254 3122 τῶν
2300 3060 2404 3124 δύο
2449 3062 2668 3126 τούτων
2715 3063 2908 3147 μόνων
2951 3062 3158 3145 αἰσθη·

642 3165 813 3248 τήρια
848 3162 1082 3226 δύναται
1127 3160 1293 3239 εἶναι,
1338 3160 1406 3224 ἐκ
1452 3162 1517 3225 δὲ
1547 3162 1732 3246 πυρὸς
1776 3162 1872 3225 καὶ
1903 3166 2012 3245 γῆς
2055 3161 2171 3247 οὐχ
2219 3161 2227 3249 Ι
2277 3163 2400 3227 οἶόν
2446 3186 2509 3228 τε
2550 3164 2698 3230 εἶναι
2727 3164 3126 3250 αἰσθητήριον.
3173 3171 3266 3227 172

640 3267 851 3331 τούτου
895 3265 1007 3350 γὰρ
1052 3264 1391 3350 δειχθέντος
1434 3264 1798 3347 δεδειγμένον
1851 3265 2064 3348 γίνεται
2108 3266 2206 3330 καὶ
2249 3268 2316 3331 τὸ
2363 3268 2546 3352 μηδὲν
2591 3270 2733 3351 ἡμῖν
2777 3267 3158 3353 αἰσθητήριον

534 3390 605 3437 30
643 3370 873 3433 λείπειν.
964 3368 999 3430 ὁ
1054 3367 1120 3430 δὲ
1174 3370 1344 3431 τοῦτο
1400 3367 1503 3447 μὲν
1561 3366 1797 3452 ὕστερον
1856 3369 2134 3449 δείκνυσι,
2195 3374 2423 3453 πρῶτον
2481 3370 2546 3433 δὲ
2591 3370 2972 3457 ἐπιλαμβάνει
3029 3368 3158 3453 τρία

642 3472 788 3535 εἶναι
832 3470 907 3533 τὰ
950 3468 1324 3554 αἰσθητήρια,
1368 3469 1475 3551 τὴν
1521 3470 1679 3553 ἁφὴν
1724 3470 1820 3533 καὶ
1865 3469 1938 3531 τὰ
1971 3470 2040 3533 ἐκ
2069 3475 2186 3533 τῶν
2233 3472 2461 3547 ἁπλῶν,
2506 3471 2570 3535 τό
2602 3494 2666 3535 τε
2707 3472 2774 3536 ἐκ
2803 3477 2908 3537 τοῦ
2951 3474 3158 3542 ὕδατος
3212 3488 3241 3530 ⁸

642 3574 739 3637 καὶ
784 3572 849 3637 τὸ
896 3572 963 3635 ἐκ
1007 3575 1108 3635 τοῦ
1154 3571 1345 3654 ἀέρος,
1392 3572 1575 3635 πλείω
1621 3570 1686 3635 δέ
1730 3571 1854 3635 ἐστι
1901 3572 1973 3636 τὰ
2015 3570 2144 3657 εἴδη
2192 3577 2307 3636 τῶν
2352 3573 2682 3656 αἰσθητῶν,
2727 3573 2791 3638 εἴ
2824 3598 2891 3659 γε
2933 3575 3008 3639 τὰ
3052 3576 3156 3657 μέν

640 3676 794 3739 ἐστιν
840 3676 1051 3759 ὁρατά,
1095 3673 1169 3737 τὰ
1212 3673 1271 3736 δ’
1320 3673 1608 3748 ἀκουστά,
1652 3673 1726 3737 τὰ
1771 3672 1823 3737 δ’
1881 3674 2176 3758 ὀσφρητά,
2229 3674 2302 3738 τὰ
2347 3677 2411 3739 δὲ
2455 3680 2700 3759 γευστά,
2754 3678 2827 3741 τὰ
2869 3675 2925 3741 δ’
2981 3679 3154 3741 ἁπτά.

642 3777 729 3841 ὅτι
777 3776 929 3860 μηδὲ
976 3776 1257 3860 ἰσάριθμα
1315 3774 1389 3837 τὰ
1434 3776 1790 3861 αἰσθητήρια
1834 3775 1981 3839 εἶναι
2023 3781 2143 3847 τοῖς
2197 3778 2500 3863 αἰσθητοῖς
2553 3780 2838 3845 δείκνυσιν
2885 3780 2979 3843 διὰ
3024 3786 3154 3845 τοῦ·
3187 3797 3242 3840 ιο

531 3902 597 3951 35
637 3878 796 3965 ἔχει
840 3877 895 3942 δ’
948 3877 1197 3953 οὕτως,
1254 3874 1411 3940 ὥστ’
1468 3877 1528 3941 εἰ
1582 3878 1702 3961 μὲν
1758 3877 1841 3943 δι’
1899 3880 2054 3949 ἑνὸς
2099 3881 2321 3944 πλείω
2375 3882 2685 3967 αἰσθητὰ
2737 3884 2946 3968 ἕτερα
2991 3881 3157 3946 ὄντα

636 3982 963 4065 ἀλλήλων
1018 3984 1113 4065 τῷ
1166 3980 1377 4063 γένει,
1438 3980 1705 4064 ἀνάγκη
1751 3984 1870 4045 τὸν
1916 3980 2175 4067 ἔχοντα
2230 3984 2306 4046 τὸ
2363 3987 2640 4047 τοιοῦτο
2685 3984 3156 4071 αἰσθητήριον

637 4087 900 4170 ἀμφοῖν
960 4082 1382 4166 αἰσθητικὸν
1436 4081 1637 4146 εἶναι.
1738 4080 1862 4148 ἔστι
1914 4085 2024 4169 γὰρ
2067 4084 2164 4147 διὰ
2216 4088 2386 4147 τοῦτο
2441 4086 2753 4170 λαμβάνειν
2811 4087 2878 4151 τὸ
2933 4087 3053 4163 ὅτι,
3106 4088 3242 4152 ahs

637 4210 701 4270 γε
732 4186 825 4271 εἴη
872 4186 997 4250 τινὰ
1043 4184 1137 4269 [ἃ]
1170 4184 1521 4269 διαφέροντα
1550 4184 1823 4269 ἀλλήλων
1856 4191 1942 4271 τῷ
1975 4186 2126 4269 γε’νει
2171 4186 2430 4270 αἰσθητὰ
2475 4186 2548 4251 δι’
2591 4187 2718 4258 ἑνός
2760 4212 2910 4259 τινος
2954 4190 3158 4275 αἰσθη-

644 4291 843 4375 τηρίου
889 4288 1146 4371 αἰσθητὰ
1174 4286 1467 4369 γινόμενα,
1514 4288 1581 4350 τὸ
1612 4286 1751 4373 ἔχον
1797 4290 1864 4352 τὸ
1909 4288 1970 4351 ἓν
2017 4294 2188 4353 τοῦτο
2220 4291 2601 4375 αἰσθητήριον
2645 4291 2996 4376 ἀμφοτέρων
3040 4298 3158 4357 τῶν

532 4470 555 4521 1
586 4469 780 4522 ἐκλίποι
806 4470 967 4521 Arist.
995 4468 1134 4535 vulg.
1246 4466 1279 4519 3
1307 4464 1625 4519 συστέλλοντι
1654 4466 1815 4519 Diels:
1857 4464 2170 4519 συντελοῦντι
2199 4466 2318 4519 libri
2427 4466 2459 4519 5
2497 4466 2587 4520 alt.
2615 4468 2690 4541 ῑχ.
2719 4466 2850 4521 αἴσθ.
2881 4484 3012 4523 corr.
3039 4487 3104 4524 ox
3129 4468 3265 4525 αῖσθ.

528 4557 606 4629 ἔχ.
634 4560 681 4607 V
812 4556 860 4607 6.
886 4556 915 4607 7
958 4554 1185 4608 fortasse
1210 4552 1262 4613 ἐξ
1291 4553 1389 4606 ‘tim
1416 4548 1621 4625 ἔχομεν’
1649 4552 1789 4617 (huc)
1824 4550 2048 4605 ’πάντων
2073 4555 2185 4615 (καὶ
2209 4554 2410 4625 ἔχομεν,
2439 4552 2714 4625 «toa-quw?
2847 4556 2880 4608 9
2917 4558 3027 4626 περὶ
3052 4558 3264 4626 scripsi:

530 4644 611 4695 ἐπὶ
648 4643 768 4695 libri
882 4641 946 4693 12
984 4641 1043 4694 τὸ
1070 4640 1123 4695 δὲ
1153 4642 1286 4694 Vict.
1314 4640 1402 4708 Sp.
1512 4640 1695 4713 ἔχομεν
1732 4640 1850 4692 coll.
1877 4647 1998 4692 anto
2023 4639 2256 4711 αἴσθησιν
2279 4658 2312 4694 a
2335 4642 2425 4710 Sp.
2539 4642 2603 4695 13
2629 4642 2696 4695 cf.
2721 4642 2976 4697 Addenda
3087 4646 3150 4699 15
3179 4647 3265 4697 ἐκ·

528 4731 687 4783 λείπει
712 4750 744 4783 a
874 4730 934 4781 17
972 4729 1033 4782 τὸ
1056 4730 1191 4781 vict.
1220 4730 1336 4797 Sp.:
1372 4732 1464 4781 τοῦ
1486 4730 1609 4781 libri
1724 4730 1786 4781 18
1812 4728 2047 4798 ἀντικρὺς
2071 4728 2158 4797 Sp.
2277 4733 2460 4783 τοῦτου
2487 4732 2564 4783 sic
2585 4735 2633 4782 V
2759 4730 2826 4783 22
2861 4730 2926 4801 ἣν
2947 4735 3265 4806 τυγχάνομεν

526 4818 696 4875 B²S²a
720 4818 837 4887 Spa
865 4818 1206 4891 ἐτυγχάνομεν
1234 4817 1417 4870 vB¹S¹
1524 4815 1591 4869 24
1628 4816 1799 4887 τοὺτιρ
1824 4816 1937 4882 Sp.=
1965 4819 2116 4869 τοῦτο
2137 4816 2264 4870 libri
2373 4818 2440 4871 34
2467 4814 2566 4883 ὅτι]
2593 4816 2658 4870 ef.
2685 4816 2802 4870 lnd.
2909 4816 2978 4870 38
3004 4818 3038 4871 ἅ
3063 4820 3232 4873 delevi
