3684 5567
622 220 841 261 xxxvm
1786 214 2180 267 PRAEFATIO

624 389 850 455 dibilia
902 388 1264 455 Parisinum
1319 387 1385 454 S.
1482 407 1630 453 raro
1684 387 1749 452 in
1812 386 2080 470 singulis
2134 386 2544 452 inveniuntur
2593 386 2904 452 lectiones
2966 385 3334 451 considera-

623 509 799 575 tione
828 507 1084 593 dignae,
1128 514 1198 573 ut
1240 508 1502 593 215,29.
1529 508 1613 573 30
1656 506 1898 591 223,14
1940 505 2155 591 227‚5.
2183 508 2261 571 21
2309 506 2525 588 2292.
2553 507 2591 571 3
2637 506 2900 591 231‚13.
2966 506 3138 571 levia
3181 512 3334 571 sunt

626 636 692 695 et
736 648 818 693 ex
862 633 1046 712 parte
1090 627 1390 694 videntur
1432 627 1518 692 ad
1561 627 1922 693 Parisinum
1969 626 2024 691 Β
2066 625 2295 691 redire.

524 746 612 813 A'
752 758 755 761 ’
793 747 1020 829 Neque
1064 747 1266 812 multa
1307 746 1647 831 adscripsit
1688 749 1898 813 altera
1924 743 2156 812 Veneti
2201 764 2431 811 manus
2459 765 2668 830 neque
2698 763 2866 827 quae
2895 744 3332 828 adscripserit,

628 874 803 935 certo
858 865 1011 931 mihi
1069 865 1247 931 licuit
1300 864 1835 931 circumscribere.
1923 864 2225 931 videntur
2266 872 2480 931 autem
2527 863 2773 948 primae
2819 882 3047 928 manus
3091 882 3334 929 correc-

627 996 810 1053 turae
865 1006 1007 1052 esse
1062 1004 1210 1069 eae,
1265 984 1639 1068 quibuscum
1694 984 2100 1050 consentiunt
2143 982 2380 1067 BCPS,
2432 991 2502 1049 ut
2544 984 2807 1068 216,26.
2833 984 2910 1048 31
2967 982 3332 1067 235,2-3.

628 1112 852 1171 contra
892 1104 1031 1171 iure
1074 1102 1227 1169 mihi
1267 1104 1491 1170 videor
1534 1103 1876 1170 correctori
1919 1102 2155 1170 aetatis
2199 1102 2461 1169 minoris
2503 1102 2787 1169 tribuere
2832 1122 2932 1187 ea,
2975 1122 3144 1185 quae
3189 1124 3336 1170 con-

625 1223 872 1290 iectura
914 1242 996 1289 ex
1040 1231 1224 1308 parte
1276 1223 1446 1289 falsa
1496 1222 1762 1289 inventa
1814 1227 1992 1306 sunt,
2045 1228 2114 1286 ut
2158 1222 2308 1287 ἐστιν
2355 1221 2500 1287 εἶναι
2545 1223 2780 1307 214,11
2832 1230 2897 1289 et
2939 1224 3200 1308 214,29.
3227 1224 3330 1289 31.

626 1350 883 1409 secutus
936 1362 1077 1407 sum
1130 1362 1274 1408 eam
1341 1342 1537 1425 217,1
1593 1341 1856 1423 232,21.
1943 1340 2076 1407 alia
2127 1360 2210 1407 ex
2260 1341 2553 1407 Parisino
2605 1342 2661 1407 Β
2713 1350 2885 1409 recte
2949 1343 3332 1429 desumpsit:

628 1463 863 1548 214‚27
910 1462 1109 1536 2192
1154 1460 1395 1546 233‚28
1438 1461 1636 1544 235,6
1679 1460 1939 1545 236,26.

526 1583 581 1647 R
800 1582 1025 1648 Restat
1068 1580 1281 1665 igitur,
1325 1588 1395 1646 ut
1439 1580 1521 1647 de
1567 1580 1859 1646 Parisino
1889 1581 1945 1645 R
1985 1579 2278 1646 iudicem.
2365 1600 2494 1647 non
2535 1581 2776 1665 pendet
2819 1600 2902 1648 ex
2945 1580 3122 1647 fonte
3166 1582 3336 1648 codi-

628 1722 770 1768 cum
814 1700 1048 1785 BGPS,
1093 1719 1244 1765 nam
1286 1699 1515 1784 213‚21
1562 1700 1754 1785 235,4
1797 1700 2032 1784 238,14
2075 1719 2204 1766 non
2251 1706 2350 1767 est
2391 1702 2755 1768 lacunosus.
2829 1722 2972 1767 cum
3014 1702 3073 1767 A
3115 1710 3336 1769 autem

629 1820 734 1887 hic
798 1840 1051 1907 quoque
1116 1818 1274 1885 mire
1333 1820 1670 1886 consentit.
1774 1819 1866 1885 ita
1916 1818 2218 1902 religiose
2271 1822 2717 1905 compendium
2773 1822 3092 1906 servavit,
3160 1823 3335 1906 quod

628 1940 823 2008 etiam
864 1941 933 2006 in
962 1942 1021 2007 A
1066 1945 1278 2006 exstat
1321 1960 1437 2024 pro
1483 1941 1703 2009 ὑλικαῒς
1745 1940 2164 2021 neglegenter
2206 1937 2548 2023 formatum
2593 1940 2910 2028 (223,16);
2955 1942 3078 2009 hoc
3122 1942 3334 2010 BOPS

626 2059 795 2126 falso
840 2060 1172 2125 solverunt
1213 2059 1278 2125 in
1325 2061 1561 2143 ὑτικαῖς,
1606 2078 1648 2123 a
1691 2065 1761 2123 ut
1802 2077 1935 2123 non
1977 2056 2370 2123 intellectum
2417 2060 2632 2126 omisit
2667 2080 2873 2128 vacuo
2917 2062 3162 2129 relicto.
3229 2082 3337 2145 ge-

628 2178 891 2245 nuinum
936 2178 1205 2263 praebet
1246 2179 1320 2263 R,
1366 2178 1474 2244 ubi
1519 2181 1574 2243 A
1619 2184 1956 2261 corruptus
2001 2183 2118 2262 est,
2163 2198 2294 2243 non
2339 2198 2538 2263 saepe
2582 2180 2858 2265 quidem,
2905 2182 3024 2247 sed
3069 2182 3340 2267 praebet

630 2318 794 2365 unus
839 2300 1037 2383 213,9
1092 2298 1333 2382 216,20
1384 2298 1581 2380 228‚9
1640 2297 2038 2383 237,28.31;
2091 2298 2406 2363 accedunt
2459 2299 2517 2364 ei
2571 2300 2725 2385 loci,
2788 2300 2896 2367 ubi
2948 2300 3037 2367 A²
3078 2300 3212 2366 dixi
3256 2320 3339 2367 ex

628 2416 686 2481 Β
729 2418 1041 2483 Venetum
1096 2417 1469 2483 correxisse.
1554 2416 1673 2483 sed
1716 2416 1928 2483 obstat
1982 2416 2082 2483 his
2135 2417 2476 2483 virtutibus
2531 2420 2731 2485 multo
2788 2420 2993 2486 maior
3035 2439 3188 2504 pars
3231 2418 3340 2485 de-

627 2543 1043 2621 pravatarum
1086 2537 1457 2620 lectionum,
1513 2555 1675 2619 quas
1734 2556 1815 2602 ex
1869 2536 2290 2603 adnotatione
2343 2538 2494 2603 nolo
2540 2538 2644 2605 hic
2698 2545 3008 2624 repetere.
3095 2558 3226 2623 qua
3270 2559 3340 2605 re

629 2656 1035 2724 verisimilius
1088 2662 1213 2741 est,
1280 2655 1640 2721 Par-isinum
1696 2676 1946 2742 quoque
1989 2658 2048 2721 R
2110 2656 2554 2741 apographum
2609 2677 2800 2741 quam
2865 2658 3128 2725 fratrem
3196 2676 3340 2724 esse

630 2776 882 2843 Veneti.
970 2783 1143 2843 certe
1197 2776 1302 2843 hic
1343 2776 1830 2842 fundamentum
1885 2775 2278 2843 recensionis
2323 2776 2517 2843 debet
2559 2797 2732 2862 esse,
2785 2798 2974 2861 quem
3024 2777 3093 2842 in
3137 2796 3338 2861 appa-

631 2902 775 2961 ratu
843 2915 987 2962 cum
1055 2895 1349 2963 Parisino
1412 2896 1468 2961 R
1532 2895 1850 2978 integrum
1917 2896 2221 2979 proposui
2289 2916 2370 2964 ex
2432 2896 2647 2964 BCPS
2721 2899 3024 2981 graviora
3089 2904 3338 2962 tantum

630 3016 971 3083 adnotans.
1040 3052 1120 3063 --
1188 3016 1483 3099 Denique
1534 3036 1764 3081 moneo
1832 3016 2129 3081 lacunam
2197 3016 2263 3080 in
2317 3016 2672 3103 archetypo
2735 3017 3085 3083 indicatam
3138 3016 3341 3083 fuisse

633 3136 893 3221 229,21.

802 3256 1110 3324 Venimus
1162 3256 1247 3321 ad
1299 3261 1553 3321 veteres
1605 3254 1940 3321 versiones
1993 3254 2250 3341 latinas,
2317 3276 2584 3339 quarum
2651 3257 2815 3322 duas
2879 3256 3032 3323 novi
3079 3256 3341 3323 Cmnm

631 3374 1093 3459 Anglariensis,
1162 3394 1326 3460 quae
1378 3374 1651 3459 primum
1706 3373 1943 3457 prodiit
1998 3374 2285 3442 Venetiis
2350 3378 2516 3443 1555
2533 3377 2583 3462 ¹)
2632 3376 2950 3459 (editione
3004 3396 3156 3442 usus
3200 3397 3342 3442 sum

633 3494 786 3560 anni
837 3494 1049 3579 1559),
1116 3500 1183 3559 et
1224 3493 1440 3559 Iacobi
1487 3493 1791 3559 Scuscxn
1841 3492 2209 3578 (Tubingae
2267 3496 2480 3580 1540).
2591 3504 2883 3563 neutram
2949 3496 3014 3561 in
3076 3496 3343 3562 adnota-

634 3614 873 3681 tionem
918 3611 1199 3681 criticam
1244 3613 1480 3697 recepi.
1570 3632 1721 3677 nam
1765 3611 2106 3678 Caninium
2149 3613 2286 3679 sive
2333 3614 2570 3680 Aldina
2613 3616 2752 3681 sive
2795 3616 3069 3699 gemello
3102 3616 3342 3682 codicis

636 3734 691 3799 Β
735 3754 917 3799 usum
964 3753 1109 3800 esse
1152 3732 1550 3799 demonstrat
1594 3733 1845 3817 lacuna,
1902 3752 2069 3815 quae
2114 3732 2349 3816 223,34
2402 3731 2502 3798 his
2547 3754 2688 3800 cum
2737 3733 2991 3801 Caninii
3035 3736 3344 3821 interpre-

633 3853 878 3919 tatione
922 3852 1275 3917 communis
1320 3858 1438 3919 est.
1526 3852 1678 3919 item
1723 3852 1957 3935 225,16
2001 3850 2066 3917 in
2111 3851 2325 3918 verbis
2368 3852 2738 3937 interpretis
2789 3878 2969 3935 „cum
3011 3876 3149 3920 vero
3195 3857 3340 3921 tali-s

634 3976 730 4052 sit,
776 3973 1107 4036 necessario
1150 3972 1227 4035 al
1235 3981 1600 4036 teratrum
1642 3974 1792 4057 ipsis
1834 3972 2145 4035 duntaxat
2187 3972 2510 4037 dicemium
2561 3974 2718 4038 eriff‘
2774 3976 3181 4057 cognoscitur
3224 3976 3342 4042 Pa·

635 4090 814 4156 risini
843 4090 899 4154 R
942 4090 1132 4157 lectio
1176 4094 1431 4161 τοιοῦτος
1474 4092 1540 4155 δὲ
1585 4092 1666 4155 ὢν
1697 4091 1789 4176 εἴη
1836 4090 1906 4155 ἂν
1951 4091 2128 4177 μέχρι
2171 4098 2438 4177 φωνῆσαι
2470 4093 2589 4156 δύο
2620 4092 2820 4163 αὐτοῖς
2847 4096 3045 4180 μόνης.
3133 4116 3344 4181 neque

636 4211 863 4278 tacebo
908 4210 977 4276 in
1020 4211 1235 4277 media
1278 4217 1463 4295 parte
1515 4209 1703 4275 huius
1747 4210 2063 4277 versionis
2117 4230 2416 4294 magnam
2471 4210 2652 4278 hiare
2704 4213 3021 4280 lacunam.
3110 4214 3344 4280 desunt

636 4332 806 4398 enim
848 4329 1200 4397 Alexandri
1253 4330 1453 4397 verba
1503 4330 1575 4394 τὰ
1619 4329 1932 4415 μιγνύμενα
1984 4350 2188 4413 usque
2240 4331 2326 4396 ad
2371 4333 2697 4417 μεταβολήν
2753 4332 3342 4419 (229,4-230,13).
3419 4405 3430 4415 ‚

638 4469 804 4533 quae
846 4456 1057 4515 utrum
1102 4450 1169 4516 in
1215 4448 1471 4516 officina
1515 4447 1822 4533 perierint
1865 4448 2070 4515 latina
2111 4469 2198 4515 an
2242 4450 2327 4515 ad
2358 4470 2657 4534 graecum
2691 4454 3022 4536 exemplar
3051 4452 3344 4518 mutilum

634 4569 1040 4635 referendum
1094 4569 1179 4635 sit
1228 4567 1401 4653 quod
1452 4568 1712 4649 desunt,
1759 4567 1997 4651 nesci0‚
2043 4568 2158 4635 sed
2211 4569 2624 4637 memorabile
2689 4578 2788 4636 est
2839 4577 2984 4657 post
3037 4592 3342 4657 magnum

778 4826 818 4893 ¹)
858 4824 934 4879 cf.
972 4824 1254 4879 Hoffmann
1291 4825 1414 4879 Lex.
1453 4825 1590 4879 Bibl.
1616 4826 1657 4892 Ι,
1682 4828 1796 4878 111.
