3684 5567
563 273 684 337 196
1439 267 1904 325 ΑΛΕΞΑΝΔΡΟΥ
1944 265 2394 325 ΑΦΡΟΔΙΣῙΕΩΣ

664 443 774 526 γὰρ
829 443 1016 504 πάντα
1068 441 1139 504 τὰ
1186 440 1323 504 ὄντα
1366 444 1597 523 γίνεται.
1689 443 1814 506 πῶς
1860 440 1967 524 γὰρ
2014 439 2121 503 οὐκ
2174 439 2389 503 ἄτοπον
2452 443 2517 503 τὸ
2564 441 2747 524 λέγειν
2791 441 2885 504 ἐπ’
2941 441 3177 526 ἄπειρον

667 544 813 607 εἶναι
855 544 930 606 τὰ
973 542 1128 606 αἴτια
1172 545 1268 607 καὶ
1313 545 1410 607 τὸν
1455 545 1656 628 εἱρμὸν
1701 542 1897 606 αὐτῶν
1956 544 2054 606 καὶ
2111 543 2217 625 τὴν
2272 543 2631 606 ἐπισύνδεσιν
2686 546 2768 610 ὡς
2827 546 2977 627 μήτε
3020 549 3181 629 πρῶ-

668 645 767 708 τόν
809 670 862 709 τι
907 645 1052 709 εἶναι
1099 649 1247 729 μήτε
1293 644 1572 731 ἔσχατον;
1619 647 1684 708 τὸ
1729 643 1837 727 γὰρ
1885 646 2065 727 μηδὲν
2110 645 2257 709 εἶναι
2301 651 2531 729 πρῶτον
2577 644 2757 708 αἴτιον
2788 646 2975 728 λέγειν
3020 649 3178 710 ἀναι-

663 751 782 832 ρεῖν
849 747 972 812 ἐστι
1036 750 1102 811 τὸ
1167 748 1376 811 αἴτιον·
1447 747 1866 831 ἀναιρουμένης
1917 749 2026 831 γὰρ
2082 750 2275 834 ἀρχῆς
2330 750 2697 835 ἀναιρεῖσθαι
2767 751 2861 812 καὶ
2916 750 2983 812 τὸ
3041 747 3167 832 μετ’
3193 765 3261 810 ‚2⁵

593 869 624 917 5
661 849 844 933 αὐτὴν
889 851 1131 934 ἀνάγκη.
1224 852 1514 935 ἀναιροῖτο
1562 849 1614 914 δ’
1673 849 1742 912 ἂν
1787 851 1884 912 καὶ
1930 851 2226 935 ἐπιστήμη
2272 853 2419 916 κατὰ
2462 854 2560 916 τὸν
2606 851 2776 933 λόγον
2833 856 3054 921 τοῦτον,
3124 850 3186 912 εί

663 975 727 1034 γε
770 952 1064 1037 ἐπιστήμη
1113 953 1216 1035 μέν
1274 954 1395 1017 ἐστι
1461 953 1671 1034 κυρίως
1717 953 1756 1034 ἡ
1802 956 1919 1014 τῶν
1966 956 2215 1036 πρώτων
2260 955 2459 1017 αἰτίων
2502 959 2731 1036 γνῶσις,
2786 953 2893 1015 οὐκ
2946 951 3067 1016 ἔστι
3110 953 3177 1016 δὲ

665 1054 790 1118 κατ’
845 1053 1057 1122 αὐτοὺς
1119 1056 1181 1117 ἐν
1225 1059 1346 1121 τοῖς
1390 1053 1592 1120 αἰτίοις
1636 1054 1702 1117 τὸ
1756 1059 2007 1138 πρῶτον.
2098 1055 2166 1118 οὐ
2222 1058 2385 1120 πᾶσά
2449 1080 2513 1119 τε
2566 1055 2783 1125 τάξεως
2850 1055 3175 1139 παράβασις
3201 1073 3259 1113 ω

664 1157 998 1242 ἀναιρετικὴ
1044 1162 1161 1220 τῶν
1205 1157 1266 1219 ἐν
1312 1157 1399 1223 οἷς
1442 1157 1681 1239 γίνεται·
1748 1157 2009 1237 γίνεσθαι
2053 1157 2162 1241 γὰρ
2206 1156 2329 1222 ἔνια
2374 1162 2469 1223 καὶ
2516 1157 2675 1241 παρὰ
2718 1159 2825 1240 τὴν
2868 1161 2972 1220 τοῦ
3018 1158 3179 1241 βασι-

665 1259 816 1326 λέως
862 1259 1016 1329 τάξιν
1061 1259 1168 1323 οὐκ
1213 1260 1514 1330 ἀδύνατον,
1561 1259 1600 1320 ἃ
1645 1257 1712 1320 οὐ
1757 1259 1991 1326 πάντως
2032 1264 2139 1343 τῆς
2184 1261 2476 1343 βασιλείας
2520 1260 2638 1345 ἤδη
2682 1261 2895 1342 γίνεται
2938 1260 3177 1343 φθαρτι-

565 1382 628 1428 10
667 1363 766 1434 κά,
813 1361 948 1424 οὐδὲ
993 1361 1056 1424 εἴ
1091 1387 1142 1426 τι
1187 1367 1445 1425 τοιοῦτον
1489 1361 1553 1423 ἐν
1597 1365 1682 1444 τῷ
1728 1360 1936 1445 κόσμῳ
1980 1363 2212 1444 γίνοιτο,
2256 1367 2487 1430 πάντως
2530 1363 2646 1447 ἤδη
2694 1367 2866 1426 τοῦτο
2910 1363 3034 1425 λύει
3078 1361 3182 1444 τὴν

661 1465 1026 1546 εὐδαιμονίαν
1058 1469 1160 1527 τοῦ
1193 1464 1437 1544 κόσμου,
1475 1461 1480 1540 Ι
1515 1462 1784 1546 καθάπερ
1818 1463 1955 1526 οὐδὲ
1999 1466 2105 1546 τὴν
2146 1471 2248 1528 τοῦ
2294 1466 2457 1529 οἴκου
2490 1468 2587 1529 καὶ
2619 1468 2723 1550 τὴν
2754 1471 2858 1529 τοῦ
2889 1467 3175 1529 δεσπότου
3218 1472 3287 1526 82

662 1569 701 1648 ἡ
747 1570 1010 1651 τυχοῦσα
1053 1570 1170 1628 τῶν
1215 1566 1455 1629 οἰκετῶν
1501 1565 1854 1649 ῥᾳδιουργία.

629 1737 634 1744 ,
825 1665 908 1731 “A
966 1670 1032 1732 δὲ
1097 1669 1414 1752 ἀποροῦσιν
1481 1669 1626 1752 πρὸς
1690 1667 1758 1729 τὸ
1819 1667 1966 1730 εἶναι
2030 1673 2288 1732 τοιοῦτον
2352 1671 2419 1732 τὸ
2484 1669 2581 1754 ἐφ’
2646 1673 2817 1755 ἡμῖν,
2886 1671 3087 1734 ὁποῖον
3131 1673 3391 1754 ἠΧΧΠ

663 1774 825 1855 κοινὴ
897 1771 1184 1857 πρόληψις
1249 1775 1367 1834 τῶν
1433 1771 1764 1853 ἀνθρώπων
1833 1771 2245 1844 πεπίστευκεν,
2312 1774 2549 1854 ἀπορεῖν
2612 1774 2716 1853 μὲν
2776 1772 2883 1835 οὐκ
2950 1773 3180 1855 ἄλογον,

561 1895 620 1943 15
657 1875 722 1936 τὸ
770 1875 835 1938 δὲ
887 1877 1006 1940 τοῖς
1075 1873 1492 1957 ἀπορουμένοις
1560 1871 1997 1956 ἐποχουμένους
2056 1877 2137 1940 ὡς
2192 1875 2675 1957 ὁμολογουμένοις
2736 1875 2989 1958 ἀναιρεῖν
3058 1875 3182 1956 μέν,
3236 1895 3266 1936 ⁵

659 1979 697 2041 ἃ
758 1977 943 2043 οὕτως
1011 1977 1253 2058 ἐναργῆ,
1321 1975 1699 2058 σκιαγραφίαν
1761 1975 1824 2038 δέ
1884 1999 2007 2038 τινα
2066 1977 2161 2039 καὶ
2222 1977 2455 2039 παιδιὰν
2509 1978 2847 2062 ἀποφαίνειν
2909 1979 3008 2040 τὸν
3063 1982 3179 2040 τῶν

662 2081 991 2164 ἀνθρώπων
1068 2077 1189 2162 βίον
1273 2079 1368 2140 καὶ
1449 2077 1943 2159 συναγωνίζεσθαι
2026 2085 2147 2145 τοῖς
2230 2079 2649 2162 ἀπορουμένοις
2732 2077 2869 2142 καθ’
2954 2081 3175 2154 αὑτῶν,

663 2188 789 2249 πῶς
833 2183 902 2245 οὐ
955 2183 1314 2245 παντάπασιν
1367 2179 1604 2262 ἄλογονς
1674 2177 1812 2241 οὐδὲ
1866 2179 1975 2260 γὰρ
2032 2185 2120 2264 τῷ
2178 2181 2259 2262 μὴ
2315 2182 2618 2267 δυναμένῳ
2672 2180 2829 2243 λύειν
2882 2181 3007 2244 τινὰ
3062 2189 3176 2244 τῶν
3209 2201 3264 2240 ιο

661 2283 934 2367 Ζήνωνος
999 2285 1188 2366 λόγων
1253 2288 1370 2345 τῶν
1426 2281 1575 2344 κατὰ
1637 2286 1740 2362 τῆς
1807 2282 2095 2364 κινήσεως
2156 2282 2273 2366 ἤδη
2328 2284 2549 2365 κίνησιν
2616 2284 2962 2367 ἀναιρετέον.
3055 2286 3176 2346 ἱκα-

557 2409 623 2454 20
662 2387 884 2471 νωτέρα
948 2388 1057 2471 γὰρ
1125 2388 1162 2469 ἡ
1219 2389 1321 2448 τοῦ
1389 2385 1724 2465 πράγματος
1791 2383 2055 2466 ἐνάργεια
2124 2386 2267 2468 πρὸς
2328 2387 2749 2467 συγκατάθεσιν
2818 2389 3011 2470 πάσης
3076 2392 3179 2471 τῆς

660 2491 752 2553 διὰ
805 2490 992 2572 λόγων
1050 2486 1397 2570 ἀναιρούσης
1448 2485 1590 2548 αὐτὸ
1644 2485 2050 2569 πιθανότητος.
2148 2488 2217 2550 οὐ
2273 2492 2472 2572 χεῖρον
2528 2489 2595 2552 δὲ
2648 2487 2789 2554 ἴσως
2855 2489 2950 2551 καὶ
3022 2491 3179 2571 ἡμᾶς
3208 2506 3261 2548 15

661 2598 777 2656 τῶν
827 2589 1240 2676 ἀπορουμένων
1289 2586 1384 2651 ὑπ’
1442 2588 1656 2662 αὐτῶν,
1705 2589 1792 2655 οἷς
1838 2591 2087 2670 μάλιστα
2135 2591 2470 2673 θαρροῦσιν,
2518 2594 2699 2654 ταῦτα
2733 2591 3179 2675 προχειρισαμέ-

661 2719 796 2762 νους
827 2695 1106 2765 ἐξετάσαι,
1152 2697 1279 2758 πῶς
1309 2689 1458 2775 ἔχει.
1529 2690 1672 2757 ἴσως
1700 2691 1810 2776 γὰρ
1841 2692 1979 2756 οὐδὲ
2017 2693 2159 2775 ἄγαν
2204 2695 2465 2775 φανεῖται
2494 2693 2539 2774 †
2570 2695 2653 2760 εἰς
2694 2691 2862 2756 αὐτά.
2937 2692 3060 2756 ἔστι
3103 2696 3176 2776 δή

659 2819 712 2860 τι
759 2803 875 2860 τῶν
924 2794 1341 2878 ἀπορουμένων
1390 2791 1486 2856 ὑπ’
1527 2793 1722 2856 αὐτῶν
1770 2797 1865 2857 καὶ
1910 2800 2187 2859 τοιοῦτον.
2256 2793 2360 2870 ζεἰ,
2407 2796 2599 2878 φασίν,
2646 2797 2829 2858 ταῦτά
2874 2793 3028 2858 ἐστιν
3072 2794 3166 2880 ἐφ’

555 2921 620 2970 25
659 2902 818 2983 ἡμῖν,
866 2901 948 2961 ὦν
994 2899 1090 2960 καὶ
1137 2897 1206 2958 τὰ
1251 2897 1613 2977 ἀντικείμενα
1661 2897 1985 2980 δυνάμεθα,
2030 2898 2127 2960 καὶ
2172 2898 2267 2959 ἐπὶ
2314 2903 2434 2964 τοῖς
2479 2899 2758 2964 τοιούτοις
2802 2897 2865 2959 οἵ
2902 2920 2965 2960 τε
3009 2895 3167 2960 ἔπαι-
3198 2915 3257 2956 2⁰

661 3026 748 3065 νοι
794 3003 890 3064 καὶ
937 3002 990 3063 οἱ
1037 2999 1224 3083 ψόγοι,
1273 2999 1599 3082 προτροπαί
1639 3021 1704 3062 τε
1748 3000 1845 3063 καὶ
1890 3001 2233 3084 ἀποτροπαί,
2282 3003 2549 3068 κολάσεις
2594 3023 2657 3063 τε
2700 3003 2794 3064 καὶ
2842 3001 3020 3080 τιμαί,
3066 2999 3173 3062 οὐκ

661 3103 822 3169 ἔσται
867 3105 932 3165 τὸ
977 3104 1273 3187 φρονίμοις
1319 3100 1464 3163 εἶναι
1509 3102 1605 3163 καὶ
1649 3101 1753 3167 τὰς
1797 3102 2007 3185 ἀρετὰς
2052 3100 2209 3188 ἔχειν
2256 3104 2351 3166 ἐπὶ
2384 3108 2505 3170 τοῖς
2538 3101 2796 3188 ἔχουσιν,
2840 3101 2928 3164 ὅτι
2962 3101 3165 3186 μηκέτ’

659 3208 801 3270 εἰσὶν
847 3210 964 3268 τῶν
1018 3203 1426 3286 ἀντικειμένων
1472 3208 1690 3266 κακιῶν
1736 3207 1861 3270 ταῖς
1907 3205 2137 3288 ἀρεταῖς
2194 3207 2463 3280 δεκτικοί,
2535 3207 2754 3290 ὁμοίως
2814 3207 2879 3269 δὲ
2926 3205 3067 3268 οὐδὲ
3107 3206 3169 3267 αἱ
3197 3222 3253 3264 25

661 3311 854 3373 κακίαι
897 3309 993 3371 ἐπὶ
1038 3313 1157 3373 τοῖς
1203 3308 1434 3370 κακοῖς·
1484 3305 1619 3368 οὐδὲ
1664 3306 1773 3389 γὰρ
1817 3307 1915 3368 ἐπὶ
1958 3307 2183 3374 τούτοις
2214 3309 2279 3372 τὸ
2313 3307 2519 3391 μηκέτ’
2575 3308 2721 3371 εἶναι
2750 3311 2975 3374 κακοῖς·
3022 3307 3176 3370 ἀλλὰ

561 3619 584 3670 1
625 3617 888 3686 ἐπάπειρον
927 3620 976 3667 V
1155 3613 1186 3664 2
1227 3613 1297 3670 ὡς
1334 3600 1462 3683 μήτε
1497 3613 1612 3678 (sic)
1639 3629 1686 3664 v.
1715 3629 1758 3664 c.
1782 3617 1849 3666 V:
1882 3614 1954 3672 ὡς
1978 3615 2133 3667 V¹a¹²
2311 3615 2343 3668 3
2380 3633 2427 3669 τι
2466 3617 2535 3687 μὴ
2574 3615 2655 3668 8¹²
2830 3614 2953 3668 εἶναι
2990 3629 3091 3667 om.
3120 3613 3283 3666 Lond.

556 3705 586 3758 5
626 3704 686 3756 ἂν
724 3720 823 3755 om.
864 3707 909 3755 Ο
1109 3705 1287 3752 τοῦτον
1326 3705 1448 3752 ante
1483 3701 1570 3753 τὸν
1610 3700 1790 3753 colloc.
1820 3704 1918 3753 ΗΟ
2134 3702 2165 3753 9
2204 3701 2413 3772 γίνεται]
2450 3721 2587 3756 νεται
2624 3705 2681 3756 in
2720 3703 2795 3755 lit.
2836 3707 2901 3754 V:
2940 3719 3041 3756 om.
3080 3701 3195 3754 Gna.

563 3792 626 3844 10
661 3792 910 3855 τοιοῦτον]
947 3790 1143 3842 τούτων
1183 3791 1228 3842 Ο
1444 3789 1628 3857 γίνεται
1665 3791 1710 3841 Ο
1961 3791 2165 3842 πάντων
2202 3794 2267 3844 V¹
2318 3795 2467 3856 (corr.
2508 3807 2555 3843 v.
2592 3793 2659 3854 c.)
2935 3793 2993 3843 11
3054 3791 3142 3842 alt.
3189 3791 3283 3859 τὴν

553 3915 654 3950 om.
689 3899 740 3948 a¹
946 3895 1005 3946 12
1046 3893 1327 3964 ραδιουργία
1359 3897 1400 3944 V
1587 3893 1650 3946 13
1687 3895 1778 3945 alt.
1803 3891 1864 3944 τὸ
1904 3908 2003 3946 om.
2042 3897 2088 3946 Ο
2292 3897 2356 3948 14
2392 3895 2719 3947 πεπίστευκεν
2758 3895 2866 3947 ⁸¹²:
2904 3880 3282 3947 πεπιστευκεναῖ

555 3987 632 4038 sic
669 3989 732 4036 V:
770 3983 1150 4036 πεπιστευκέναι
1185 3985 1230 4032 Ε
1455 3981 1515 4032 16
1582 3981 1614 4032 ἃ
1653 3981 1804 4032 Va¹²z
1862 3983 1926 4033 τὰ
1971 3980 2147 4033 ΒΒΗΕ
2197 3981 2311 4033 Cas,
2351 3985 2397 4035 Ο
2646 3981 2752 4033 τῶν
2798 3997 2897 4034 om.
2936 3985 2983 4034 Ο

561 4072 624 4124 18
679 4077 790 4128 πῶς
835 4070 894 4123 οὐ
930 4068 1057 4122 B²E
1100 4084 1201 4136 mg.
1240 4071 1302 4120 O:
1360 4073 1468 4124 πῶς
1516 4069 1665 4134 (corr.
1705 4085 1768 4120 ex
1809 4067 1886 4119 ὡσ
1924 4068 2018 4134 m¹)
2056 4067 2143 4118 οὖν
2182 4069 2315 4120 ναῖε
2354 4068 2426 4126 ὡς
2462 4067 2550 4120 οὗν
2588 4068 2643 4120 8²
2874 4067 3057 4138 ἄλογον
3094 4071 3139 4120 Ε
3178 4083 3280 4136 mg.

555 4158 720 4211 Lond.
759 4161 829 4210 O:
882 4156 1048 4227 ὀλίγον
1086 4153 1240 4209 Va¹²:
1287 4154 1529 4224 ὀλίγωρον
1565 4154 1636 4206 13⁹
1884 4153 1997 4206 οὐδὲ
2044 4155 2136 4225 γὰρ
2174 4156 2251 4225 τῷ
2286 4156 2357 4226 μὴ
2398 4156 2499 4222 (sie
2536 4160 2738 4224 transp.
2778 4156 2847 4226 μὴ
2886 4157 2963 4225 τῷ
3000 4155 3097 4220 m¹)
3135 4153 3278 4208 VB²t

551 4244 695 4298 οὐδὲν
731 4246 824 4315 γὰρ
863 4244 931 4314 μὴ
971 4245 1047 4312 τῷ
1083 4243 1226 4294 KB1:
1266 4241 1378 4295 οὒδὲ
1416 4243 1509 4314 γὰρ
1547 4243 1617 4312 μὴ
1654 4244 1732 4313 τῷ
1759 4243 1840 4294 2⁹:
1880 4243 1939 4295 οὺ
1976 4244 2069 4313 γὰρ
2108 4246 2153 4296 Ο
2369 4243 2438 4295 20
2473 4245 2700 4316 ἐνάργεια
2738 4243 2904 4296 Lond.
2942 4247 3020 4296 O:
3068 4243 3281 4314 ἐνέργεια

555 4333 674 4385 libri
853 4331 920 4383 23
959 4330 1074 4382 οὐδὲ
1113 4331 1208 4382 V¹:
1250 4329 1390 4381 οὐδὲν
1431 4347 1476 4381 v.
1505 4347 1546 4382 c..
1575 4331 1707 4383 νοω
1884 4330 1952 4388 εἰς
1989 4329 2141 4398 αὐτά]
2182 4329 2401 4382 fortasse
2436 4329 2714 4383 δύσλυτα
2906 4330 2973 4383 25
3012 4328 3279 4398 τοιούτοις]

551 4419 719 4476 αὐτοῖς
759 4418 955 4470 Gercke
1135 4419 1199 4470 ‘27
1239 4417 1363 4470 εἶναι
1399 4419 1500 4480 (ἐπὶ
1537 4427 1644 4476 τοῖς
1687 4419 1965 4490 φρονίμοις)
2012 4417 2211 4470 Gercke
2392 4419 2497 4491 ἔχει
2544 4420 2597 4470 8¹
2777 4418 2861 4470 27.
2898 4417 2968 4470 28
3005 4415 3081 4470 ὅτι
3121 4417 3191 4487 μὴ
3228 4417 3281 4469 δὲ

551 4507 647 4558 τισὶ
683 4508 865 4574 (supra
903 4503 952 4556 δι
1011 4525 1060 4571 κ,
1100 4518 1259 4571 supra
1296 4520 1364 4557 ισε
1423 4506 1466 4556 εἰ
1505 4521 1551 4556 v.
1590 4521 1653 4567 c.‚
1709 4509 1957 4557 accentus
1994 4519 2152 4571 supra
2189 4524 2261 4573 μη
2300 4509 2351 4556 et
2386 4505 2441 4556 δε
2478 4506 2655 4568 deleti)
2691 4510 2757 4558 V:
2804 4503 2880 4558 ὅτι
2916 4506 3147 4576 μηκέτισι
3184 4506 3279 4556 Β“;

551 4593 628 4645 ὅτι
667 4593 924 4663 μηκέτεισι
961 4591 1056 4643 132:
1097 4589 1173 4642 ὅτι
1210 4593 1393 4661 μηκέτι
1430 4592 1519 4643 εἰσὶ
1559 4596 1630 4643 H:
1671 4590 1746 4644 ὅτι
1783 4591 1855 4660 μὴ
1896 4589 1948 4642 δέ
1984 4607 2079 4643 τισι
2116 4590 2222 4642 8¹²:
2262 4589 2339 4643 ὅτι
2378 4589 2505 4661 μηδέ
2542 4593 2633 4645 εἰσι
2672 4592 2837 4645 Lond.
2860 4596 2905 4645 Ο
3086 4591 3155 4644 28
3190 4610 3281 4644 κα-

552 4685 681 4733 κιῶν
719 4678 872 4747 [corr.
899 4681 969 4730 m¹
999 4680 1068 4746 (V.
1096 4677 1202 4744 c.?)
1241 4694 1306 4730 ex
1333 4678 1611 4747 κάκεινῶν]
1641 4681 1753 4731 VO:
1793 4679 2047 4732 κάκείνων
2085 4677 2165 4730 a¹²
2344 4677 2567 4732 δεκτικοί
2601 4695 2649 4731 ν.
2678 4697 2717 4732 c.
2748 4683 2842 4732 VB
2880 4685 2950 4745 (οι
2988 4682 3045 4732 in
3081 4679 3182 4742 lit.)
3206 4681 3277 4732 O:

553 4767 778 4819 δεκτικαὶ
817 4766 970 4818 V¹a¹²
1182 4765 1248 4817 29
1288 4765 1402 4822 οὐδὲ
1437 4768 1530 4838 γὰρ
1569 4767 1647 4818 ἐπὶ
1686 4770 1836 4833 (corr.
1880 4783 1924 4817 v.
1965 4783 2007 4818 c.
2047 4783 2111 4818 ex
2150 4765 2265 4819 οὐδὲ
2302 4767 2395 4836 γὰρ
2434 4766 2539 4819 ἐπεὶ
2578 4767 2671 4834 μὴ)
2690 4766 2833 4820 vB²=
2890 4766 3005 4819 οὐδὲ
3039 4767 3135 4837 γὰρ
3172 4765 3280 4818 ἐπεὶ

554 4856 622 4925 μὴ
661 4853 753 4905 ³¹²:
793 4851 906 4906 οὐδ’
947 4855 1025 4906 ἐπὶ
1057 4859 1096 4905 H
1141 4871 1264 4921 mg.:
1304 4853 1418 4905 οὐδὲ
1458 4857 1549 4925 γὰρ
1589 4852 1700 4906 οὐδ’
1741 4857 1818 4907 ἐπὶ
1860 4859 1934 4904 E:
1974 4853 2088 4906 οὐδὲ
2128 4856 2219 4926 γὰρ
2260 4854 2337 4906 ἐπὶ
2376 4855 2466 4923 μὲν
2507 4855 2626 4907 Cas,
2664 4855 2829 4907 Lond.
2868 4859 2915 4908 O
