3684 5567
1357 243 1642 302 BIBAION
1681 243 1957 301 ΠΡΩΤΟΝ
1996 245 2151 312 3-4,
2176 247 2197 300 1
3096 243 3139 307 9

697 421 771 486 A.
849 421 934 486 Τὸ
978 421 1030 486 δ’
1071 422 1133 491 ἐξ
1175 422 1432 505 ἀνάγκης
1473 421 1756 503 ἑπόμενον
1801 422 1971 504 αἰτίῳ
2000 421 2107 484 τινὶ
2148 421 2455 504 ὡρισμένῳ
2499 443 2563 484 τε
2606 418 2703 483 καὶ
2747 438 3031 502 προκατα-

529 525 871 610 βεβλημένῳ
925 524 1022 610 ἀρ’
1077 524 1144 588 οὐ
1191 527 1356 588 δοκεῖ
1405 544 1494 588 σοι
1538 525 1907 588 κεκωλῦσθαι
1962 523 2060 587 ὑπ’
2116 524 2293 588 αὐτοῦ
2346 523 2541 593 ἄλλως
2584 545 2709 594 πως
2764 521 2845 606 μὴ
2889 519 3029 604 γίνε·
3058 535 3111 578 15

529 629 668 692 σθαι
711 629 750 712 ἢ
798 625 957 713 ἔχειν
1001 629 1162 713 παρὰ
1201 629 1306 712 τὴν
1351 628 1495 712 πρὸς
1537 628 1681 692 αὐτὸ
1726 629 2105 708 ἀκολουθίαν;

699 728 776 794 Β.
866 731 1046 796 Δοκεῖ
1087 733 1183 795 καὶ
1227 735 1414 794 τοῦτο.
2116 791 2123 807 ,

457 853 488 902 5
697 833 772 898 Α.
856 832 1042 900 Ἀλλὰ
1091 837 1203 918 μὴν
1249 835 1282 898 ὃ
1329 837 1411 918 μὴ
1456 838 1670 918 γίνεται
1715 840 1800 920 τῷ
1848 835 2219 900 κεκωλῦσθαι
2262 833 2551 916 γενέσθαι,
2604 832 2711 896 οὐκ
2754 830 2823 894 ἂν
2870 832 3031 894 δυνα-

525 939 622 1002 τὸν
670 939 854 1002 ἐκεῖνο
899 937 1171 1019 γενέσθαι
1216 938 1472 1021 λέγοιτο,
1527 937 1590 1002 εἴ
1624 961 1686 1021 γε
1733 938 1977 1002 δυνατόν
2022 939 2142 1003 ἐστι
2188 942 2358 1002 τοῦτο
2405 935 2436 1000 ὃ
2482 934 2603 999 οἷόν
2647 958 2711 998 τε
2752 933 3026 1017 γενέσθαι
3052 949 3109 992 2⁰

526 1042 822 1105 ἀκώλυτον
869 1039 962 1120 ὄν;
1029 1040 1165 1105 καθ’
1219 1041 1318 1110 οὓς
1361 1043 1468 1126 γὰρ
1515 1043 1756 1105 δυνατὸν
1802 1041 2073 1123 γενέσθαι
2118 1042 2185 1104 τὸ
2234 1041 2315 1125 μὴ
2361 1038 2786 1122 κεκωλυμένον,
2830 1039 2897 1102 τὸ
2941 1061 3031 1102 κε-

525 1145 860 1228 κωλυμένον
905 1144 1174 1226 γενέσθαι
1219 1145 1326 1207 οὐκ
1371 1143 1438 1206 ἂν
1485 1143 1578 1227 εἴη
1625 1144 1892 1208 δυνατόν·
1939 1149 2108 1208 τοῦτο
2155 1146 2219 1208 δὲ
2264 1147 2593 1208 κεκώλυται
2636 1143 2925 1227 γενέσθαι.

695 1247 769 1313 Β.
847 1247 1072 1330 Ὀρθῶς
1119 1271 1218 1330 μοι
1265 1248 1358 1310 καὶ
1405 1252 1578 1311 τοῦτο
1623 1250 1811 1317 δοκεῖς
1856 1249 2059 1332 λέγειν.
3059 1261 3114 1303 2⁶

427 1372 487 1418 ιο
695 1349 768 1416 A.
830 1349 986 1416 Ἀλλ’
1028 1351 1078 1414 εἰ
1123 1356 1302 1414 ταῦτα
1349 1355 1548 1414 τοῦτον
1595 1348 1750 1436 ἔχειν
1797 1375 1887 1416 σοι
1933 1355 2097 1416 δοκεῖ
2134 1355 2230 1416 τὸν
2276 1351 2507 1436 τρόπον,
2553 1354 2730 1435 δῆλον
2778 1353 2859 1420 ὥς
2904 1369 3031 1433 συγ-

523 1456 782 1540 χωροίης
838 1453 904 1518 ἂν
961 1457 1056 1519 καὶ
1111 1460 1195 1540 τῷ
1249 1457 1469 1524 τούτοις
1519 1453 1526 1540 Ι
1576 1455 1867 1540 ἑπομένῳ.
1967 1454 2089 1519 ἔστι
2146 1456 2211 1518 δὲ
2263 1459 2463 1532 τοῦτο,
2514 1459 2631 1518 τῶν
2684 1454 3033 1537 γιγνομένων
3070 1461 3135 1518 23

525 1558 672 1621 κατὰ
718 1560 916 1641 εἱρμὸν
960 1559 1156 1621 αἰτίων
1201 1561 1296 1622 καὶ
1342 1557 1466 1622 κατ’
1527 1560 1710 1628 αἰτίας
1753 1558 2375 1644 προκαταβεβλημένας
2429 1559 2609 1642 μηδὲν
2654 1557 2849 1627 ἄλλως
2889 1559 3031 1640 γίνε-

527 1663 664 1726 σθαι
718 1661 976 1726 δυνατόν.
1077 1662 1274 1726 ἕποιτο
1331 1661 1381 1725 δ’
1438 1661 1506 1726 ἂν
1559 1663 1747 1748 τούτῳ
1809 1666 2058 1748 κειμένῳ
2112 1663 2179 1726 τὸ
2234 1661 2370 1726 καθ’
2424 1661 2525 1732 οὓς
2584 1664 2768 1725 πάντα
2818 1662 3029 1744 γίνεται

525 1764 660 1829 καθ’
713 1765 1066 1850 εἱμαρμένην
1123 1767 1270 1847 μόνα
1321 1765 1466 1828 εἶναι
1523 1771 1700 1830 ταῦτα
1757 1769 1997 1842 δυνατά,
2062 1765 2172 1831 ὅσα
2225 1767 2465 1848 γίνεται,
2524 1771 2611 1851 τῷ
2667 1769 2782 1828 πᾶν
2835 1766 2903 1829 τὸ
2948 1765 3029 1848 μὴ
3082 1779 3112 1822 5

429 1889 490 1938 15
529 1870 822 1952 γινόμενον
870 1871 951 1952 μὴ
984 1870 1243 1950 γίνεσθαι
1288 1870 1382 1933 διὰ
1420 1871 1486 1933 τὸ
1534 1868 1673 1954 [μὴ]
1725 1871 2093 1934 κεκωλῦσθαι
2134 1869 2404 1952 γενέσθαι
2448 1869 2560 1932 ὑπὸ
2600 1873 2716 1930 τῶν
2748 1890 3027 1953 προκατα-

530 1971 904 2058 βεβλημένων
949 1977 1064 2036 τῶν
1109 1973 1420 2054 γινομένων
1467 1974 1682 2038 αἰτίων.

695 2073 768 2140 Β.
859 2075 998 2144 Πῶς
1038 2077 1145 2159 γὰρ
1193 2077 1260 2140 οὐ
1308 2077 1672 2161 συγχωροίην
1721 2074 1791 2138 ἂν
1837 2076 1925 2144 οἱς
1968 2077 2179 2159 φθάνω
2225 2079 2718 2160 συγκεχωρηκώς.
3056 2091 3109 2133 ιο

695 2177 766 2242 A.
834 2178 1021 2244 Ἀλλὰ
1068 2181 1181 2262 μὴν
1227 2177 1416 2243 ἔκειτο
1462 2183 1598 2263 ἡμῖν
1645 2181 1741 2244 καὶ
1785 2181 1853 2242 τὸ
1896 2181 2082 2244 πάντα
2124 2182 2327 2242 τοῦτον
2369 2180 2643 2263 γινόμενα
2687 2180 2783 2242 τὸν
2816 2178 3026 2263 τρόπον

525 2283 586 2352 ἐξ
631 2284 882 2367 ἀνάγκης
924 2283 1202 2364 γίνεσθαι.

417 2405 488 2451 20
695 2384 767 2450 Β.
845 2383 1076 2450 Ἕκειτο
1119 2389 1250 2471 γάρ.

695 2505 770 2570 A.
846 2505 950 2576 Οἷς
995 2509 1164 2571 πάλιν
1210 2506 1393 2571 ἕποιτ’
1437 2506 1506 2571 ἂν
1551 2509 1616 2571 τὸ
1651 2506 1798 2590 μόνα
1841 2505 1987 2570 εἶναι
2032 2511 2211 2570 ταῦτα
2241 2508 2479 2581 δυνατά,
2523 2505 2635 2569 ὅσα
2678 2506 2740 2575 ἐξ
2770 2507 3024 2590 ἀνάγκης
3054 2521 3107 2564 15

522 2611 750 2691 γίνεται.
818 2611 870 2673 εἰ
913 2611 1020 2694 γὰρ
1069 2609 1216 2693 μόνα
1263 2612 1364 2694 μὲν
1412 2613 1624 2675 δυνατὰ
1667 2611 1737 2674 τὰ
1781 2611 2071 2694 γινόμενα,
2116 2610 2189 2674 τὰ
2232 2612 2299 2674 δὲ
2338 2609 2607 2694 γινόμενα
2650 2612 2836 2673 πάντα
2880 2609 3020 2673 καθ’

521 2715 718 2798 εἱρμὸν
763 2715 958 2777 αἰτίων
1005 2715 1234 2795 γίνεται,
1280 2715 1353 2777 τὰ
1396 2712 1449 2778 δ’
1503 2715 1687 2783 οὕτως
1729 2713 1999 2797 γινόμενα
2044 2714 2105 2784 ἐξ
2149 2715 2403 2798 ἀνάγκης
2445 2713 2679 2798 γίνεται,
2725 2716 2899 2799 δῆλον
2946 2717 3028 2783 ὡς

525 2816 674 2898 μόνα
718 2816 786 2880 ἂν
831 2817 924 2900 εἴη
971 2817 1188 2880 δυνατὰ
1233 2819 1302 2880 τὰ
1347 2817 1408 2887 ἐξ
1455 2819 1706 2902 ἀνάγκης
1747 2815 2041 2900 γινόμενα.

413 2939 480 2988 25
689 2918 764 2984 Β.
856 2919 1057 3004 Λέγεις
1101 2921 1316 3005 ὀρθῶς.
3052 2937 3111 2980 ευ

690 3023 763 3088 Α.
853 3023 1020 3088 Αλλά
1067 3025 1181 3108 μὴν
1237 3022 1370 3086 καθ’
1428 3023 1526 3092 οὓς
1579 3025 1768 3088 πάντα
1826 3024 1962 3088 καθ’
2016 3023 2371 3109 εἱμαρμένην
2414 3025 2660 3107 γίνεται,
2712 3025 2861 3088 κατὰ
2905 3025 3031 3088 τού-

519 3149 656 3195 τους
697 3129 882 3190 πάντα
924 3126 1062 3190 καθ’
1117 3127 1318 3210 εἱρμὸν
1365 3127 1568 3190 αἰτίων
1611 3127 1845 3209 γίνεται.

690 3227 762 3294 Β.
855 3230 992 3300 Πῶς
1033 3229 1142 3313 γὰρ
1188 3229 1401 3298 ἄλλως.

691 3331 766 3397 A.
857 3331 1013 3397 Καθ’
1056 3331 1156 3402 οὓς
1199 3333 1315 3416 ἄρα
1359 3334 1548 3396 πάντα
1595 3332 1732 3396 καθ’
1773 3333 2133 3418 εἱμαρμένην
2177 3335 2409 3416 γίνεται,
2456 3333 2603 3398 κατὰ
2648 3334 2883 3405 τούτους
2926 3333 3025 3419 μό·
3056 3351 3113 3395 25

411 3455 484 3503 30
519 3459 636 3508 νον,
683 3435 715 3498 ὃ
760 3435 819 3504 ἐξ
850 3437 1103 3520 ἀνάγκης
1141 3437 1374 3520 γίνεται,
1423 3441 1502 3507 ὡς
1548 3436 1614 3500 τὸ
1661 3434 1814 3501 ἔστιν
1861 3436 2118 3521 ἢέσται,
2164 3443 2333 3501 τοῦτο
2380 3437 2553 3520 μόνον
2598 3440 2841 3502 δυνατὸν
2886 3439 3033 3504 εἶναι

520 3538 646 3603 κατ’
701 3540 926 3609 αὐτούς.
979 3560 986 3625 Ι

691 3639 763 3706 Β.
846 3641 1106 3727 Ἀνάγκη
1151 3645 1278 3728 γάρ.
3062 3654 3131 3710 24

690 3761 764 3826 A.
846 3761 1034 3828 Ἀλλὰ
1080 3765 1195 3847 μὴν
1239 3765 1310 3827 τὰ
1356 3764 1415 3832 ἐξ
1463 3766 1713 3848 ἀνάγκης
1759 3764 2030 3849 γινόμενα
2075 3764 2188 3849 οὐχ
2234 3764 2357 3828 οἷόν
2402 3789 2465 3828 τε
2512 3767 2593 3849 μὴ
2638 3767 2937 3846 γενέσθαι·
2996 3767 3029 3829 ὃ

519 3865 626 3949 γὰρ
672 3865 795 3929 οἷόν
839 3891 903 3930 τε
950 3866 1090 3952 [μὴ]
1135 3867 1424 3948 γενέσθαι,
1472 3867 1776 3954 ἐνδέχεται
1810 3873 1979 3931 τοῦτο
2013 3870 2109 3932 καὶ
2142 3868 2226 3952 μὴ
2255 3868 2549 3950 γενέσθαι,
2593 3870 2660 3932 τὸ
2704 3869 2769 3932 δὲ
2800 3869 3029 3955 ἐνδεχό-

409 4159 442 4210 2
481 4165 595 4212 πῶσ
631 4160 761 4225 (acc.
797 4159 895 4213 del.
933 4158 1039 4226 m')
1079 4163 1143 4211 V:
1191 4159 1406 4212 fortasse
1444 4179 1554 4218 πως
1589 4161 1668 4230 (ἢ)
1888 4161 1919 4212 6
1972 4159 2165 4230 λέγοιτο
2206 4177 2333 4214 corr.
2374 4179 2439 4215 ex
2476 4161 2609 4232 λέγοι
2644 4180 2701 4214 τε
2737 4166 2785 4213 V
2951 4161 2978 4214 ὃ
3016 4169 3139 4215 ante

410 4247 618 4300 δυνατόν
655 4249 978 4315 transposuit
1015 4265 1048 4298 a
1277 4248 1311 4299 8
1350 4247 1582 4317 δυνατόν]
1629 4267 1662 4300 α
1699 4265 1738 4300 S.
1777 4265 1822 4301 v.
1857 4254 1923 4301 Vx
1960 4249 2013 4301 δε
2054 4253 2098 4300 V
2315 4249 2382 4302 10
2417 4248 2557 4302 δοκεῖ
2589 4265 2690 4302 om.
2726 4253 2941 4304 FGSLa
2976 4250 3065 4318 Sp.

411 4343 533 4387 ante
569 4334 721 4404 δῆλον
759 4337 998 4388 iteratum
1037 4334 1180 4387 δοκεῖ
1213 4336 1314 4388 del.
1355 4340 1418 4386 V:
1485 4352 1582 4387 om.
1620 4339 1737 4390 BR:
1797 4335 1941 4390 δοκεῖ
1976 4335 2127 4407 δῆλον
2164 4339 2377 4392 FGSLa
2591 4337 2655 4390 13
2716 4337 2959 4408 κειμένῳ]
2998 4357 3042 4407 ῳ
3080 4339 3139 4391 in

411 4423 490 4474 lit.
523 4425 574 4474 V
722 4424 785 4475 14
821 4423 952 4490 μόνα
991 4421 1256 4476 vBR‘2S'22
1293 4424 1454 4475 πάντα
1491 4425 1729 4477 FGS¹L=
1770 4424 1925 4492 μόνον
1962 4443 1995 4476 a
2020 4425 2107 4493 Sp.
2251 4428 2327 4495 τῷ
2354 4428 2525 4478 VBR:
2563 4424 2705 4495 αὐτῷ
2740 4427 2953 4479 FGSLa
2976 4425 3065 4493 Sp.

414 4510 479 4562 15
515 4510 587 4580 μὴ
625 4509 724 4562 del.
763 4513 828 4562 V:
884 4525 984 4562 om.
1025 4511 1146 4562 libri
1367 4511 1428 4564 18
1483 4510 1714 4581 ἀλλαμὴν
1752 4516 1800 4565 V
2036 4511 2098 4564 19
2158 4511 2497 4582 ἀνάγΙΙΙΝκησ
2534 4515 2580 4562 V
2821 4512 2889 4565 22
2926 4513 3019 4581 μὲν
3054 4512 3137 4566 δι’)-

411 4615 554 4648 ναται
589 4615 622 4648 ι
835 4597 900 4648 24
948 4597 1100 4667 μόνα]
1140 4617 1172 4648 α
1222 4599 1278 4649 in
1315 4599 1392 4650 lit.
1436 4602 1479 4649 V
1694 4599 1763 4652 30
1819 4598 2042 4653 fortasse
2086 4599 2294 4670 γίνεται,
2348 4603 2601 4670 «sternar
2652 4597 2807 4652 ὥσθ’
2852 4599 2880 4653 ὃ
2926 4599 3056 4654 ἔστιν
3100 4602 3133 4671 ἡ

411 4685 566 4749 ἔσται,
623 4685 686 4737 cf.
724 4685 758 4736 1.
797 4701 840 4737 e.
881 4684 984 4736 6⁶22
1200 4685 1233 4756 ἡ
1271 4685 1326 4737 τὸ
1363 4687 1501 4738 ἔσται
1538 4705 1570 4737 a
1782 4688 1905 4740 εἶναι
1951 4687 2163 4741 δυνατὸν
2200 4706 2233 4739 ει
2442 4687 2505 4740 31
2548 4687 2729 4745 αὐτοὺς
2772 4689 3029 4759 (ἀνάγκη).
3064 4691 3131 4743 Β.

411 4767 628 4843 Ἀνάγκη
666 4775 801 4826 coni.
829 4772 916 4840 Sp.
1133 4773 1200 4826 33
1255 4773 1372 4846 οὐχ]
1422 4773 1640 4826 fortasse
1693 4774 1858 4836 οὕτως
2069 4775 2140 4851 μὴ
2188 4775 2462 4835 delendum
2500 4776 2705 4834 videtur
2752 4775 2818 4834 cf,
2854 4776 2927 4833 ib.

413 4861 500 4916 καὶ
536 4876 635 4914 om.
673 4865 719 4918 R
