3684 5567
1414 270 1691 326 ΒΙΒΛΙΟΝ
1732 268 2090 325 ΔΕΥἸῈΡΟΝ
2137 272 2250 323 13-
2278 272 2337 323 15
3149 268 3232 331 59

616 600 781 664 XIV.
878 600 953 665 Εἰ
1006 603 1088 664 τὰ
1144 601 1344 665 κοινὰ
1400 602 1752 683 νοήματα,
1820 602 1900 665 τὰ
1956 602 2030 664 δὲ
2097 602 2412 683 νοήματα
2466 601 2542 662 οὐ
2601 602 2919 682 σώματα,
2975 591 3114 657 οὐδ’

3025 695 3115 719 '5’

618 702 694 764 ἀν
750 705 823 767 τὸ
870 706 1101 767 κοινὸν
1160 704 1271 787 εἴη
1328 708 1555 783 σῶμα,
1612 704 1839 788 νόημά
1894 728 1965 767 τε
2019 704 2090 766 ὂν
2145 709 2262 767 τοῦ
2310 708 2544 765 κοινοῦ
2599 704 2922 784 σώματος
2975 719 3096 760 ουο
3181 711 3208 753 ὃ

1187 807 1481 889 ὁρισμὸς
1525 806 1649 869 οὐκ
1695 805 1841 870 ἔστι
1887 810 2212 889 σώματος
2259 804 2562 890 ὁρισμός.

774 976 855 1041 Ἣ
904 979 973 1041 τὰ
1020 979 1185 1042 κοινὰ
1238 976 1351 1063 οὐχ
1399 978 1601 1047 ἁπλῶς
1656 979 1947 1062 νοήματα,
2009 980 2155 1041 ἀλλὰ
2213 977 2329 1040 ἀπό
2384 1000 2552 1039 τινων
2607 978 2702 1039 καὶ
2757 976 2888 1060 περί
2933 996 3119 1047 τινων,

546 1100 576 1149 5
615 1087 795 1144 ταῦτα
858 1082 909 1144 δ’
976 1083 1098 1146 ἐστὶ
1162 1083 1231 1146 τὰ
1298 1082 1652 1146 καθέκαστα.
1748 1084 1960 1165 γίνεται
2020 1084 2083 1145 δὲ
2139 1084 2254 1145 ἀπὸ
2315 1080 2535 1143 τούτων
2586 1084 2704 1141 τῶν
2767 1078 2874 1141 οὐκ
2940 1075 3118 1139 ὄντων

626 1191 832 1247 κοινῶν
880 1191 965 1269 τῷ
1002 1186 1377 1269 ἀφαιρεῖσθαι
1422 1185 1615 1248 αὐτῶν
1662 1190 1737 1268 τῇ
1786 1186 2030 1267 ἐπινοίᾳ,
2075 1188 2254 1247 ταῦτα
2301 1186 2365 1247 δὲ
2409 1182 2544 1246 καθ’
2587 1182 2735 1245 αὑτὰ
2780 1179 3120 1264 διαφέροντα
3154 1195 3208 1236 1⁰

628 1289 897 1369 ἀλλήλων
946 1289 1280 1352 καθέκαστά
1325 1288 1498 1361 ἐστιν,
1547 1290 1627 1350 ὧν
1674 1288 2109 1372 ἀφαιρεθέντων
2157 1290 2219 1350 τὸ
2267 1284 2756 1367 καταλειπόμενον
2803 1283 3013 1366 νόημα.
3084 1284 3122 1363 ἢ

620 1390 680 1451 ἐν
727 1392 907 1455 ἅπασι
964 1394 1027 1455 τὸ
1074 1392 1261 1455 κοινόν
1310 1392 1492 1467 ἐστιν,
1549 1391 1579 1453 ὃ
1626 1396 1711 1476 τῷ
1770 1393 1852 1475 μὴ
1900 1392 2085 1459 οὕτως
2141 1392 2483 1475 ὑφεστάναι,
2540 1394 2620 1458 ὡς
2672 1392 2912 1462 νοεῖται,
2967 1388 3129 1449 δοκεῖ

613 1494 717 1575 τὴν
774 1492 1085 1557 ὑπόστασιν
1130 1492 1292 1579 ἔχειν
1339 1494 1423 1577 ἐφ’
1479 1496 1561 1557 ὧν
1605 1494 1856 1576 λέγεται,
1918 1496 2014 1558 καὶ
2061 1492 2212 1557 ἔστιν
2268 1495 2507 1577 ὁρισμὸς
2561 1497 2662 1555 τοῦ
2716 1492 2973 1553 τοιούτου
3030 1491 3125 1550 καὶ
3157 1504 3209 1545 15

511 1616 575 1663 10
614 1601 815 1659 τοῦτον
862 1599 958 1660 τὸν
990 1597 1199 1679 τρόπον
1246 1598 1561 1679 νοουμένου
1607 1598 1703 1659 καὶ
1736 1598 1829 1660 διὰ
1875 1602 1976 1660 τοῦ
2023 1600 2310 1680 νοήματος
2357 1597 2502 1658 εἶναι
2533 1599 2858 1667 δοκοῦντος,
2905 1594 2971 1655 οὐ
3019 1597 3119 1654 τοῦ

616 1701 937 1781 νοήματος,
993 1700 1143 1762 ἀλλὰ
1190 1704 1289 1762 τοῦ
1348 1701 1500 1762 οὕτω
1546 1700 1878 1783 νοουμένου.
1971 1702 2278 1783 μηνυτικὸς
2321 1700 2432 1783 γὰρ
2489 1700 2520 1761 6
2568 1700 2807 1781 ὁρισμὸς
2860 1700 2961 1758 τοῦ
3008 1696 3122 1757 ἀπὸ

616 1807 717 1865 τοῦ
773 1805 1105 1885 πράγματος
1158 1808 1257 1865 τοῦ
1306 1804 1645 1885 ὁριζομένου
1707 1806 1998 1886 νοήματος
2051 1802 2367 1885 γεγονότος.
2459 1806 2676 1884 σημεῖα
2732 1802 2836 1885 γὰρ
2893 1800 2965 1860 τὰ
3019 1798 3120 1878 μὲν
3150 1814 3208 1855 20

616 1907 880 1988 νοήματα
927 1911 1041 1968 τῶν
1088 1909 1473 1989 πραγμάτων,
1535 1909 1587 1969 οἱ
1635 1908 1698 1969 δὲ
1744 1908 1904 1988 λόγοι
1957 1913 2072 1969 τῶν
2131 1905 2231 1968 ἀπ’
2288 1906 2524 1969 ἐκείνων
2577 1904 2915 1985 νοημάτων,
2972 1903 3124 1965 ὥστε

614 2010 707 2070 καὶ
756 2010 786 2071 6
834 2013 933 2071 τοῦ
982 2012 1253 2091 σώματος
1299 2010 1540 2093 ὁρισμὸς
1593 2007 1685 2093 εἴη
1732 2008 1801 2071 ἂν
1848 2013 1950 2071 τοῦ
1997 2009 2285 2091 νοήματος
2333 2009 2668 2093 μηνυτικός,
2720 2005 2725 2089 Ι
2777 2006 2808 2067 ὃ
2853 2006 3096 2087 λέγομεν
3143 2010 3230 2067 110

510 2133 571 2181 15
611 2114 726 2175 ἀπὸ
782 2117 883 2175 τοῦ
942 2116 1212 2194 σώματος
1278 2112 1425 2175 κατὰ
1478 2112 1777 2196 ἀφαίρεσιν
1836 2118 1951 2175 τῶν
2013 2112 2391 2197 ὑπαρχόντων
2454 2118 2573 2179 τοῖς
2629 2110 2962 2174 καῦέκαστα
3009 2112 3120 2171 σώ-

616 2236 813 2297 μασιν,
880 2218 963 2277 ὧν
1016 2214 1449 2300 ἀφαιρεθέντων
1510 2217 1576 2277 τὸ
1638 2215 2128 2298 καταλειπόμενον
2191 2217 2378 2279 κοινὸν
2433 2217 2529 2278 καὶ
2583 2213 2786 2277 ταύτόν
2847 2214 2999 2275 ἐστιν
3063 2211 3123 2272 ἐν

618 2320 795 2382 ἅπασι
840 2324 958 2387 τοῖς
1006 2321 1289 2399 σώμασιν.
1380 2320 1461 2380 ὢν
1510 2320 1574 2381 δὲ
1620 2324 1725 2401 τῆς
1767 2324 1868 2381 τοῦ
1919 2322 2190 2401 σώματος
2244 2320 2478 2404 φύσεώς
2533 2342 2593 2381 τε
2637 2320 2732 2381 καὶ
2777 2317 2976 2384 οὐσίας
3021 2339 3126 2399 μη·
3179 2330 3207 2371 ὅ

609 2422 831 2490 νυτικὸς
886 2420 993 2485 οὐκ
1049 2422 1117 2485 ἂν
1164 2421 1257 2506 εἴη
1306 2423 1659 2503 ἀσωμάτου,
1715 2420 1836 2485 οὐδ’
1896 2424 2022 2485 ἐπεὶ
2069 2424 2382 2506 ἀσώματος
2430 2422 2624 2497 οὖτος,
2683 2422 2778 2484 καὶ
2823 2421 2888 2483 τὸ
2934 2418 3126 2501 νόημα

610 2526 675 2587 τὸ
728 2526 847 2588 ἀπὸ
904 2530 1005 2587 τοῦ
1063 2528 1333 2608 σώματος
1388 2526 1480 2589 διὰ
1535 2530 1703 2588 τοῦτο
1759 2524 1975 2589 ἄτοπόν
2035 2550 2084 2588 τι
2139 2526 2385 2608 λέγεται.
2477 2527 2508 2588 6
2564 2526 2667 2608 μὲν
2720 2525 2827 2607 γὰρ
2885 2522 3126 2606 ὁρισμὸς

504 2648 573 2694 2ο
610 2628 807 2711 λόγος.
864 2628 931 2690 οὐ
985 2628 1154 2711 λόγος
1209 2629 1274 2691 δὲ
1327 2630 1391 2691 τὸ
1451 2634 1643 2711 σῶμα.
1736 2630 1834 2691 καὶ
1882 2630 1941 2691 ἐν
1997 2634 2138 2692 πᾶσι
2193 2631 2266 2711 δὴ
2322 2630 2388 2691 οὐ
2436 2634 2536 2691 τοῦ
2584 2627 3012 2711 σημαινομένου
3055 2631 3120 2688 τὸ
3152 2641 3206 2683 10

615 2731 1059 2816 σημαινόμενον,
1107 2733 1234 2794 ἐπεὶ
1280 2732 1421 2795 αὐτὸ
1469 2737 1637 2795 τοῦτο
1683 2732 1763 2801 τίς
1812 2733 2047 2802 ἀξιώσει
2093 2734 2188 2795 καὶ
2233 2736 2329 2795 τὸν
2379 2736 2476 2795 τοῦ
2523 2736 2734 2795 λευκοῦ
2780 2730 2950 2813 λόγον
2996 2733 3121 2792 λευ·

615 2836 713 2897 κὸν
758 2834 903 2897 εἶναι
949 2837 1043 2899 καὶ
1090 2837 1185 2898 τὸν
1231 2840 1331 2898 τοῦ
1380 2834 1587 2919 βαρέος
1632 2835 1837 2918 βαρὺν;
1897 2834 1984 2897 ὅτι
2032 2836 2135 2916 μὲν
2181 2835 2288 2919 γὰρ
2335 2835 2402 2898 οὐ
2449 2840 2550 2898 τοῦ
2597 2837 2885 2918 νοήματος
2931 2836 2962 2895 6
3010 2834 3121 2915 ὁρι-

616 2937 779 3019 σμός,
850 2940 881 3000 6
938 2940 1039 3021 μὲν
1096 2940 1247 3019 λέγει
1304 2938 1400 3001 <τὸ
1453 2944 1625 3023 τριχῆ
1682 2939 1904 3006 διεστὸς
1959 2938 2190 3013 ἀπτόν’,
2259 2938 2326 3001 οὐ
2393 2943 2617 3001 τοιοῦτο
2672 2938 2736 3000 δὲ
2787 2938 2851 2999 τὸ
2904 2935 3120 3016 νόημα·

614 3042 712 3103 καὶ
760 3043 789 3103 6
838 3042 940 3123 μὲν
978 3038 1160 3125 ’ζῷον
1208 3042 1432 3123 λογικὸν
1480 3038 1740 3125 θνητόν’,
1795 3042 1963 3103 οὐδὲν
2010 3042 2074 3104 δὲ
2119 3041 2335 3103 τούτων
2382 3042 2442 3105 ἐν
2487 3046 2570 3124 τῷ
2618 3042 2881 3123 νοήματι.
3153 3053 3205 3095 Ιῖ»

508 3302 573 3351 25
614 3285 749 3348 XV.
845 3284 995 3351 ΙΙῶς
1041 3281 1331 3365 λέγομεν
1380 3284 1499 3366 τὴν
1554 3283 1767 3365 αὐτὴν
1814 3283 2104 3365 δύναμιν
2150 3284 2291 3365 ἅμα
2331 3291 2463 3346 τῶν
2511 3285 2844 3346 ἐναντίων
2891 3283 3088 3347 εἶναι.

774 3450 946 3519 Ὅταν
992 3454 1252 3536 λέγωμεν
1300 3456 1401 3537 τὴν
1459 3455 1638 3537 αὐτὴν
1694 3456 1931 3537 δύναμιν
1993 3455 2137 3517 εἶναι
2193 3461 2306 3517 τῶν
2354 3456 2651 3530 ἐναντίων,
2709 3456 2776 3519 οὐ
2825 3460 2990 3519 τοῦτο
3037 3460 3123 3519 λέ·
3151 3472 3207 3513 2⁰

617 3580 819 3639 γομεν,
877 3556 965 3619 ὅτι
1009 3563 1082 3640 τῇ
1131 3557 1280 3641 αὐτῇ
1330 3560 1572 3639 δυνάμει
1628 3560 1725 3621 καὶ
1782 3564 2086 3641 περιπατεῖ
2138 3583 2218 3626 τις
2265 3560 2359 3621 καὶ
2406 3562 2640 3643 ἠρεμεῖ,
2693 3562 2789 3622 καὶ
2834 3560 2986 3642 λέγει
3030 3562 3125 3624 καὶ

620 3664 770 3743 σιγᾷ.
861 3660 929 3722 οὐ
983 3661 1092 3745 γὰρ
1139 3658 1273 3723 καθ’
1332 3662 1402 3743 ἣν
1461 3660 1698 3743 δύναμιν
1754 3666 2014 3735 κινεῖται,
2079 3662 2225 3723 κατὰ
2275 3662 2486 3745 ταύτην
2541 3665 2637 3725 καὶ
2693 3666 2904 3746 ήρεμεῖ
2942 3664 3125 3744 (οὕτω

616 3762 722 3845 γὰρ
769 3762 839 3825 ἂν
885 3764 1091 3844 γίνοιτο
1146 3766 1242 3827 καὶ
1297 3766 1361 3826 τὸ
1408 3764 1689 3827 κινεῖσθαι
1744 3763 1950 3827 ταύτὸν
2006 3769 2089 3848 τῷ
2140 3766 2398 3849 ἠρεμεῖν.
2454 3764 2516 3827 εἴ
2551 3789 2614 3847 γε
2669 3767 2750 3828 ὧν
2805 3768 2842 3850 ἡ
2892 3766 3126 3848 δύναμις

510 3884 577 3932 30
616 3890 653 3949 η
686 3865 855 3949 αὐτή,
903 3866 1121 3929 τούτων
1170 3868 1265 3931 καὶ
1310 3868 1347 3949 ἡ
1398 3868 1651 3951 ἐνέργεια
1696 3868 1970 3951 ηαὺτή),
2022 3867 2140 3930 ἀλλ’
2183 3866 2304 3932 ἔστι
2354 3868 2360 3953 Ι
2411 3872 2474 3932 τὸ
2515 3871 2822 3952 λεγόμενον
2870 3870 2992 3933 ἴσον
3041 3876 3125 3953 τῷ
3153 3886 3208 3927 25

616 3969 647 4032 ὃ
693 3972 757 4033 τὸ
805 3970 1055 4033 ἐναντίον
1102 3972 1207 4033 τινὶ
1254 3971 1519 4045 δύναται,
1574 3974 1742 4033 τοῦτο
1787 3971 1885 4032 καὶ
1930 3970 1994 4031 τὸ
2043 3972 2291 4034 ἐναντίον
2337 3972 2540 4056 ἐκείνῳ
2589 3972 2837 4035 δύναται.
2929 3973 2958 4035 ὃ
3003 3975 3109 4057 γὰρ
3159 3981 3229 4038 111

514 4188 533 4238 1
580 4188 789 4241 titulum
828 4191 1007 4242 tabula
1045 4194 1119 4243 sic
1157 4192 1368 4245 exhibet
1404 4194 1447 4245 εἰ
1485 4196 1547 4245 τὰ
1584 4196 1729 4247 κοινὰ
1765 4196 1998 4263 νοήματα
2037 4194 2094 4245 οὐ
2133 4201 2298 4263 σῶμα,
2349 4191 2460 4246 οὐδ’
2503 4194 2562 4246 ἂν
2598 4194 2656 4247 τὸ
2695 4197 2862 4249 κοινὸν
2901 4204 3047 4265 σῶμα
3085 4205 3232 4265 σῶμα

509 4276 613 4344 εἴη,
670 4273 797 4329 ὥστ’
848 4274 959 4329 οὐδ’
1009 4279 1208 4349 ὁρισμὸς
1265 4280 1419 4333 αὑτοῦ
1478 4282 1710 4349 σώματος
1766 4282 1968 4350 ὁρισμὸς
2024 4282 2162 4335 ἔσται
2422 4283 2451 4333 2
2509 4287 2716 4352 (σῶμα)
2771 4286 2844 4353 εἴη
2893 4294 2942 4337 et
3002 4286 3118 4353 [τε]
3175 4286 3231 4337 δν

507 4364 763 4417 Schwartz
977 4365 1032 4418 ὃν
1050 4397 1107 4404 --
1126 4365 1265 4437 οὐδ’]
1306 4369 1379 4421 ὢν
1417 4376 1505 4423 τοῦ
1545 4376 1715 4422 κοινοῦ
1755 4370 1781 4421 6
1820 4373 1952 4423 coni.
1993 4371 2078 4438 Sp.
2297 4370 2390 4423 οὑκ
2429 4372 2552 4440 ἔστι]
2593 4372 2747 4425 αὑτοῦ
2787 4374 3041 4425 Schwartz

510 4450 541 4503 6
592 4458 777 4504 κοινῶν
824 4458 901 4523 τῷ
940 4456 1053 4521 Sp.:
1110 4456 1279 4509 κοινὸν
1327 4458 1383 4509 τὸ
1435 4458 1541 4525 (νὸν
1590 4461 1645 4510 in
1694 4458 1815 4523 τας.)
1859 4462 2064 4509 VSFH:
2124 4458 2293 4511 κοινὸν
2338 4466 2413 4510 τῶ
2453 4464 2496 4513 G
2748 4463 2779 4512 ὃ
2826 4461 3029 4529 νοεῖται]
3079 4470 3123 4515 εἰ
3174 4464 3232 4515 in

508 4540 585 4592 lit.
628 4545 672 4591 V
888 4544 918 4593 9
956 4541 1047 4611 &tf
1074 4542 1146 4595 ὧν
1174 4547 1308 4596 coni.
1339 4546 1452 4612 Sp.:
1494 4547 1642 4598 ἐνιων
1674 4550 1787 4599 VS:
1826 4548 1971 4599 ἑνῑῶν
2011 4550 2110 4598 Fa:
2151 4548 2297 4598 ἐνίων
2336 4546 2386 4599 δὲ
2423 4551 2466 4599 Β
2691 4550 2751 4600 10
2787 4552 3029 4616 νουμένου
3060 4554 3102 4600 V

515 4628 577 4680 15
636 4644 874 4696 σωματοσ
912 4634 960 4680 V
1188 4632 1250 4683 17
1307 4632 1403 4697 ὢν]
1452 4633 1523 4685 ὧν
1564 4652 1595 4685 ει
1814 4639 1906 4703 τῆς
1948 4638 2171 4687 BnGsa
2209 4636 2320 4702 Sp.:
2376 4644 2483 4692 τοῖς
2522 4640 2611 4687 vF
2835 4638 2892 4688 18
2943 4638 3230 4707 ἀσώματος]

512 4714 747 4783 σώματος
788 4718 926 4769 Diels
1138 4719 1195 4769 19
1235 4720 1445 4787 ἄτοπόν]
1484 4720 1641 4772 ἁπτόν
1682 4722 1823 4774 Diels
2021 4725 2088 4773 20
2126 4723 2518 4792 σημαινομένου]
2558 4725 2833 4792 νοουμένου
2869 4726 3036 4778 B2's‘2a
3074 4732 3161 4792 Sp.

514 4803 598 4854 21.
640 4803 703 4854 22
742 4802 925 4856 λευκὸν
966 4820 1064 4857 om.
1104 4824 1135 4856 ιι
1333 4808 1397 4858 24
1455 4810 1541 4860 καὶ
1580 4808 1604 4861 6
1644 4809 1758 4878 μὲν]
1800 4810 1825 4862 ὁ
1874 4809 1926 4861 δὲ
1975 4812 2113 4862 coni.
2150 4810 2237 4875 Sp.
2428 4812 2493 4863 26
2532 4811 2737 4880 λέγομεν
2779 4830 2808 4863 a
2987 4814 3052 4865 *29
3092 4814 3138 4866 εἴ
3180 4834 3232 4885 γε

516 4894 561 4944 G
604 4892 734 4943 vict.
774 4892 887 4961 Sp.:
926 4894 969 4945 εἰ
1007 4892 1059 4946 δὲ
1098 4898 1363 4947 vusFBa
