3684 5567
507 266 547 330 8
1229 255 1689 314 ΑΛΕΞΑΝΔΡΟΥ
1725 253 2031 312 ΑΠΟΡΙΩΝ
2072 253 2195 311 ΚΑΙ
2232 252 2497 310 ΛΥΣΕΩΝ

617 438 846 521 βάνοιτο
893 435 1040 519 μετὰ
1081 440 1197 498 τῶν
1243 435 1458 496 ὑλικῶν
1505 421 1903 517 περιστάσεων
1948 454 2013 494 τε
2056 432 2151 494 καὶ
2197 432 2519 514 διαφορῶν,
2574 427 2708 511 μεθ’
2766 429 2849 492 ὧν
2892 431 2933 512 ἡ
2978 427 3113 492 ὑπό-

619 560 810 608 στασις
855 539 1076 607 αὐτῶν,
1123 539 1195 602 αἵ
1229 538 1370 602 εἰσιν
1417 537 1598 600 ἄλλου
1649 535 1849 612 ἄλλαι,
1902 539 2060 598 ποιεῖ
2098 534 2194 597 τὸν
2240 533 2527 617 Σωκράτη
2571 533 2665 596 καὶ
2710 531 2805 596 τὸν
2852 530 3107 596 Καλλίαν
3134 546 3192 588 ⁸⁰

617 644 713 705 καὶ
759 641 891 710 τοὺς
945 641 1280 705 καθέκαστα
1331 640 1706 723 ἀνθρώπους,
1767 640 1819 702 εἰ
1866 639 1930 702 δὲ
1986 639 2169 722 χωρὶς
2224 637 2443 700 τούτων
2495 637 2871 721 λαμβάνοιτο,
2926 637 3113 699 κοινὸν

616 746 843 829 γίνοιτο,
890 745 1004 829 οὐχ
1049 743 1138 807 ὅτι
1183 747 1264 829 μὴ
1298 743 1452 808 ἔστιν
1501 743 1562 805 ἐν
1595 744 1827 828 ἑκάστῳ
1874 746 1990 806 τῶν
2022 741 2358 804 καθέκαστα
2400 740 2731 825 ἀνθρώπων
2772 740 2951 822 (μετὰ
2994 739 3117 803 τού·

550 869 579 916 5
616 871 731 911 των
778 847 886 931 γὰρ
933 847 1004 910 τὰ
1049 845 1167 910 ἰ’δια
1211 852 1326 910 τῶν
1372 845 1710 909 καθέκαστά
1756 843 1971 927 ἐστιν),
2016 841 2134 908 ἀλλ’
2192 843 2280 907 ὅτι
2324 845 2478 907 ἐστὶν
2522 845 2582 906 ἐν
2629 848 2800 906 πᾶσιν
2845 844 2910 906 τὸ
2954 841 3116 906 αὐτό.
3144 858 3199 900 25

619 956 721 1014 τοῦ
767 950 838 1032 δὴ
887 949 1144 1013 τοιούτου
1191 951 1287 1012 καὶ
1333 950 1486 1012 οὕτω
1533 952 1758 1022 κοινοῦ,
1819 948 2017 1032 διόπερ
2062 949 2295 1015 πολλοῖς
2349 952 2464 1010 τῶν
2510 947 2846 1010 καθέκαστα
2888 945 3115 1022 ταύτόν,

619 1056 672 1116 οἱ
720 1053 964 1136 ὃρισμοί.
1055 1054 1144 1116 διὸ
1190 1051 1324 1115 οὔτε
1377 1052 1694 1133 ἀσωμάτου
1745 1052 1897 1120 τινὸς
1950 1051 2185 1135 φύσεως
2235 1051 2331 1113 καὶ
2382 1055 2500 1112 τῶν
2546 1049 2879 1113 καθέκαστα
2934 1074 3119 1135 κεχω-

621 1157 892 1241 ρισμένης
936 1157 988 1218 οἱ
1033 1161 1149 1218 τῶν
1195 1156 1469 1218 τοιούτων
1519 1153 1526 1238 Ι
1577 1155 1820 1238 ὁρισμοί.
1891 1158 1991 1217 τοῦ
2034 1153 2141 1237 γὰρ
2192 1154 2507 1237 ἀνθρώπου
2555 1152 2812 1238 ὁρισμός,
2858 1155 2921 1215 τὸ
2960 1159 3117 1238 ζῷον
3166 1158 3223 1214 21

619 1261 792 1330 πεζὸν
846 1259 1072 1334 δίπουν,
1125 1257 1311 1321 κοινόν
1357 1259 1538 1336 ἐστιν,
1595 1258 1653 1320 ἐν
1701 1262 1873 1322 πᾶσιν
1930 1257 1993 1320 ὃν
2055 1261 2174 1326 τοῖς
2218 1257 2555 1322 καθέκαστα
2611 1258 2940 1341 ἀνθρώποις
2996 1255 3121 1320 ὀλό-

522 1385 584 1431 10
621 1366 831 1447 κληρον
877 1364 936 1426 ἐν
969 1363 1220 1446 ἑκάστῳ,
1267 1363 1454 1424 κοινὸν
1501 1367 1586 1445 τῷ
1621 1361 1682 1423 ἐν
1714 1360 1967 1424 πλείοσιν
2012 1360 2158 1424 εἶναι
2201 1362 2267 1423 τὸ
2298 1359 2461 1435 αὐτό,
2508 1359 2629 1423 ἀλλ’
2668 1361 2738 1424 οὐ
2783 1365 2871 1447 τῷ
2906 1359 3119 1444 μέρους

621 1468 799 1530 αὐτοῦ
847 1465 1109 1548 μετέχειν
1158 1463 1420 1528 ἕκαστον.
1497 1465 1742 1532 ἕκασκος
1785 1468 1921 1546 γοῦν
1966 1469 2081 1527 τῶν
2128 1465 2458 1549 ἀνθρώπων
2504 1468 2658 1549 ζῷον
2704 1465 2879 1537 πεζὸν
2926 1465 3121 1527 δίπουν
3175 1477 3204 1518 ὅ

623 1571 764 1632 ἐστί.
830 1569 918 1630 διὸ
965 1567 1102 1630 οὐδὲ
1146 1573 1262 1630 τῶν
1295 1557 1502 1630 κοινῶν
1549 1571 1627 1636 ὡς
1669 1572 1879 1631 κοινῶν
1926 1569 1981 1630 οἱ
2022 1569 2271 1651 ὁρισμοί,
2318 1567 2465 1631 ἀλλὰ
2496 1569 2739 1644 τούτων,
2782 1568 2868 1637 οἷς
2913 1571 3121 1634 κοινοῖς

623 1671 756 1735 καθ’
813 1673 1061 1755 ἑκάστην
1116 1671 1286 1754 φύσιν
1341 1670 1488 1733 εἶναι
1542 1671 1930 1755 συμβέβηκεν.
2020 1671 2115 1734 καὶ
2159 1671 2265 1755 γὰρ
2314 1671 2441 1738 ἑνὸς
2493 1669 2656 1740 ὄντος
2700 1671 2761 1734 ἐν
2808 1671 3123 1735 ὑποστάσει

622 1777 937 1857 ἀνθρώπου
987 1773 1162 1854 μόνου
1217 1776 1248 1838 ὁ
1295 1774 1469 1842 αὐτὸς
1521 1777 1623 1836 τοῦ
1678 1773 1995 1857 ἀνθρώπου
2044 1772 2237 1856 λόγος·
2305 1775 2373 1837 οὐ
2416 1774 2527 1858 γὰρ
2584 1772 2729 1838 διότι
2784 1775 2844 1837 ἐν
2890 1776 3125 1840 πολλοῖς
3154 1787 3205 1828 1⁰

524 1900 585 1946 15
625 1881 777 1942 ἐστιν
825 1877 992 1945 οὖτος
1037 1877 1068 1938 ὁ
1112 1876 1281 1958 λόγος
1325 1877 1524 1950 αὐτοῦ,
1570 1877 1722 1939 ἀλλὰ
1767 1876 1911 1939 διότι
1956 1877 2105 1938 κατὰ
2148 1878 2253 1959 τὴν
2298 1878 2564 1961 τοιαύτην
2610 1878 2779 1960 φύσιν
2825 1879 2858 1941 ὃ
2904 1877 3125 1960 ἄνθρω-

625 2005 731 2050 πος
775 1980 1086 2064 ἅνθρωπός
1131 1980 1314 2054 ἐστιν,
1369 1978 1485 2043 εἴτε
1531 1981 1763 2048 πλείους
1819 1979 1935 2042 εἶεν
1980 1979 2461 2064 κεκοινωνηκότες
2514 1983 2693 2065 τῆσδε
2744 1985 2849 2064 τῆς
2892 1980 3125 2063 φύσεως

623 2085 740 2150 εἴτε
789 2086 891 2168 μή.
984 2083 1241 2165 λέγονται
1289 2085 1353 2146 δὲ
1397 2088 1512 2146 τῶν
1558 2085 1864 2166 νοημάτων
1920 2084 2015 2146 καὶ
2061 2087 2176 2146 τῶν
2220 2089 2428 2146 κοινῶν
2474 2085 2528 2146 οἱ
2574 2085 2835 2167 όρισμοί,
2895 2083 2983 2146 ὅτι
3026 2087 3126 2146 νοῦ
3158 2099 3209 2140 1⁵

623 2190 687 2251 τὸ
739 2188 989 2272 χωρίσαι
1048 2187 1144 2249 τὸν
1201 2185 1511 2270 ἄνθρωπον
1567 2187 1683 2248 ἀπὸ
1736 2191 1850 2248 τῶν
1906 2185 2009 2250 σὺν
2064 2187 2149 2254 οἷς
2201 2186 2525 2271 ὑφέστηκεν
2582 2187 2773 2251 ἄλλων
2830 2188 2925 2251 καὶ
2979 2185 3115 2251 καθ’

623 2291 798 2354 αὑτὸν
844 2292 1068 2374 λαβεῖν,
1133 2291 1164 2352 ὁ
1220 2290 1284 2353 δὲ
1327 2295 1428 2353 τοῦ
1485 2291 1820 2374 ὑφεστῶτος
1865 2290 1968 2370 μὲν
2017 2288 2139 2371 μετ’
2196 2289 2411 2364 ἄλλων,
2466 2291 2781 2372 νοουμένου
2836 2291 2903 2352 δὲ
2946 2291 3130 2374 χωρὶς

518 2415 585 2462 20
623 2393 853 2457 ἐκείνων
908 2393 1003 2455 καὶ
1056 2391 1248 2454 ἄλλων
1301 2392 1398 2454 καὶ
1452 2392 1564 2476 οὐχ
1620 2395 1700 2460 ὡς
1753 2391 2073 2475 ὑφέστηκεν
2129 2393 2368 2474 ὁρισμὸς
2423 2395 2712 2477 νοήματος
2763 2394 2910 2457 εἶναι
2967 2395 3129 2456 δοκεῖ

628 2497 725 2560 καὶ
771 2501 984 2570 κοινοῦ,
1031 2495 1117 2558 ὅτι
1163 2497 1345 2580 χωρὶς
1391 2501 1504 2557 τῶν
1539 2495 1990 2579 συμβεβηκότων
2036 2496 2102 2557 τὸ
2135 2499 2390 2558 τοιοῦτον
2436 2495 2497 2558 ἐν
2542 2497 2773 2582 ἑκάστῳ
2818 2497 3127 2581 νοούμενον
3156 2511 3211 2554 2⁰

628 2599 816 2663 κοινόν
869 2599 925 2660 τί
969 2599 1090 2662 ἐστι
1133 2600 1230 2661 καὶ
1287 2597 1346 2660 ἐν
1393 2599 1618 2661 πλείοσι
1669 2595 1895 2661 ταύτόν.
1986 2597 2258 2683 ἄφθαρτα
2303 2601 2367 2661 δὲ
2410 2601 2481 2661 τὰ
2534 2601 2698 2663 κοινὰ
2752 2604 2828 2683 τῇ
2874 2607 2989 2663 τῶν
3034 2623 3130 2663 κα·

629 2703 888 2766 θέκαστα
941 2702 1001 2764 ἐν
1061 2703 1147 2770 οἷς
1196 2701 1350 2765 γἐστιν
1417 2701 1482 2764 ἐκ
1540 2702 1819 2785 διαδοχῆς
1877 2700 2175 2785 ἀιδιότητι,
2232 2705 2335 2764 τοῦ
2390 2701 2499 2787 γὰρ
2554 2703 2615 2766 ἐν
2668 2708 2745 2786 τῇ
2802 2709 2917 2766 τῶν
2962 2703 3133 2767 καθέ-

633 2827 814 2869 καστα
861 2807 1078 2888 γενέσει
1125 2807 1354 2868 πάντων
1408 2805 1612 2887 ὁμοίου
1669 2828 1732 2868 τε
1778 2808 1873 2868 καὶ
1926 2804 2135 2867 ταύτοῦ
2194 2804 2463 2886 μένοντός
2515 2805 2656 2869 ἐστι.
2746 2811 2980 2870 τοιαῦτα
3026 2807 3131 2892 γὰρ
3158 2823 3213 2865 25

524 2931 589 2978 25
627 2909 698 2972 τὰ
744 2912 930 2985 κοινά,
975 2909 1082 2972 οὐκ
1126 2909 1186 2970 ἐν
1233 2913 1353 2977 τοῖς
1391 2909 1859 2991 συνυπάρχουσιν
1907 2909 2180 2992 ἀλλήλοις
2223 2915 2339 2971 τῶν
2370 2908 2707 2973 καθέκαστα
2754 2909 2949 2990 μόνοις
2994 2909 3132 2974 ὄντα

630 3014 727 3076 καὶ
783 3013 876 3076 διὰ
921 3017 1090 3076 τοῦτο
1147 3011 1284 3075 ὄντα
1334 3013 1525 3086 κοινά,
1581 3010 1700 3074 ἀλλ’
1757 3011 1816 3074 ἐν
1872 3016 2014 3075 πᾶσι
2067 3017 2186 3080 τοῖς
2240 3011 2578 3095 όμοειδέσιν.
2669 3013 2759 3074 διὸ
2816 3014 2909 3076 καὶ
2964 3013 3130 3077 οὐδὲν

631 3113 972 3201 κεΙκώλυται
1017 3114 1231 3198 θνητόν
1278 3139 1330 3178 τι
1375 3113 1437 3178 ὂν
1485 3115 1666 3178 ἀίδιον
1707 3113 1879 3177 εἶναι·
1928 3114 2140 3196 θνητὸν
2184 3116 2293 3199 γὰρ
2340 3115 2405 3179 ὃν
2450 3119 2531 3184 ὡς
2575 3114 2913 3178 καθέκαστα
2958 3116 3136 3179 ἀίδιόν
3176 3123 3241 3180 22

632 3221 804 3283 ἐστιν.

633 3461 741 3524 IV.
831 3459 1130 3545 Σχόλιον
1179 3460 1244 3522 ἐν
1286 3458 1587 3542 διαλόγῳ
1635 3461 1787 3542 περὶ
1833 3463 1979 3537 τοῦ,
2027 3460 2088 3522 εἰ
2134 3462 2351 3523 πάντα
2394 3463 2656 3544 γίνοιτο
2705 3459 2852 3525 καθ’
2896 3461 3136 3546 εἱμαρ·

531 3583 596 3632 30
886 3562 1126 3646 μένην,
1172 3563 1619 3644 ἀναιρεῖσθαι
1664 3565 1738 3625 τὸ
1785 3562 2074 3626 δυνατόν
2120 3586 2189 3625 τε
2232 3565 2347 3625 καὶ
2391 3563 2880 3648 ἐνδεχόμενον.
3192 3579 3221 3620 ⁵

815 3737 868 3796 1.
958 3731 1030 3796 A.
1087 3729 1246 3817 Ἀρά
1275 3755 1364 3797 σοι
1397 3735 1561 3796 δοκεῖ
1601 3734 1670 3796 τὰ
1703 3732 1841 3796 καθ’
1888 3735 2086 3817 εἱρμὸν
2133 3733 2327 3797 αἰτίων
2357 3732 2625 3818 γινόμενα
2670 3736 2855 3806 οὕτως
2884 3737 3140 3818 γίνεσθαι

639 3842 721 3905 ὡς
764 3839 992 3899 πάντων
1039 3860 1100 3899 τε
1144 3838 1335 3899 αὐτῶν
1369 3837 1955 3921 προκαταβεβλῆσθαι
1999 3837 2101 3904 τὰς
2142 3837 2326 3905 αἰτίας
2372 3837 2468 3900 καὶ
2512 3837 2569 3905 ἐξ
2616 3838 2868 3924 ἀνάγκης
2896 3839 3137 3903 ἕκαστον

639 3941 831 4003 αὐτῶν
879 3939 1126 4004 ἔπεσθαι
1168 3944 1251 4022 τῷ
1299 3941 1467 4024 αἰτίῳ
1513 3940 2148 4024 προκαταβεβλημένῳ;
3168 3961 3223 4004 ιο

689 4031 696 4038 ’
811 4041 884 4107 Β.
979 4043 1113 4112 Πῶς
1156 4043 1264 4125 γὰρ
1309 4042 1502 4110 ἄλλως
1547 4042 1668 4105 οἶόν
1721 4067 1784 4106 τε
1827 4043 2087 4124 γίνεσθαι
2132 4042 2315 4124 λέγειν
2371 4043 2443 4107 τὰ
2486 4048 2686 4108 τοῦτον
2730 4045 2999 4127 γινόμενα
3042 4048 3140 4111 τὸν

537 4168 602 4217 35
640 4147 908 4234 τρόπον;.

537 4390 567 4442 2
607 4391 875 4460 σωκράτην
913 4406 945 4438 a
1169 4386 1202 4436 4
1237 4384 1424 4452 γίνεται
1457 4385 1552 4436 13²:
1591 4385 1651 4439 ἂν
1699 4387 1880 4455 γίνοιτο
1919 4387 2054 4439 coni.
2094 4388 2181 4453 Sp.
2419 4383 2547 4440 καθ’
2588 4387 2798 4440 ἕκαστον
2834 4407 2867 4439 a
3078 4391 3109 4442 7
3146 4390 3245 4442 for·

537 4488 675 4530 tasse
714 4477 828 4530 οὺδέ
1010 4475 1065 4526 11
1110 4471 1340 4540 ἕκαστος]
1381 4473 1590 4525 ἕκαστον
1631 4475 1758 4527 V¹G
1991 4475 2049 4526 13
2088 4475 2407 4546 καθεκάστην
2444 4495 2476 4528 a
2515 4477 2600 4543 Sp.
2820 4477 2883 4529 18
2930 4477 2988 4529 τὸ
3030 4479 3073 4527 V

540 4564 702 4616 ἄλλων
741 4567 842 4616 s²a
879 4563 995 4630 Sp.:
1036 4561 1204 4618 ἄλλοις
1240 4564 1550 4615 VFGBS¹L
1767 4563 1828 4615 19
1868 4561 2035 4621 ἄλλως
2076 4563 2212 4616 3²8²
2424 4563 2491 4616 ΞΟ
2530 4565 2556 4618 ὁ
2593 4563 2791 4633 ὁρισμὸς
2826 4583 2859 4616 a
3045 4565 3113 4617 ⁸28
3150 4565 3249 4618 for·

539 4659 675 4705 tasse
713 4653 842 4704 ἐστιν
889 4646 1030 4714 (κατ’
1071 4649 1218 4713 εἶδος)
1501 4649 1565 4700 29
1623 4650 1685 4702 cf.
1725 4666 1856 4718 quae
1906 4653 2168 4719 disputavi
2218 4653 2279 4705 de
2330 4653 2425 4704 hoc
2470 4655 2640 4719 capite
2686 4655 2741 4705 in
2788 4654 2920 4706 Mus.
2963 4653 3127 4706 Rhen.
3164 4654 3249 4718 44,

1695 4749 1724 4776 α

541 4789 641 4842 619
663 4808 738 4858 sq.
955 4787 1172 4856 ὃιαλόγω
1211 4791 1260 4839 V
1473 4790 1532 4842 31
1579 4787 1754 4842 αἰτίων
1794 4791 2063 4855 (accentus
2102 4793 2151 4839 et
2187 4796 2251 4842 a?
2290 4790 2393 4856 m2)
2435 4794 2478 4841 V
2706 4790 2773 4845 33
2810 4791 2955 4862 αιτίῳ
2992 4795 3065 4844 V1

541 4877 608 4929 34
649 4877 814 4935 ἄλλως
853 4879 1144 4931 FGSLB²a
1181 4877 1292 4945 Sp.:
1333 4874 1468 4929 ὅλωσ
1505 4878 1548 4931 εἰ
1589 4879 1702 4930 VB¹
