3684 5567
1335 300 1497 358 ΠΕΡΙ
1537 302 2009 360 ΕῙΜΑΡΜΕΝΗΣ
2046 308 2252 360 25—27
3036 314 3155 376 197

533 477 647 558 μὴν
691 475 908 542 ἄτοπον
955 478 1021 541 τὸ
1069 479 1150 562 μὴ
1197 477 1380 559 λέγειν
1427 478 1529 546 τὰς
1573 479 1784 563 ἀρετὰς
1828 482 1924 543 καὶ
1970 480 2072 548 τὰς
2118 482 2320 548 κακίας
2374 482 2469 566 ἐφ’
2525 484 2667 566 ἡμῖν
2714 485 2865 568 μηδὲ
2909 481 3045 551 τοὺς

533 578 806 648 ἐπαίνους
849 582 946 644 καὶ
991 580 1126 650 τοὺς
1169 579 1383 666 ψόγους
1425 582 1522 644 ἐπὶ
1568 581 1786 646 τούτων
1832 584 2118 665 γίνεσθαι·
2178 584 2282 647 οὐκ
2329 585 2443 667 ἄρα
2487 588 2553 648 τὸ
2601 586 2694 670 ἐφ’
2751 589 2891 670 ἡμῖν
2936 609 3047 649 τοι·
3072 603 3131 645 ω

536 686 724 746 οῦτον.
777 681 786 766 Ι
835 685 890 747 οἱ
930 685 1416 768 συγχωρήσαντες
1449 685 1887 768 ἀναποβλήτους
1932 686 2033 754 τὰς
2078 687 2285 769 ἀρετάς
2330 711 2391 750 τε
2436 691 2530 752 καὶ
2577 689 2678 758 τὰς
2720 691 2923 759 κακίας
2968 690 3042 753 εἶ·
3084 695 3155 752 84
3200 695 3405 749 XXVII

528 808 640 861 ναι,
709 787 851 857 ἴσως
895 793 1344 872 προχειρότερον
1387 786 1829 872 λαμβανόμενον
1876 789 2139 873 λέγοιμεν
2188 789 2257 852 ἂν
2322 792 2471 854 κατὰ
2525 797 2694 855 τοῦτο
2762 793 2862 863 τὰς
2906 791 3050 862 ἕξεις

457 908 488 956 5
527 889 624 951 ἐπὶ
668 895 789 960 τοῖς
835 889 1075 976 ἔχουσιν
1121 889 1287 965 εἶναι,
1353 890 1612 955 καθόσον
1658 893 1770 974 πρὸ
1829 896 1933 954 τοῦ
1987 893 2183 977 λαβεῖν
2228 893 2405 962 αὐτὰς
2449 893 2541 956 ἐπ’
2596 895 2791 964 αὐτοῖς
2836 893 2907 977 ἦν
2952 895 3050 958 καὶ

528 993 610 1076 μὴ
677 995 895 1078 λαβεῖν.
1015 993 1081 1056 οἵ
1135 1015 1200 1056 τε
1271 993 1380 1077 γὰρ
1445 993 1546 1062 τὰς
1619 994 1828 1077 ἀρετὰς
1906 992 2143 1079 ἔχοντες
2212 997 2307 1059 καὶ
2375 1001 2478 1059 τοῦ
2550 1001 2667 1058 τῶν
2742 997 3047 1081 βελτιόνων
3102 1013 3131 1054 ὅ

531 1095 769 1179 ἀμελεῖν
835 1097 1102 1179 ἑλόμενοι
1149 1095 1222 1158 τὰ
1267 1097 1478 1181 βελτίω
1545 1095 1743 1164 αὑτοῖς
1790 1095 1963 1160 αἴτιοι
2009 1103 2113 1180 τῆς
2167 1101 2285 1160 τῶν
2330 1099 2553 1183 ἀρετῶν
2610 1098 2872 1182 ἐγένοντο
2918 1101 3049 1182 κτή-

528 1217 698 1272 σεως,
765 1199 832 1261 οἵ
863 1222 927 1262 τε
970 1198 1072 1268 τὰς
1117 1199 1320 1267 κακίας
1375 1196 1610 1282 ἔχοντες
1666 1199 2107 1283 παραπλησίως.
2206 1203 2239 1263 ὁ
2283 1198 2332 1262 δ’
2388 1201 2564 1270 αὐτὸς
2628 1202 2725 1264 καὶ
2780 1200 2875 1262 ἐπὶ
2929 1203 3047 1262 τῶν

523 1305 746 1385 τεχνῶν
792 1299 989 1382 λόγος·
1060 1301 1156 1362 καὶ
1220 1299 1329 1383 γὰρ
1396 1305 1511 1363 τῶν
1558 1305 1837 1384 τεχνιτῶν
1896 1301 2139 1370 ἕκαστος
2194 1304 2304 1387 πρὸ
2368 1304 2471 1383 μὲν
2529 1307 2631 1366 τοῦ
2684 1303 2789 1386 τὴν
2834 1301 3045 1385 τέχνην
3076 1317 3132 1358 ¹⁰

421 1424 488 1470 ιο
523 1401 683 1488 ἔχειν
731 1403 892 1488 εἶχεν
937 1405 1036 1466 καὶ
1083 1407 1182 1466 τοῦ
1231 1405 1312 1486 μὴ
1359 1403 1632 1486 γενέσθαι
1677 1405 1781 1486 τὴν
1829 1403 2113 1480 ἐξουσίαν,
2180 1405 2488 1490 γενόμενος
2533 1406 2599 1467 δὲ
2643 1403 2833 1468 οὐκέτ’
2888 1401 3049 1466 ἔσται

529 1506 724 1589 κύριος
793 1511 896 1569 τοῦ
961 1508 1044 1588 μὴ
1099 1505 1390 1588 γεγονέναι
1433 1529 1496 1569 τε
1541 1507 1638 1569 καὶ
1685 1505 1834 1569 εἶναι
1878 1510 2153 1575 τοιοῦτος.
2222 1508 2281 1569 αἱ
2327 1507 2434 1590 γὰρ
2480 1507 2731 1590 γενέσεις
2777 1511 2892 1569 τῶν
2938 1528 3047 1568 τοι·

524 1609 709 1672 ούτων
754 1609 850 1692 ἐφ’
905 1611 1068 1693 ἡμῖν,
1117 1609 1215 1672 καὶ
1260 1609 1355 1671 διὰ
1401 1613 1570 1672 τοῦτο
1617 1609 1730 1693 οὐχ
1777 1609 1978 1690 ὅμοιον
2026 1611 2090 1673 τὸ
2139 1611 2361 1692 ἀληθὲς
2407 1611 2506 1672 ἐπί
2544 1634 2608 1673 τε
2650 1615 2765 1674 τῶν
2813 1607 3047 1692 μελλόν·

521 1735 634 1774 των
681 1714 778 1776 καὶ
824 1713 920 1776 ἐπὶ
965 1716 1078 1775 τῶν
1126 1711 1308 1776 ὄντων
1355 1735 1419 1775 τε
1467 1715 1564 1776 καὶ
1609 1711 1955 1795 γεγονότων,
2003 1713 2091 1776 ὅτι
2136 1711 2254 1797 (τὸ)
2302 1715 2407 1793 μὲν
2455 1711 2517 1776 ὅν
2563 1737 2626 1777 τε
2671 1714 2767 1777 καὶ
2810 1713 3040 1794 γεγονὸς
3070 1727 3123 1770 15

521 1814 635 1900 οὐχ
680 1815 804 1878 οἷόν
849 1840 912 1879 τε
957 1817 996 1899 ἢ
1045 1817 1126 1900 μὴ
1173 1814 1320 1878 εἶναι
1363 1816 1402 1898 ἢ
1453 1817 1533 1898 μὴ
1578 1815 1894 1898 γεγονέναι,
1953 1816 2017 1879 τὸ
2065 1816 2129 1878 δὲ
2177 1816 2386 1899 μέλλον
2431 1817 2691 1899 γίνεσθαι
2745 1815 3045 1900 ἐνδέχεται

419 1939 479 1986 15
517 1921 614 1982 καὶ
663 1922 744 2002 μὴ
792 1919 1072 2001 γίνεσθαι.
1161 1919 1250 1983 διὸ
1297 1919 1410 2002 πρὸ
1459 1920 1562 2000 μὲν
1611 1923 1708 1981 τοῦ
1777 1919 1884 2002 τὴν
1932 1920 2145 2003 ἀρετὴν
2203 1917 2359 2003 ἔχειν
2413 1920 2578 1984 τόνδε
2632 1917 2757 1983 τινὰ
2824 1918 3046 2003 ἀληθὲς

516 2021 589 2106 ἦν
633 2022 699 2083 τὸ
745 2021 1095 2106 ἐνδέχεσθαι
1139 2022 1235 2084 καὶ
1284 2023 1366 2104 μὴ
1413 2020 1686 2102 γενέσθαι
1731 2026 2009 2095 τοιοῦτον,
2082 2021 2115 2084 ὃ
2162 2023 2225 2085 δὲ
2272 2028 2528 2086 τοιοῦτον
2572 2024 2803 2105 γίνεται,
2872 2025 3043 2084 τοῦτο
3070 2037 3126 2079 8⁰

520 2126 615 2186 καὶ
659 2123 968 2206 γενόμενον
1015 2125 1238 2212 ἀληθὲς
1279 2125 1466 2193 οὕτως
1532 2123 1718 2206 λέγειν
1777 2124 2089 2207 γεγονέναι.
2174 2127 2229 2186 εἰ
2275 2126 2379 2207 μὲν
2425 2123 2525 2188 οὖν
2580 2123 2653 2208 ἦν
2696 2125 2765 2187 ἐκ
2810 2128 3043 2206 γενετῆς

519 2229 549 2290 ὁ
594 2229 876 2311 φρόνιμος
918 2232 1176 2296 τοιοῦτος
1219 2227 1314 2290 καὶ
1359 2231 1531 2289 τοῦτο
1577 2228 1718 2308 πρὸς
1765 2232 1887 2295 τοῖς
1952 2227 2151 2296 ἄλλοις
2193 2233 2311 2295 τοῖς
2358 2228 2471 2290 ὑπὸ
2517 2233 2622 2310 τῆς
2666 2227 2901 2312 φύσεως
2945 2226 3043 2289 αὐ-

516 2333 602 2414 τῷ
649 2328 978 2413 δεδομένοις
1023 2329 1182 2414 εἶχεν
1229 2328 1368 2413 παρ’
1425 2329 1645 2413 ἐκείνης
1689 2330 1909 2413 λαβών,
1976 2329 2102 2392 οὐδ’
2160 2330 2313 2399 ὅλως
2380 2329 2449 2392 ἂν
2496 2330 2567 2414 ἦν
2612 2328 2710 2392 ἐπ’
2766 2329 2931 2412 αὐτῷ
2975 2330 3041 2392 τὸ

409 2453 478 2498 20
512 2433 658 2496 εἶναι
725 2433 993 2516 τοιούτῳ,
1062 2433 1260 2515 ὥσπερ
1328 2431 1466 2495 οὐδὲ
1519 2434 1584 2494 τὸ
1639 2432 1784 2495 εἶναι
1831 2434 2022 2495 δίποδι
2066 2432 2105 2514 ἢ
2151 2436 2389 2516 λογικῷ,
2457 2430 2580 2496 οὐδ’
2638 2431 2707 2495 ἂν
2768 2432 3041 2514 ἐπῃνεῖτο
3070 2448 3125 2490 25

515 2533 599 2598 ἔτι
645 2535 741 2598 ἐπὶ
783 2540 870 2618 τῷ
918 2538 1173 2602 τοιοῦτος
1218 2533 1385 2609 εἶναι,
1433 2533 1552 2597 ἀλλ’
1611 2535 1981 2615 ἐθαυμάζετο
2031 2537 2110 2602 ὡς
2156 2533 2315 2618 ἔχων
2362 2535 2520 2617 παρὰ
2580 2540 2684 2617 τῆς
2730 2535 2891 2602 θείοις
2936 2533 3039 2617 φύ-

518 2659 669 2706 σεως
713 2639 900 2720 δῶρον
939 2641 1297 2720 τηλικοῦτον.
1391 2639 1472 2705 ὡς
1515 2637 1624 2718 γὰρ
1669 2641 1786 2698 τῶν
1834 2635 2225 2718 ὑγιαινόντων,
2295 2636 2421 2699 ὅσοι
2486 2639 2590 2717 μὲν
2636 2636 2906 2704 ἀσθενεῖς
2952 2634 3039 2698 ὅν-

517 2764 609 2810 τες
653 2742 758 2824 τὴν
803 2741 974 2824 φύσιν
1022 2740 1117 2803 διὰ
1160 2745 1264 2824 τῆς
1310 2739 1529 2808 οἰκείας
1575 2739 1910 2823 ἐπιμελείας
1954 2740 2063 2802 εἰσὶ
2108 2744 2378 2814 τοιοῦτοι,
2440 2739 2681 2808 τούτους
2726 2739 2829 2822 μὲν
2876 2739 3033 2800 ἐπαι-

513 2847 721 2928 νοῦμεν
769 2846 851 2912 ῶς
897 2843 1126 2906 ἑαυτῶν
1173 2842 1444 2926 πρόνοιαν
1492 2843 1596 2926 τὴν
1643 2843 2059 2925 προσήκουσαν
2091 2841 2491 2922 ποιουμένους,
2539 2838 2614 2904 δι’
2659 2841 2729 2923 ἣν
2761 2840 3031 2923 πρόνοιαν
3060 2857 3117 2900 ω

406 2967 472 3016 25
511 2945 619 3011 οὔκ
661 2948 806 3010 εἰσιν
852 2947 912 3009 ἐν
961 2952 1044 3030 τῷ
1093 2951 1304 3018 νοσεῖν,
1350 2945 1482 3014 τοὺς
1529 2945 1594 3008 δὲ
1641 2945 1708 3007 ἐκ
1751 2945 1989 3027 φύσεως
2034 2944 2313 3025 ὑγιεινοὺς
2362 2942 2487 3027 [καὶ
2532 2943 2664 3010 τοὺς
2696 2941 3033 3025 νοσοῦντας]

511 3049 652 3113 ἄνευ
700 3049 1090 3132 πραγματείας
1158 3049 1254 3111 καὶ
1300 3047 1620 3132 φροντίδων
1695 3046 1889 3110 οὐκέτι
1936 3047 2039 3128 μὲν
2086 3046 2459 3126 ἐπαινοῦμεν,
2528 3046 2923 3129 μακαρίζομεν
2970 3045 3035 3108 δὲ

515 3158 594 3221 ὡς
641 3153 825 3237 χωρὶς
867 3152 1144 3236 καμάτων
1195 3151 1203 3236 Ι
1251 3155 1422 3213 τοῦτο
1467 3148 1734 3235 ἔχοντας,
1803 3148 1835 3211 ὃ
1882 3149 1977 3212 καὶ
2025 3153 2145 3216 τοῖς
2210 3147 2406 3217 ἄλλοις
2452 3147 2770 3231 ἀγαπητόν,
2837 3148 2889 3210 εἰ
2934 3149 3031 3211 καὶ
3072 3155 3143 3210 86

514 3255 660 3338 μετὰ
705 3255 971 3338 καμάτου
1017 3254 1252 3338 παρείη,
1315 3253 1414 3315 τὸν
1459 3253 1636 3315 αὐτὸν
1680 3251 1893 3335 τρόπον
1941 3251 1978 3334 ἢ
2040 3252 2139 3314 καὶ
2184 3248 2269 3312 ἔτι
2325 3253 2545 3332 μᾶλλον
2610 3249 2707 3312 ἐπὶ
2749 3253 2867 3312 τῶν
2913 3251 3042 3334 ἀρε·

515 3363 630 3420 τῶν
675 3357 982 3440 ἐποιοῦμεν
1029 3355 1123 3432 ἄν,
1189 3357 1244 3418 εἰ
1289 3355 1441 3440 ἦσαν
1487 3354 1554 3418 ἐκ
1598 3355 1831 3437 φύσεώς
1888 3375 2029 3416 τισιν
2086 3357 2393 3437 παροῦσαι,
2460 3349 2606 3434 ὅπερ
2661 3350 2865 3434 ἀμέλει
2908 3375 3039 3415 ποι-

404 3482 474 3530 30
509 3467 688 3544 οῦμεν
735 3461 830 3524 ἐπὶ
876 3465 993 3524 τῶν
1039 3460 1216 3523 θεῶν.
1308 3459 1436 3521 ἐπεὶ
1485 3459 1551 3521 δὲ
1597 3458 1876 3521 ἀδύνατον
1924 3459 2063 3540 ἡμῖν
2121 3461 2313 3532 τοῦτο,
2378 3455 2474 3518 καὶ
2529 3454 2698 3517 οὐδὲν
2757 3453 3037 3518 ἀδύνατον
3092 3474 3119 3514 5

513 3569 610 3632 δεῖ
649 3565 807 3650 παρὰ
851 3571 958 3650 τῆς
999 3565 1232 3650 φύσεως
1281 3564 1546 3626 ἀπαιτεῖν
1589 3561 1770 3646 (αὕτη
1816 3561 1923 3644 γὰρ
1958 3563 2186 3643 δυνατῷ
2236 3583 2299 3621 τε
2344 3558 2442 3621 καὶ
2474 3558 2742 3640 ἀδυνάτῳ
2791 3556 3031 3640 μέτρον·

403 3798 436 3850 2
475 3797 632 3868 ψόγος
669 3796 724 3849 ⁸²
951 3790 1172 3863 γίνεσθαι
1207 3793 1288 3846 ἐπὶ
1324 3791 1522 3850 τούτοις
1547 3797 1590 3844 Ε
1829 3791 1862 3842 3
1902 3791 1948 3843 οἱ
1989 3805 2088 3842 om.
2116 3793 2190 3841 B:
2240 3790 2386 3858 ἡμεῖς
2423 3787 2475 3840 δὲ
2501 3787 2574 3839 13²
2610 3791 2791 3855 (supra.
2827 3788 2903 3839 lit..
2944 3787 3145 3851 21itt.):

401 3885 478 3942 οἷς
515 3889 639 3938 EO:
703 3883 730 3936 ὃ
785 3883 861 3936 vel
915 3881 974 3934 οὺ
1021 3882 1102 3934 vel
1155 3881 1254 3933 del.
1303 3881 1525 3934 Gercke:
1589 3880 1804 3932 fortasse
1855 3879 1887 3945 ἢ
2198 3878 2287 3929 alt.
2338 3877 2430 3932 τὰς
2486 3891 2587 3926 om.
2636 3877 2681 3928 O
2956 3876 2987 3926 4
3028 3875 3147 3934 ἴσως

402 3973 504 4026 dol.
531 3975 576 4025 Ο
790 3971 1130 4039 λαμβάνοντες
1164 3969 1352 4039 λέγοιεν
1379 3968 1544 4020 Lond.
1566 3971 1628 4022 O:
1667 3965 2043 4036 λαμβανόμενοι
2082 3965 2281 4018 Gercke
2483 3963 2513 4015 5
2560 3959 2649 4014 ἐπ’
2686 3963 2828 4016 CaS.:
2869 3963 2941 4015 ἔτι
2963 3963 3144 4014 V'a122

402 4061 477 4113 ἔτι
519 4060 580 4112 ἐπ
625 4059 694 4112 13³
739 4059 900 4112 Lond.
941 4061 987 4111 Ο
1202 4057 1233 4108 6
1280 4061 1372 4109 τοῦ
1409 4063 1512 4108 τῶν
1551 4061 1627 4107 E:
1691 4073 1879 4107 τουτωι
1926 4055 2043 4120 (sic)
2081 4059 2145 4104 V:
2202 4051 2368 4121 τούτῳ
2420 4051 2500 4102 12¹:
2558 4049 2755 4102 τούτων
2799 4051 2878 4103 a²z
2934 4049 2990 4101 τὸ
3035 4056 3142 4101 τῶν

401 4163 594 4217 Lond.:
632 4161 743 4222 ἐξὸν
768 4163 856 4215 καὶ
879 4171 984 4215 τῶν
1005 4161 1120 4214 Cas.
1143 4161 1295 4228 Casp.
1323 4163 1386 4214 O:
1426 4159 1537 4219 ἐξὸν
1576 4161 1664 4212 καὶ
1699 4159 1758 4210 τὸ
1799 4163 1905 4210 τῶν
1942 4162 1986 4212 Ο
2204 4157 2233 4208 9
2273 4143 2519 4225 τεχνιτῶν
2558 4157 2633 4208 sic
2658 4159 2703 4206 V
2907 4153 3001 4222 τὴν
3041 4167 3141 4204 om.

400 4251 484 4303 &¹²
664 4249 727 4302 12
765 4249 952 4317 ὁμοίως
979 4253 1024 4303 Ο
1212 4247 1274 4299 13
1313 4245 1502 4314 ὄντων]
1542 4246 1797 4314 μενόντων
1835 4243 1941 4297 ⁸¹²:
1981 4245 2071 4312 μὲν
2110 4241 2276 4295 ὄντων
2314 4242 2481 4294 Lond.
2661 4241 2721 4293 τὸ
2763 4241 2853 4308 μὲν
2892 4239 2949 4292 ὄν
2988 4243 3031 4290 H
3062 4257 3140 4309 γρ.

403 4343 470 4392 0:
509 4339 662 4406 μόνον
683 4339 772 4391 V¹=
812 4339 960 4406 μένον
983 4355 1032 4390 v.
1061 4354 1104 4389 c.
1129 4337 1257 4388 ναῖε
1299 4339 1388 4404 μὲν
1427 4333 1482 4386 ὄν
1507 4335 1700 4386 Lond.:
1739 4333 1795 4384 ὄν
1823 4332 1879 4384 a²
2045 4333 2110 4383 14
2148 4347 2224 4398 pr.
2251 4330 2311 4400 ἢ]
2346 4329 2407 4400 ἦν
2434 4333 2478 4382 Ο
2647 4329 2709 4380 15
2748 4329 2835 4379 καὶ
2860 4344 2902 4379 s,
2927 4344 2977 4379 v.
2998 4327 3071 4378 V¹

411 4443 473 4494 17
509 4444 572 4513 ἠν
609 4459 710 4496 om.
748 4447 840 4497 ΒΟ
1020 4442 1079 4494 ἐκ
1117 4438 1341 4510 γενετῆς]
1399 4427 1662 4509 εγγενετὴσ
1700 4439 1813 4502 (sic,
1854 4453 1963 4489 acc.
2002 4436 2224 4498 deletus)
2262 4439 2309 4486 V
2497 4434 2559 4485 18
2616 4431 2703 4484 καὶ
2741 4431 2812 4501 μὴ
2850 4430 2905 4482 5²

402 4539 510 4588 τοῖς
547 4546 646 4582 om.
685 4534 730 4583 O
909 4533 1003 4598 τῆς
1039 4545 1142 4580 om.
1182 4528 1262 4579 a¹²
1481 4526 1540 4577 19
1591 4525 1881 4597 δεχομένοις
1918 4527 1963 4576 O
2180 4522 2245 4574 22
2305 4520 2631 4590 ὑγιαινόντων
2668 4517 2785 4572 B²E
2831 4533 2933 4586 mg.
2974 4518 3139 4570 Lond.

403 4623 484 4672 O:
524 4619 864 4672 ἐπαινούντων
883 4616 1016 4669 Va¹²
1195 4615 1261 4667 25
1297 4615 1385 4668 καὶ
1423 4616 1540 4671 τοὺς
1576 4614 1646 4684 μὴ
1676 4617 1720 4665 Ε
1749 4612 1916 4666 Lond.
1941 4615 2003 4664 O:
2042 4611 2129 4664 καὶ
2154 4611 2226 4680 μὴ
2254 4610 2333 4662 νεὶ
2368 4610 2455 4662 καὶ
2492 4608 2573 4661 διὰ
2608 4611 2759 4659 τοῦτο
2785 4607 2855 4677 μὴ
2878 4603 3077 4658 Gercke

401 4711 672 4782 νοσουντας
709 4725 784 4775 sic
827 4727 888 4772 V:
927 4719 1256 4776 εὐεκτοῦντας
1291 4719 1362 4773 132
1576 4719 2024 4773 καὶ-νοσοῦντας
2062 4715 2229 4768 delevi
2442 4713 2509 4764 26
2566 4711 2701 4780 ἄνευ]
2744 4707 2856 4763 ιῦευ
2898 4709 2952 4761 a²

401 4809 665 4880 φροντίδος
703 4813 750 4863 Ο
989 4808 1055 4861 ’27
1095 4809 1184 4860 alt.
1224 4808 1312 4860 καὶ
1350 4822 1449 4858 om.
1490 4809 1561 4860 O:
1603 4805 1700 4859 del.
1739 4803 1809 4859 Β2
2026 4803 2092 4854 28
2132 4802 2164 4874 ἢ
2207 4801 2361 4871 Gasp.
2401 4805 2463 4854 0:
2504 4801 2547 4854 εἰ
2583 4800 2705 4852 libri
2942 4797 3005 4850 31
3048 4799 3141 4866 τῆς

399 4902 598 4953 &tv
