3684 5567
1346 268 1629 325 BIBAIUN
1667 269 2028 325 ΔΕΥΊῈΡΟΝ
2067 270 2203 323 3-5
3045 270 3124 333 51

523 444 835 526 τικείμενον
904 443 1008 506 οὐκ
1073 442 1165 528 ἐφ’
1242 447 1403 528 ἡμῖν,
1478 450 1565 530 τῷ
1633 445 1741 528 γὰρ
1808 442 1900 529 ἐφ’
1979 448 2116 528 ἡμῖν
2191 446 2255 507 τὸ
2321 446 2426 509 οὐκ
2495 444 2587 530 ἐφ’
2666 448 2804 527 ἡμῖν
2875 444 3020 505 ἀντι-

522 548 798 629 κείμενον.
912 548 1047 611 οὐδὲ
1114 550 1179 611 τὸ
1247 544 1338 632 ἐφ’
1403 550 1562 630 ἡμῖν.
1660 550 1711 610 εἰ
1777 550 1842 611 δὲ
1903 549 1968 611 τὸ
2031 544 2124 631 ἐφ’
2195 550 2334 631 ἡμῖν
2389 551 2470 632 μὴ
2539 545 2631 632 ἐφ’
2688 550 2858 631 ἡμῖν,
2935 544 3024 608 οὐ·

525 647 619 711 δέν
686 650 837 713 ἐστιν
903 648 997 731 ἐφ’
1063 652 1221 733 ἡμῖν.
1311 648 1445 713 καθ’
1514 650 1546 712 ὃ
1614 649 1708 735 ἐφ’
1764 652 1905 735 ἡμῖν
1973 650 2154 722 ἐστιν,
2223 652 2290 715 οὖ
2346 654 2440 715 καὶ
2511 654 2572 713 τὸ
2640 650 3023 731 ἀντικείμενον
3053 663 3107 705 1⁰

522 750 614 835 ἐφ’
677 754 837 837 ἡμῖν,
903 754 1049 817 κατὰ
1115 752 1353 822 τούτους
1418 754 1584 817 οὐδέν
1640 756 1791 817 ἐστιν
1861 751 1952 837 ἐφ’
2017 754 2176 836 ἡμῖν.
2273 752 2365 838 <ἣ>
2427 758 2638 839 ψεῦδος
2701 755 2766 816 τὸ
2822 754 2871 815 εἰ
2939 752 3020 835 μὴ

452 876 482 924 5
524 854 643 937 [τὸ]
688 853 782 941 ἐφ’
838 858 978 939 ἡμῖν
1024 857 1089 919 τὸ
1137 855 1283 919 εἶναι
1326 856 1421 940 ἐφ’
1477 858 1646 939 ἡμῖν,
1694 857 1860 919 οὐδέν
1906 856 2056 919 ἐστιν
2103 854 2198 940 ἐφ’
2253 859 2413 939 ἡμῖν.
2503 860 2566 920 τὸ
2616 860 2718 940 μὲν
2763 856 2870 940 γὰρ
2917 853 3010 939 ἐφ’

520 961 659 1041 ἡμῖν
722 984 775 1022 τι
828 958 972 1021 εἶναι
1032 960 1092 1021 ἐν
1152 963 1231 1042 τῇ
1287 959 1457 1042 φύσει
1516 962 1685 1043 ἡμῶν
1741 962 1837 1023 καὶ
1891 964 1967 1043 τῇ
2030 958 2198 1041 οὐσίᾳ
2255 959 2317 1023 ὂν
2385 960 2490 1023 οὐκ
2541 960 2634 1044 ἐφ’
2689 962 2827 1043 ἡμῖν
2884 960 3025 1033 ἐστι,
3055 972 3106 1014 15

523 1062 719 1147 ὥσπερ
766 1063 903 1125 οὐδὲ
947 1063 1013 1125 τὸ
1058 1066 1306 1145 λογικοῖς
1350 1061 1523 1137 εἶναι,
1579 1062 1651 1123 τὰ
1697 1061 1891 1144 μέντοι
1937 1064 2244 1144 πράγματα
2297 1064 2383 1131 οἷς
2426 1064 2716 1147 χρώμεθα
2767 1061 2916 1124 κατὰ
2961 1062 3026 1123 τὸ

522 1163 615 1249 ἐφ’
673 1167 831 1248 ἡμῖν,
876 1170 1057 1229 ταῦτα
1100 1164 1193 1249 ἐφ’
1238 1166 1397 1247 ἡμῖν.
1485 1164 1705 1227 τούτων
1749 1166 1856 1247 γὰρ
1903 1166 1996 1227 καὶ
2040 1166 2112 1229 τὰ
2159 1166 2519 1247 ἀντικείμενα
2562 1166 2656 1250 ἐφ’
2708 1169 2867 1249 ἡμῖν.
2956 1167 3020 1228 τὸ

522 1269 623 1348 μὲν
668 1268 775 1352 γὰρ
822 1267 919 1353 ἐφ’
970 1270 1109 1351 ἡμῖν
1153 1292 1207 1331 τι
1252 1268 1398 1331 εἶναι
1445 1267 1552 1330 οὐκ
1598 1264 1690 1351 ἐφ’
1734 1270 1896 1350 ἡμῖν,
1943 1270 2006 1330 τὸ
2053 1270 2117 1331 δὲ
2163 1274 2550 1353 περιπατῆσαι
2596 1268 2688 1353 ἐφ’
2732 1272 2892 1353 ἡμῖν,
2939 1267 3027 1331 ὅτι

422 1390 485 1437 10
522 1371 616 1433 καὶ
661 1372 726 1434 τὸ
775 1372 855 1455 μὴ
904 1377 1309 1457 περιπατῆσαι.
1400 1373 1497 1434 καὶ
1540 1370 1647 1454 γὰρ
1696 1368 1837 1433 ἴδιον
1892 1372 1956 1433 τὸ
2003 1373 2386 1455 ἀντικείμενον
2439 1378 2541 1436 τοῦ
2589 1372 2682 1457 ἐφ’
2739 1375 2877 1456 ἡμῖν
2923 1372 3112 1435 οὖκθθ

519 1472 612 1557 ἐφ’
654 1475 793 1557 ἡμῖν
839 1474 943 1537 διὰ
986 1474 1209 1549 τούτου,
1254 1475 1319 1536 τὸ
1366 1475 1431 1536 δὲ
1474 1472 1569 1557 ἐφ’
1604 1476 1743 1558 ἡμῖν
1787 1473 1833 1554 †
1879 1476 2072 1558 δῆλον.
2164 1480 2246 1545 ὡς
2291 1474 2388 1539 οὖν
2434 1478 2504 1539 τὰ
2536 1477 2896 1559 ἀντικείμενα
2925 1472 3018 1559 ἐφ’

522 1578 688 1659 ἡμῖν,
747 1581 925 1639 ταῦτα
968 1577 1065 1639 καὶ
1110 1576 1258 1640 αὐτὰ
1303 1575 1397 1660 ἐφ’
1454 1578 1623 1660 ἡμῖν,
1681 1576 1767 1639 ὅτι
1814 1578 1897 1660 μὴ
1952 1576 2044 1661 ἐφ’
2103 1579 2241 1661 ἡμῖν
2297 1580 2356 1641 ἐν
2409 1582 2526 1648 τοῖς
2572 1585 2862 1663 πρακτοῖς.
2953 1576 3020 1641 οὐ

524 1681 773 1763 πρακτὸν
824 1680 829 1765 Ι
881 1682 943 1744 δὲ
988 1682 1053 1743 τὸ
1108 1679 1260 1743 εἶναί
1305 1704 1357 1743 τι
1416 1678 1535 1763 [τὸ]
1580 1678 1673 1763 ἐφ’
1731 1682 1870 1763 ἡμῖν
1926 1682 1984 1743 ἐν
2031 1686 2150 1749 τοῖς
2195 1682 2527 1765 βουλευτοῖς
2571 1684 2664 1745 καὶ
2710 1686 2829 1751 τοῖς
2875 1684 3022 1745 ἐνόε-
3059 1690 3130 1745 95

527 1786 799 1869 χομένοις
842 1786 939 1848 καὶ
985 1783 1179 1852 ἄλλως
1223 1782 1401 1869 ἔχειν.
1478 1784 1583 1846 οὐκ
1629 1782 1791 1853 ὄντος
1836 1786 1901 1846 δὲ
1947 1785 2006 1848 ἐν
2054 1784 2273 1854 τούτοις
2317 1790 2419 1848 τοῦ
2462 1785 2616 1848 εἶναί
2652 1809 2704 1848 τι
2752 1784 2844 1871 ἐφ’
2886 1788 3026 1869 ἡμῖν

424 1910 483 1957 15
524 1888 763 1957 εἰκότως
806 1890 845 1972 ἡ
895 1890 998 1970 μὲν
1046 1887 1311 1969 δύναμις,
1358 1886 1492 1951 καθ’
1550 1889 1620 1972 ἧν
1666 1887 1819 1951 ἐστιν
1867 1888 1959 1970 ἐφ’
2017 1890 2185 1971 ἡμῖν,
2241 1889 2348 1953 οὐκ
2392 1874 2486 1974 ἐφ’
2543 1892 2709 1973 ἡμῖν,
2755 1891 2896 1973 πρὸς
2942 1888 3032 1975 <ἃ>
3085 1908 3113 1948 5

525 1995 589 2055 δὲ
633 1992 927 2078 χρώμεθα
978 1995 1054 2074 τῇ
1109 1996 1211 2053 τοῦ
1265 1990 1359 2074 ἐφ’
1415 1993 1555 2073 ἡμῖν
1611 2014 1663 2053 τι
1715 1991 1860 2054 εἶναι
1907 1994 2175 2075 δυνάμει,
2231 1991 2324 2075 ἐφ’
2382 1996 2519 2076 ἡμῖν
2565 1998 2773 2064 ταῦτα,
2829 1994 3030 2079 ὥσπερ

527 2097 621 2157 καὶ
674 2098 712 2177 ἡ
772 2094 875 2177 μὲν
922 2099 1132 2178 χρῆσις
1188 2098 1289 2156 τοῦ
1344 2095 1521 2176 λόγου
1568 2091 1660 2178 ἐφ’
1717 2097 1886 2179 ἡμῖν,
1941 2096 2047 2159 οὐκ
2099 2094 2190 2181 ἐφ’
2248 2098 2384 2180 ἡμῖν
2441 2098 2505 2159 δὲ
2558 2098 2595 2179 ἠ
2643 2096 2878 2179 δύναμις
2923 2102 3027 2179 τῆς

528 2186 838 2282 χρήσεως.-

528 2369 599 2433 V.
693 2369 858 2453 Περὶ
903 2373 1023 2433 τοῦ
1070 2368 1173 2432 ὅτι
1218 2370 1330 2432 καὶ
1375 2371 1449 2432 τὸ
1498 2367 1596 2453 ἐφ’
1654 2374 1817 2455 ἡμῖν
1865 2370 2017 2434 καθ’
2075 2371 2527 2456 εἱμαρμένην.
3063 2388 3116 2429 1⁰

416 2546 485 2593 2ο
692 2524 793 2610 Τῷ
845 2524 938 2610 ἐφ’
981 2527 1122 2609 ἡμῖν
1167 2550 1218 2587 τι
1263 2525 1409 2588 εἶναι
1456 2526 1764 2589 ἀντίκειται
1808 2528 1873 2588 τὸ
1923 2527 2102 2609 μηδὲν
2149 2526 2294 2588 εἶναι
2339 2526 2434 2609 ἐφ’
2476 2528 2633 2608 ἡμῖν.
2680 2526 2726 2607 †
2756 2527 3034 2589 ἀδύνατον

527 2630 591 2691 τὸ
646 2628 745 2693 οὖν
800 2635 885 2713 τῷ
941 2629 1035 2714 ἐφ’
1092 2631 1231 2712 ἡμῖν
1284 2654 1335 2692 τι
1388 2629 1531 2692 εἶναι
1582 2628 1704 2713 [τὸ]
1765 2631 2152 2710 ἀντικείμενον
2211 2630 2506 2693 ἀδύνατον.
2599 2630 2750 2692 ἀλλὰ
2807 2632 2922 2713 μὴν
2978 2624 3030 2714 ᾧ

527 2733 593 2795 τὸ
626 2734 1011 2814 ἀντικείμενον
1056 2733 1355 2807 ἀδύνατον,
1400 2737 1569 2796 τοῦτο
1616 2731 1754 2796 καθ’
1804 2733 2178 2817 εἱμαρμένην,
2226 2732 2286 2795 εἴ
2322 2756 2386 2816 γε
2432 2738 2611 2796 ταῦτα
2656 2731 2793 2796 καθ’
2836 2735 3034 2817 εἱμαρ-
3062 2748 3115 2791 15

532 2836 707 2921 μένην
752 2837 989 2919 γίνεται,
1045 2837 1129 2905 οἷς
1172 2836 1245 2898 τὰ
1288 2836 1652 2917 ἀντικείμενα
1696 2835 1976 2899 ἀδύνατόν
2030 2836 2183 2897 ἐστιν
2229 2836 2267 2919 ἢ
2315 2835 2459 2899 εἶναι
2504 2836 2542 2919 ἢ
2588 2836 2875 2917 γενέσθαι.
2965 2838 3031 2899 τὸ

528 2936 627 3001 οὖν
682 2937 773 3024 ἐφ’
831 2942 971 3023 ἡμῖν
1024 2963 1077 3002 τι
1130 2938 1274 3001 εἶναι
1331 2938 1468 3002 καθ’
1525 2939 1899 3023 εἱμαρμένην.
2001 2944 2082 3023 τῷ
2130 2941 2194 3001 δὲ
2247 2935 2338 3022 ἐφ’
2395 2940 2533 3023 ἡμῖν
2588 2963 2640 3001 τι
2693 2938 2836 3001 εἶναι
2890 2938 3027 3002 καθ’

418 3060 485 3108 25
526 3044 880 3125 εἱμαρμένην
926 3046 1171 3115 σώζοιτο
1229 3041 1295 3105 ἂν
1342 3046 1407 3105 τὸ
1462 3042 1555 3127 ἐφ’
1613 3045 1749 3125 ἡμῖν
1805 3066 1858 3104 τι
1913 3042 2056 3105 εἶναι
2101 3042 2247 3105 κατὰ
2291 3042 2425 3109 τοὺς
2484 3043 2708 3105 ἅπαντα
2775 3043 3033 3123 γίνεσθαι

530 3142 666 3208 καθ’
708 3146 1061 3230 εἱμαρμένην
1107 3145 1398 3227 λέγοντας.
1474 3146 1512 3230 ἢ
1560 3145 1665 3208 οὐκ
1710 3146 1933 3228 ἀληθὲς
1976 3147 2041 3208 τὸ
2089 3142 2140 3228 ᾧ
2188 3147 2251 3208 τὸ
2299 3146 2687 3227 ἀντικείμενον
2733 3146 3030 3223 ἀδύνατον,
3059 3162 3116 3204 ευ

526 3252 695 3311 τοῦτο
750 3250 897 3311 εἶναι
950 3247 1084 3311 καθ’
1140 3248 1515 3332 εἱμαρμένην.
1605 3249 1657 3309 εἰ
1705 3248 1807 3329 μὲν
1863 3248 1972 3331 γὰρ
2025 3249 2229 3311 ταύτὸν
2284 3247 2356 3331 ἧν
2409 3250 2474 3309 τὸ
2530 3247 2589 3315 ἐξ
2644 3249 2894 3329 ἀνάγκης
2946 3254 3030 3335 τῷ

530 3349 663 3414 καθ’
721 3350 1105 3436 εἱμαρμένην,
1160 3349 1285 3435 (ἧν)
1327 3349 1395 3413 ἂν
1443 3352 1640 3437 ὥσπερ
1696 3356 1797 3413 τοῦ
1853 3351 1914 3419 ἐξ
1965 3351 2219 3433 ἀνάγκης
2274 3352 2512 3434 ὁρισμὸς
2567 3351 2632 3412 τὸ
2681 3346 2730 3435 ᾧ
2777 3352 2842 3413 τὸ
2889 3354 3035 3415 ἀντι-

530 3456 791 3535 κείμενον
838 3454 1137 3529 ἀῧὺνατον,
1187 3452 1194 3539 Ι
1243 3456 1429 3523 οὕτως
1472 3456 1567 3517 καὶ
1612 3458 1713 3517 τοῦ
1745 3452 1880 3517 καθ’
1924 3454 2296 3536 εἱμαρμένην.
2387 3454 2482 3515 ἐπὶ
2529 3453 2702 3516 πλέον
2749 3455 2812 3515 δὲ
2855 3456 2920 3517 τὸ
2969 3457 3028 3527 ἐξ
3067 3466 3136 3520 96

414 3576 486 3625 30
524 3558 778 3641 ἀνάγκης
833 3562 933 3620 τοῦ
996 3556 1133 3620 καθ’
1188 3557 1572 3642 εἱμαρμένην·
1634 3558 1703 3619 οὐ
1755 3556 1864 3640 γὰρ
1919 3561 2032 3619 πᾶν
2091 3558 2155 3618 τὸ
2209 3555 2269 3625 ἐξ
2334 3558 2587 3640 ἀνάγκης
2651 3553 2782 3619 καθ’
2841 3559 3034 3641 εἱμαρ-

415 3747 449 3799 2
489 3746 603 3801 οὐδὲ
637 3746 757 3799 αὐτὸ
783 3746 841 3798 τὸ
866 3749 935 3799 G:
974 3745 1087 3798 οὐδὲ
1124 3746 1183 3798 τὸ
1221 3746 1343 3799 αὐτὸ
1381 3746 1523 3811 (αὐτὸ
1552 3762 1591 3798 s,
1620 3748 1689 3810 V.)
1714 3750 1755 3798 F
1933 3746 2051 3815 ἡμῖν
2079 3746 2259 3798 V¹FS:
2299 3746 2418 3815 ἡμῖν
2457 3745 2552 3816 ἄρα
2591 3741 2674 3815 ἐφ’
2697 3745 2816 3815 ἡμῖν
2835 3746 3000 3799 B²S²a
3025 3750 3140 3816 Sp.:

412 3837 534 3906 ἡμῖν
570 3836 667 3905 ἄρα
704 3835 843 3887 V²B¹
884 3836 1021 3887 Vict.
1062 3839 1109 3886 H
1288 3836 1319 3887 3
1360 3834 1385 3887 ὃ
1425 3836 1522 3886 V¹:
1560 3834 1645 3893 οὒς
1682 3835 1780 3905 ἄρα
1817 3832 2110 3886 v²ss²s⁹Ha
2145 3836 2262 3900 Sp.:
2300 3832 2326 3884 ὃ
2365 3834 2458 3905 ἄρα
2486 3837 2558 3887 G:
2596 3834 2680 3891 οὓς
2718 3834 2805 3885 οὖν
2845 3835 2942 3904 ἄρα
2967 3839 3008 3887 F

412 3924 449 3974 4
490 3940 560 3991 pr.
588 3920 689 3992 ἐφ’]
729 3924 798 3991 μὴ
837 3918 912 3991 ἐφ’
938 3922 1073 3974 vict.
1224 3927 1375 3975 τοῦτο
1402 3922 1544 3974 Diels
1689 3922 1721 3991 ἢ
1762 3922 1881 3973 add.
1907 3920 2177 3973 v²S²BHa
2203 3925 2289 3989 Sp.
2435 3921 2466 3974 5
2504 3921 2561 3973 τὸ
2598 3918 2684 3991 ἐφ’
2713 3926 2806 3973 VB
2822 3924 2946 3974 'S'H
2979 3923 3137 3975 viet.:

413 4009 493 4080 ἐφ’
518 4012 705 4065 B²S²az
744 4010 814 4079 μὴ
852 4009 909 4061 τὸ
952 4007 1027 4080 ἐφ’
1066 4010 1185 4080 ἡμῖν
1221 4028 1270 4062 τι
1307 4013 1443 4063 coni.
1482 4016 1569 4077 sp.
1720 4012 1783 4061 10
1820 4012 1908 4061 καὶ
1943 4010 2001 4060 τὸ
2040 4009 2110 4078 μὴ
2135 4008 2296 4061 B²S²a
2321 4010 2438 4075 Sp.:
2476 4008 2546 4077 μὴ
2585 4010 2670 4060 καὶ
2707 4010 2764 4061 τὸ
2789 4015 2833 4061 V
2841 4014 2932 4062 ΗΒ
2947 4012 3064 4063 'Es'

418 4100 477 4151 11
520 4097 600 4167 ἐφ’
625 4098 743 4167 ἡμῖν
783 4098 844 4163 (μ
866 4098 922 4148 in
948 4096 1047 4163 lit.)
1078 4096 1229 4167 δῆλον
1270 4098 1339 4155 ὡς
1367 4098 1453 4150 οὖν
1479 4100 1541 4149 τὰ
1564 4100 1733 4149 VHB:
1778 4094 1856 4166 ἐφ’
1879 4098 1998 4167 ἡμῖν
2026 4093 2103 4166 ἐφ’
2125 4098 2244 4166 ἡμῖν
2271 4095 2421 4165 δῆλον
2450 4095 2522 4152 ὡς
2544 4095 2630 4148 οὖν
2656 4098 2718 4148 τὰ
2742 4101 2786 4148 Η
2809 4100 2924 4166 (γρ.)
2947 4102 3138 4151 GFSa:

415 4180 495 4254 ἐφ’
536 4185 656 4254 ἡμῖν
682 4183 765 4253 ἐφ’
801 4184 917 4253 ἡμῖν
956 4184 1109 4254 δῆλον
1148 4185 1236 4238 οὖν
1275 4186 1349 4236 ὧν
1386 4186 1448 4237 τὰ
1475 4187 1610 4238 vict.
1651 4187 1767 4251 Sp.:
1824 4186 2112 4251 apodoseos
2152 4185 2356 4235 initium
2397 4184 2600 4235 videtur
2637 4184 2788 4253 δῆλον
2829 4185 2898 4242 ὡς
2936 4186 3022 4237 ὧν
3059 4188 3140 4249 τὰ,

416 4274 643 4341 protasis
686 4272 903 4324 fortasse
940 4274 1025 4325 καὶ
1064 4276 1157 4345 γὰρ
1196 4275 1247 4326 εἰ
1286 4270 1366 4325 δι’
1406 4272 1475 4325 οὗ
1512 4292 1556 4324 τ.
1584 4274 1631 4324 ἀ.
1658 4292 1704 4324 τ.
1743 4268 1827 4342 ἐφ’
1867 4273 1987 4342 ἡμῖν
2028 4271 2170 4340 [οὐκ]
2209 4271 2300 4341 ἐφ’
2337 4272 2456 4342 ἡμῖν
2492 4272 2534 4323 δ.
2561 4290 2607 4323 τ.
2633 4271 2747 4324 τόδε
2785 4269 2870 4342 ἐφ’
2911 4274 3030 4343 ἡμῖν

420 4360 483 4413 12
530 4360 625 4431 μὴ]
672 4366 943 4427 exspectas
988 4363 1049 4414 τὰ
1233 4362 1293 4413 13
1342 4362 1429 4414 alt.
1470 4360 1527 4413 τὸ
1572 4361 1669 4413 del.
1710 4364 1797 4428 Sp.
1987 4361 2206 4413 fortasse
2243 4357 2399 4423 (οὐδ’)
2443 4361 2494 4411 ἐν
2676 4362 2739 4411 ’14
2786 4364 2876 4413 τοῦ
2914 4364 3028 4426 Sp.:
3077 4361 3138 4411 τὸ

412 4450 535 4501 libri
719 4450 779 4501 15
826 4451 857 4501 ἃ
895 4450 1012 4503 add.
1042 4452 1175 4502 vict.
1354 4450 1437 4502 20.
1478 4450 1540 4501 21
1595 4447 1833 4501 ἀδὺνατὸν
1872 4452 1989 4514 (sic)
2033 4448 2091 4501 τὸ
2131 4448 2217 4501 οὖν
2257 4454 2321 4501 V:
2378 4446 2619 4501 ἀδύνατον
2657 4448 2716 4499 τὸ
2754 4447 2840 4499 οὖν
2881 4449 3138 4499 HFS¹B¹=

412 4537 471 4589 τὸ
511 4536 599 4589 οὖν
643 4536 805 4591 B²s²a
843 4541 957 4605 Sp.:
1008 4538 1225 4591 fortasse
1263 4540 1366 4590 καὶ
1404 4537 1627 4590 δυνατόν.
1666 4537 1724 4589 τὸ
1762 4538 1851 4591 οὖν
2031 4538 2093 4590 21
2143 4538 2200 4590 τὸ
2237 4542 2355 4605 post
2394 4539 2517 4590 εἶναι
2553 4536 2652 4588 del.
2691 4539 2778 4603 Sp.
2961 4536 3026 4587 24
3063 4536 3141 4604 τῷ

412 4626 628 4693 scripsi:
684 4625 743 4678 τὸ
792 4627 911 4679 libri
1091 4626 1158 4680 25
1206 4626 1442 4691 σώζοιτο]
1498 4623 1650 4686 σώζοι
1694 4625 1753 4677 τὸ
1792 4628 1857 4677 V:
1897 4624 2048 4686 σώζοι
2087 4624 2144 4677 ἂν
2191 4627 2308 4682 τοὺς
2343 4628 2433 4692 Sp.
2612 4624 2743 4675 κατὰ
2788 4624 2904 4680 τοὺς
2942 4622 3139 4674 ἅπαντα

412 4714 632 4781 scripsi:
698 4732 796 4766 κατ
840 4714 981 4767 ὁσίαν
1030 4716 1147 4781 (sic,
1196 4730 1353 4781 supra
1388 4732 1419 4763 τ
1456 4714 1536 4763 ml
1582 4714 1633 4775 α)
1670 4715 1831 4764 πάντα
1875 4717 1938 4765 V:
1996 4714 2130 4765 κατὰ
2167 4711 2334 4764 οὐσίαν
2383 4713 2546 4763 πάντα
2584 4712 2740 4763 ceteri
2937 4711 2999 4761 ⁸27
3056 4710 3136 4777 τὸ]

409 4801 490 4871 τῷ
516 4806 563 4853 Η
730 4801 813 4853 27.
850 4802 917 4853 28
953 4805 1032 4871 τῷ
1070 4801 1191 4855 καθ’
1212 4804 1303 4853 VB
1346 4801 1479 4851 vict.
1518 4802 1631 4863 Sp.:
1669 4799 1727 4851 τὸ
1766 4798 1888 4852 καθ’
1928 4802 2073 4853 HSa:
2112 4799 2169 4851 τὸ
2209 4799 2265 4851 οὒ
2304 4798 2408 4851 καθ
2433 4802 2474 4851 F
2618 4798 2685 4851 28
2722 4798 2783 4868 ἦν
2821 4800 2936 4850 add.
2976 4802 3063 4864 Sp.

409 4892 501 4941 τοῦ
541 4903 639 4940 om.
680 4908 711 4941 a
886 4889 945 4941 τὸ
984 4886 1027 4958 ᾧ
1065 4888 1123 4940 τὸ
1166 4894 1209 4941 H
1250 4890 1384 4941 vict.
1423 4890 1466 4938 B
1506 4888 1633 4953 Sp.:,
1664 4886 1739 4939 ’τὸ
1778 4876 1820 4957 ᾧ
1859 4888 1932 4939 τὸ·
1981 4889 2057 4939 sie
2097 4892 2158 4938 V:
2198 4894 2275 4939 τῶ
2312 4888 2370 4940 τὸ
2409 4890 2524 4940 FSa

2641 4971 2732 5035 4*
