3684 5567
597 273 730 338 260
899 275 1244 360 μεταβάλλω

595 445 974 517 μεταβάλλω
1019 447 1162 514 13,31
1209 447 1323 510 143
1345 463 1423 514 sq.
1463 444 1620 511 2830
1653 447 1806 512 30,11
1833 463 1911 516 sq.

702 534 867 599 33,13
914 535 1044 598 38,8
1065 551 1140 604 sq.
1188 534 1352 600 4732
1397 533 1624 602 58,3sq.
1683 533 1813 598 60,4
1832 550 1913 601 sq.

705 623 860 688 62,12
897 623 1055 688 7531
1104 623 1226 689 873
1252 639 1330 691 sq.
1372 621 1622 688 162,1sq.
1659 627 1757 674 etc.
1830 620 1913 674 διὰ

701 709 751 762 τί
783 709 844 762 τὸ
881 711 1138 780 γινόμενον
1186 711 1246 763 ἐκ
1294 714 1384 780 τῆς
1429 709 1712 779 στερήσεως
1755 728 1909 778 μετα-

699 795 884 867 βάλλον
922 797 1028 867 ἆίμα
1063 799 1124 852 ἐκ
1159 801 1250 850 τοῦ
1302 796 1528 851 ἐναντίου
1564 795 1720 849 αὐτοῦ
1758 815 1910 866 μετα-

701 883 884 955 βάλλει,
923 885 971 939 εί
1000 905 1056 956 γε
1093 887 1164 957 μὴ
1203 884 1386 940 ταύτὸν
1423 883 1456 955 ἦ
1491 901 1548 936 τε
1572 884 1798 956 στέρησις
1821 886 1909 938 καὶ

699 972 757 1025 τὸ
800 972 1024 1028 ἐναντίον
1063 974 1146 1040 55,
1159 973 1427 1036 20-57,6
1499 979 1610 1031 πῶς
1653 973 1712 1026 τὸ
1757 993 1907 1042 μετα-

701 1059 886 1130 βάλλον
924 1063 993 1120 εἶς
1029 1081 1076 1116 τι
1113 1057 1240 1115 καθ’
1279 1061 1342 1131 ἣν
1379 1061 1487 1135 ἔχει
1523 1060 1730 1130 δὺναμιν
1765 1069 1911 1132 τηρεῖ

698 1150 792 1219 τὴν
837 1147 1044 1219 δύναμιν
1087 1151 1176 1204 καὶ
1211 1153 1338 1220 μετὰ
1377 1149 1438 1202 τὸ
1487 1148 1802 1219 μεταβάλλον
1837 1149 1907 1208 εἰς

699 1236 727 1288 ὃ
765 1236 1066 1303 μετέβαλλεν
1106 1237 1488 1306 63,30·-65,16

592 1324 937 1394 μετάβασις
973 1325 1172 1392 227,32
1212 1325 1402 1390 23332

591 1412 1062 1484 μεταβλητικός
1098 1413 1288 1479 234,14

590 1500 986 1571 μεταβλητός
1021 1500 1212 1565 223,12

589 1587 911 1660 μεταβολή
950 1588 1083 1654 2,20
1119 1589 1380 1657 28,30sq.
1417 1585 1576 1652 30‚13
1611 1587 1778 1653 36,25
1815 1589 1902 1651 42,

693 1677 823 1744 7sq.
873 1675 998 1742 56,9
1051 1675 1214 1740 5733
1263 1675 1422 1742 63,31
1477 1675 1676 1740 223,13
1755 1679 1899 1730 varia

693 1781 884 1832 genera
919 1763 1041 1832 58‚3
1056 1781 1134 1831 sq.
1207 1763 1446 1816 ἐναντίων
1483 1764 1552 1822 είς
1590 1763 1788 1817 ἐναντία
1818 1766 1899 1832 15,

691 1851 758 1904 26
779 1868 855 1919 sq.
929 1849 1169 1911 εὔτακτος
1203 1851 1359 1916 6334
1432 1853 1550 1905 dist.
1589 1851 1718 1920 μῖξις
1743 1852 1898 1917 2203

691 1941 760 1998 είς
804 1941 988 2012 ἀρετήν
1030 1940 1188 2006 122,8
1260 1940 1331 1998 είς
1375 1939 1436 1992 τὸ
1482 1939 1686 2009 λογικόν
1737 1939 1899 2001 122,5

689 2034 793 2080 τῶν
819 2028 1146 2098 κεκραμένων
1174 2027 1366 2094 23130
1436 2028 1569 2081 κατὰ
1605 2025 1748 2098 πάθη
1773 2043 1897 2095 opp.

689 2115 876 2186 τοπική
915 2113 1106 2180 233,13

589 2204 1088 2274 μεταγιγνώσκω
1129 2203 1310 2267 130,11

583 2289 914 2362 μετάθεσις
941 2290 1095 2355 53,12

583 2379 1054 2449 μεταλαμβάνω
1077 2378 1197 2443 483
1238 2379 1410 2444 49,11.
1433 2379 1495 2432 13
1532 2379 1654 2444 54,8
1685 2379 1898 2442 13233Ρ

687 2467 877 2532 22732
915 2466 1107 2530 23030

581 2555 964 2624 μεταμέλεια
1005 2553 1192 2618 13Ο,12
1237 2553 1384 2619 1463

584 2642 908 2711 μετανοέω
951 2641 1138 2708 180,30

583 2731 884 2800 μετάνοια
925 2729 1074 2794 146,6
1121 2727 1306 2792 18039

583 2818 814 2886 μεταξύ
842 2818 1016 2881 6,1,.31
1059 2817 1216 2881 53‚14
1253 2816 1371 2883 60,5
1409 2816 1562 2882 6437
1607 2816 1794 2880 121,14
1815 2831 1893 2884 sq.

689 2907 746 2958 τὸ
772 2926 824 2975 μ.
853 2904 1024 2975 ὅμοιον
1061 2913 1216 2959 ποιεῖν
1243 2905 1412 2973 ἑαυτῷ·
1436 2905 1586 2968 7431
1645 2910 1736 2958 τοῦ
1761 2903 1895 2974 ζῴου

689 2997 776 3047 καὶ
811 2998 902 3046 τοῦ
939 2993 1150 3064 ὀρεκτοῦ
1193 2993 1353 3056 74,21
1427 2990 1634 3063 κινηθὲν
1671 2993 1770 3045 ὕπὸ
1804 2997 1897 3046 τοῦ

689 3081 900 3153 ὀρεκτοῦ
925 3081 1081 3144 7433
1107 3081 1172 3134 cf.
1197 3082 1267 3134 ib.
1294 3083 1324 3134 7
1385 3085 1476 3133 τοῦ
1501 3077 1627 3134 καθ’
1657 3079 1780 3132 αὑτὸ
1807 3081 1895 3134 καὶ

687 3173 778 3221 τοῦ
803 3169 934 3220 κατὰ
959 3167 1282 3239 συμβεβηκός
1307 3169 1426 3235 66,9
1498 3171 1562 3222 τὰ
1585 3167 1776 3237 μεταξὺ
1803 3171 1896 3220 τοῦ

688 3253 771 3309 ἐπ’
819 3257 1020 3326 ἄπειρον
1066 3259 1358 3328 γιγνομένου
1392 3257 1576 3322 71,12.
1609 3257 1672 3309 15
1691 3272 1768 3324 sq.
1807 3255 1893 3319 (cf.

689 3345 845 3408 Add.)
895 3345 954 3396 τὸ
999 3363 1052 3412 μ.
1097 3350 1202 3397 τῶν
1247 3345 1458 3413 κόσμων
1503 3345 1647 3398 κενόν
1701 3345 1894 3406 104,12

687 3434 720 3504 ἡ
759 3451 812 3500 μ.
851 3435 1150 3490 κατάστασις
1194 3433 1342 3497 1623

582 3522 948 3590 μεταπίπτω
987 3519 1106 3582 732
1143 3518 1263 3582 31,5
1308 3519 1487 3584 17731

582 3609 959 3681 μετάρρυσις
996 3607 1117 3671 993

582 3698 962 3765 μετάστασις
998 3694 1188 3760 21833
1228 3695 1421 3760 237,18

585 3782 978 3853 μετατίθημι
1013 3783 1133 3846 68,3

581 3871 918 3941 μεταφέρω
986 3871 1177 3934 101,28
1244 3871 1434 3934 104,31
1508 3869 1660 3934 166,1
1733 3869 1887 3936 172,1

689 3958 846 4022 206,4

581 4045 906 4115 μεταφορά
941 4051 1047 4097 τῶν
1085 4043 1282 4098 σκελῶν
1327 4044 1512 4109 133‚10

581 4136 832 4203 μέτειμι
869 4133 1012 4202 (εἶμι)
1051 4132 1206 4196 8235
1253 4131 1438 4197 15530
1479 4131 1660 4196 166,19
1709 4132 1892 4196 17832

579 4223 974 4294 μετέρχομαι
1009 4221 1166 4286 84,34
1207 4221 1329 4304 8633
1373 4220 1556 4283 17134
1597 4221 1744 4284 2163

579 4309 826 4380 μετέχω
865 4309 982 4374 8,11
1026 4308 1178 4372 6337
1219 4309 1372 4369 6437
1421 4307 1568 4372 162,4
1607 4308 1788 4370 217,11

579 4400 898 4469 μετέωρον
936 4396 1092 4460 2263)

578 4484 1008 4555 μετονομασία
1050 4483 1200 4546 101.8

579 4573 947 4642 μετόπωρον
986 4571 1109 4637 89,8

579 4660 822 4730 μετρέω
866 4659 1050 4721 146,16
1075 4673 1152 4725 sq.

578 4749 804 4818 μέτρον
844 4746 1023 4812 197,31
1086 4745 1240 4810 2013
1286 4747 1476 4812 220,16
1549 4745 1732 4800 παθῶν
1777 4749 1893 4814 146,

685 4836 750 4888 19
821 4835 1059 4906 αἱρέσεως
1100 4833 1251 4899 145,5
1323 4833 1562 4906 ἀληθείας
1610 4836 1760 4899 1023

2980 277 3001 330 I
3072 276 3321 330 INDEX

2014 447 2229 520 μέχρις
2270 447 2418 514 1437
2464 447 2617 512 228,3

2012 537 2192 608 μέχρι
2238 535 2423 600 15430
2463 535 2655 600 199,32
2694 535 2849 601 223,3
2886 537 3069 601 230,31
3146 537 3322 591 τοσοῦ-

2116 642 2209 676 του
2260 623 2361 681 ἕως
2412 622 2474 675 ἄν
2520 622 2641 687 237,
2661 623 2710 676 2.
2748 625 2803 676 11
2882 628 3057 694 φωνῆς
3108 624 3321 692 225,16

2117 710 2358 781 ῥημάτων
2400 712 2581 775 191,17
2622 711 2813 776 212,10

2010 801 2211 867 μῆκος
2252 798 2402 865 106,4
2440 798 2631 864 208,14
2668 798 2857 864 219,14

2010 885 2269 956 μηκὺνω
2312 885 2500 952 19230
2536 886 2725 952 21539

2008 973 2271 1043 μήνυσις
2306 974 2427 1039 538
2468 974 2651 1041 14739
2690 973 2844 1041 203,4
2885 974 3071 1038 16533

2008 1061 2287 1132 μηνυτής
2328 1062 2517 1126 171,10

2008 1150 2349 1219 μηνυτικός
2387 1151 2509 1217 7,10
2544 1151 2694 1216 59,11
2735 1149 2891 1216 6639

2007 1237 2220 1308 μηνὺω
2266 1237 2449 1304 16535
2492 1238 2677 1304 18834
2723 1237 2913 1303 21436

2006 1324 2248 1394 μήποτε
2284 1324 2439 1392 4235
2476 1325 2634 1390 4832
2670 1326 2826 1391 8139
2867 1326 3053 1392 185,10

2008 1412 2152 1482 μήτι
2188 1431 2245 1483 γε
2288 1412 2471 1478 18632

2007 1502 2309 1570 μηχανάω
2355 1500 2543 1566 19338

2007 1595 2203 1658 μῖγμα
2238 1588 2429 1651 23135
2467 1589 2623 1654 23:2‚3
2660 1589 2809 1655 221,1
2852 1588 3043 1654 21732

2003 1675 2261 1746 μίγνυμι
2286 1676 2371 1740 63
2407 1676 2557 1743 4931
2590 1677 2743 1741 5737
2783 1677 2939 1740 64,32
2984 1675 3158 1740 15731
3199 1676 3318 1740 171,

2110 1763 2180 1817 20
2216 1764 2399 1830 214,31
2430 1783 2508 1834 sq.

2002 1853 2243 1925 μικρός.
2314 1851 2375 1904 τὸ
2412 1851 2548 1922 παρὰ
2584 1872 2636 1922 μ.
2664 1851 2816 1917 200,1

2002 1941 2310 2012 μικρότης
2351 1940 2504 2006 1538
2540 1939 2732 2002 21434

2002 2029 2308 2098 μιμέομαι
2344 2027 2603 2093 623934
2642 2029 2763 2094 633

2002 2117 2256 2188 μίμησις
2294 2115 2453 2183 6330

2002 2205 2337 2274 μιμνήσκω
2380 2203 2566 2268 144,35
2609 2203 2797 2268 17132

2002 2291 2167 2362 μῖξις
2202 2291 2331 2356 6,27
2380 2291 2545 2356 5735
2590 2290 2721 2356 623
2792 2292 2881 2344 καὶ
2925 2295 3097 2363 κρᾶσις
3142 2289 3311 2355 48,27

2110 2381 2261 2446 50,17
2300 2378 2457 2444 6435
2526 2378 2811 2432 secuudum
2850 2378 3179 2432 Aristotelem
3216 2395 3311 2432 ex·

2104 2469 2328 2537 plicatur
2352 2465 2509 2532 228,5
2518 2483 2596 2536 sq.
2653 2465 2937 2520 secundum
2960 2465 3311 2535 Chrysippum

2102 2557 2394 2624 explicatur
2430 2555 2549 2618 216,
2570 2555 2629 2608 17
2652 2571 2728 2623 sq.
2801 2554 2857 2624 (ἡ
2896 2551 3161 2623 παραθέσει
3198 2555 3313 2607 sive

2103 2641 2231 2697 καθ’
2270 2644 2434 2716 ἁρμήν
2476 2641 2833 2708 216,17-22
2902 2643 2936 2711 ἠ
2974 2640 3202 2714 συγχὺσει
3246 2637 3307 2693 δι’

2102 2729 2236 2784 ὅλων
2292 2730 2648 2797 216,22’-·25
2724 2731 2757 2802 ἡ
2804 2731 2977 2802 κράσει
3030 2728 3308 2793 21635-

2102 2817 2315 2884 217,13)
2340 2833 2509 2888 comp.
2528 2817 2655 2876 εἶδος
2678 2816 2774 2888 ὕλη
2803 2815 2967 2874 πάθος
2988 2821 3132 2886 σῶμα
3158 2833 3309 2884 μετα-

2104 2905 2229 2976 βολή
2250 2903 2404 2971 2203
2442 2908 2565 2960 dist.
2584 2906 2789 2978 αὔξησις
2806 2903 2960 2968 2343
2994 2905 3115 2958 dist.
3136 2911 3311 2974 κρᾶσις

2106 2993 2297 3058 22836
2316 3010 2398 3062 sq.
2476 2985 2483 2992 ’

1998 3083 2191 3151 μισέω
2236 3081 2385 3146 130‚3
2429 3081 2608 3146 142,st

1999 3170 2373 3241 μνημονεύω
2399 3169 2550 3231 2337
2590 3169 2710 3234 43,5
2748 3169 3000 3233 823931

2000 3267 2185 3328 μοῖρα
2221 3257 2371 3322 49,11
2423 3257 2569 3320 1663

2000 3345 2301 3417 μόλιβδος
2338 3344 2490 3410 7337

1998 3435 2157 3504 μονή
2194 3434 2317 3500 633
2354 3431 2539 3498 23531

1996 3523 2259 3590 μόνιμος
2298 3520 2451 3583 1223
2494 3519 2643 3585 163,4

1994 3608 2209 3681 μόριον
2264 3607 2430 3672 35,18
2483 3608 2605 3674 36,1
2668 3608 2833 3670 54,1.0
2886 3608 3051 3672 96,33
3110 3608 3308 3674 101,26

2103 3695 2257 3758 213,4
2295 3695 2479 3760 215,11
2523 3695 2679 3761 2343

1998 3783 2255 3855 μορφόω
2294 3783 2464 3848 2253.
2492 3783 2558 3836 27

1998 3869 2316 3942 μοχθηρία
2363 3870 2509 3937 1593

1997 3957 2320 4030 μοχθηρός
2362 3959 2512 4022 124,5
2555 3957 2741 4021 18938

1996 4045 2252 4114 μυθεὺω
2296 4045 2477 4111 199,17

1995 4133 2361 4203 μυθολογέω
2407 4133 2555 4198 121,3

1994 4218 2190 4287 μῦθος
2228 4221 2417 4284 20235
2456 4221 2645 4286 20334
2686 4221 2841 4286 213,6

1996 4307 2203 4378 μυρίοι
2246 4308 2429 4370 17533
2472 4308 2622 4374 176,8

1995 4401 2108 4465 μῦς
2146 4395 2299 4458 235,4

1997 4749 2315 4822 ναυμαχία
2359 4749 2504 4812 1773
2522 4765 2597 4818 sq.

1995 4837 2239 4904 νέμεσις
2277 4836 2431 4900 2073
