3684 5567
558 280 677 343 112
1522 273 1823 331 ΑΙΙΟΡΙΩΝ
1865 272 1982 327 ΚΑΙ
2021 272 2284 329 ΛΥΣΕΩΝ

664 451 813 534 μένῃ
858 452 1031 535 πέψει
1072 450 1465 534 ἀντικειμένην
1511 448 1759 533 ἀπεψίαν
1804 447 1912 511 οὐκ
1955 448 2111 513 εἶπεν
2159 450 2260 532 μὲν
2308 449 2650 533 ὠνομάσθαι
2693 452 2844 513 πάνυ
2889 474 2960 525 τι,
3005 448 3150 513 εἶναι

660 554 725 617 δὲ
771 555 1175 639 παραπλησίαν
1222 553 1547 627 στατεὺσει,
1592 550 1726 614 ὅταν
1772 552 1837 613 τὸ
1882 552 2218 634 ὀπτώμενον
2265 553 2602 635 μεταβάλλῃ
2649 552 2773 632 μέν,
2827 555 2910 637 μὴ
2957 554 3150 637 μέντοι

660 658 755 719 καὶ
809 658 1078 740 ὀπτηθῇ,
1136 657 1167 719 ὃ
1220 658 1427 738 γίνεται
1486 656 1523 739 ἦ
1582 654 1657 717 δι’
1712 651 1932 717 ἔνδειαν
1987 654 2342 738 θερμότητος
2400 660 2506 738 τῆς
2557 656 3030 741 μεταβαλλούσης
3084 655 3150 716 τὸ

662 759 1016 843 ὀπτώμενον,
1062 761 1099 842 ἢ
1146 760 1241 823 διὰ
1286 759 1511 842 πλῆθος
1556 763 1660 841 τῆς
1702 758 1763 819 ἐν
1806 762 1894 842 τῷ
1943 757 2266 841 ὀπτωμένῳ
2311 758 2638 843 ὑγρότητος.
2661 810 2688 833 .
2708 810 2727 825 .
3175 772 3235 814 ²⁰

590 883 619 931 5
826 861 1025 927 Εἰπὼν
1072 866 1136 926 δὲ
1180 864 1310 946 περὶ
1353 862 1569 925 τούτων
1616 862 1906 942 μετῆλθεν
1961 861 2056 924 ἐπὶ
2099 863 2195 924 τὸν
2241 864 2370 945 περὶ
2423 868 2538 924 τῶν
2593 862 2932 945 παθητικῶν
2984 862 3148 924 δυνά·

660 988 817 1048 μεων
860 966 1051 1049 λόγον,
1096 966 1157 1030 αἲ
1188 965 1335 1049 ἦσαν
1382 964 1625 1048 ξηρότης
1665 965 1761 1028 καὶ
1794 962 2055 1047 ὑγρότης,
2099 966 2195 1027 καὶ
2241 965 2481 1040 δεικνύς,
2526 965 2671 1033 τίνες
2713 964 2934 1027 τούτων
2978 966 3145 1027 πάλιν

658 1070 797 1131 εἰσὶν
843 1068 1129 1153 διαφοραί,
1175 1070 1273 1132 καὶ
1316 1069 1441 1131 τίνα
1484 1070 1579 1131 καὶ
1624 1066 1779 1131 πόσα
1822 1066 1951 1150 εἴδη
1997 1066 2068 1130 τὰ
2111 1066 2380 1149 γινόμενα
2424 1067 2726 1147 ἐξαύτῶν,
2771 1072 2999 1151 πρῶτον
3047 1068 3148 1149 μὲν
3175 1082 3230 1123 25

664 1170 961 1257 ὑπέμνησε
982 1177 1085 1235 τοῦ
1120 1170 1345 1257 ἀρχὰς
1374 1170 1551 1233 εἶναι
1582 1176 1713 1232 τῶν
1746 1190 1841 1233 σω
1856 1171 2284 1251 μάτων,καθὸ
2309 1172 2602 1253 παθητικά
2631 1170 2802 1253 ἐστι,ξ
2829 1172 2903 1234 τὸ
2935 1169 3134 1255 ὑγρόν
3163 1177 3257 1233 217

657 1296 729 1336 τε
772 1276 891 1336 καὶ
938 1273 1169 1359 ξηρόν,
1213 1275 1285 1335 τὰ
1328 1272 1381 1335 δ’
1422 1272 1590 1347 ἄλλα,
1636 1270 1747 1335 ὅσα
1790 1272 1872 1355 μὴ
1918 1272 2116 1357 ἀρχαί,
2163 1271 2282 1335 ἀλλ’
2323 1272 2391 1335 ἐκ
2417 1278 2533 1335 τῶν
2563 1274 2767 1358 ἀρχῶν
2799 1272 2934 1337 ὄντα
2963 1296 3024 1337 τε
3055 1275 3150 1337 καὶ

562 1396 619 1443 ιο
652 1375 944 1459 γεγονότα,
993 1376 1164 1459 μικτὰ
1196 1377 1298 1459 μὲν
1345 1376 1420 1437 ἐκ
1463 1374 1721 1437 τούτων
1768 1373 1913 1437 εἶναι
1943 1374 2318 1459 (ὁποτέρου
2361 1374 2468 1458 γὰρ
2499 1375 2673 1439 πλέον
2705 1375 2832 1461 ἔχει
2861 1379 2928 1439 τὸ
2958 1398 3152 1458 μεμιγ·

661 1479 849 1562 μένον,
896 1480 1083 1564 τούτῳ
1117 1479 1541 1543 συντάσσεσθαι
1586 1478 1746 1553 αὐτό,
1792 1477 1866 1540 τὰ
1911 1478 2014 1559 μὲν
2060 1476 2206 1540 κατὰ
2249 1478 2315 1540 τὸ
2357 1477 2526 1560 ξηρὸν
2571 1480 3024 1541 πλεονεκτοῦντα
3063 1485 3148 1563 τῷ
3203 1494 3232 1537 6

658 1582 849 1666 ξηρῷ,
902 1581 973 1645 τὰ
1018 1585 1083 1646 δὲ
1128 1582 1275 1645 κατὰ
1320 1583 1385 1644 τὸ
1430 1582 1599 1666 ὑγρὸν
1646 1587 1729 1665 τῷ
1778 1580 2000 1664 ὑγρῷ),
2052 1581 2240 1643 πάντα
2283 1581 2348 1643 δὲ
2391 1586 2506 1643 τῶν
2551 1604 2614 1643 τε
2659 1582 2845 1665 ὑγρῶν
2891 1583 2990 1645 καὶ
3033 1588 3147 1644 τῶν

661 1684 849 1768 ξηρῶν
894 1687 977 1749 τὰ
1024 1688 1148 1769 μὲν
1194 1684 1603 1769 ἐντελεχείᾳ
1650 1688 1827 1747 ταῦτα
1871 1683 2095 1765 λέγεται
2139 1683 2301 1759 εἶναι,
2346 1685 2420 1747 τὰ
2463 1685 2530 1747 δὲ
2571 1686 2828 1769 δυνάμει.
2917 1682 3008 1769 ἐφ’
3065 1685 3150 1754 οἷς

656 1788 881 1872 λαβών,
938 1788 1024 1851 ὅτι
1068 1790 1106 1872 ἡ
1154 1788 1299 1872 μῖξις
1344 1792 1443 1851 τοῦ
1491 1790 1662 1872 ὑγροῦ
1708 1810 1769 1849 τε
1816 1788 1912 1849 καὶ
1955 1790 2058 1849 τοῦ
2104 1787 2277 1871 ξηροῦ
2331 1786 2482 1851 αἰτία
2535 1793 2636 1851 τοῦ
2683 1788 2929 1873 ὡρίσθαι
2971 1788 3042 1851 τὰ
3086 1788 3147 1857 ἐξ
3175 1803 3231 1846 ιο

560 1910 617 1958 15
656 1890 847 1953 αὐτῶν
904 1891 1225 1975 μεμιγμένα
1276 1890 1569 1976 (ἀόριστον
1622 1891 1730 1974 γὰρ
1784 1890 2020 1953 ἐκείνων
2075 1890 2348 1973 ἑκάτερον
2399 1888 2536 1954 καθ’
2592 1891 2732 1953 αὑτὸ
2779 1889 2900 1974 ὄν),
2955 1891 3148 1974 λαβὼν

658 1994 722 2056 δὲ
768 1994 862 2056 καὶ
916 1996 981 2057 τὸ
1036 1995 1205 2077 ὑγρὸν
1260 1996 1362 2078 μὲν
1415 1996 1737 2077 παθητικὸν
1788 2000 1906 2056 τῶν
1960 1994 2264 2079 στοιχείων
2319 1994 2384 2056 τὸ
2439 1994 2592 2077 ὕδωρ
2637 1994 2811 2073 εἶναι,
2869 1994 3040 2079 ξηρὸν
3083 1994 3148 2057 δὲ

655 2097 759 2179 τὴν
804 2102 941 2181 γῆν,
995 2098 1054 2160 ἐν
1102 2098 1187 2166 οἷς
1229 2098 1325 2161 καὶ
1368 2099 1433 2161 τὸ
1480 2099 1703 2183 ψυχρὸν
1762 2096 1823 2159 ὃν
1870 2098 2032 2161 δοκεῖ
2076 2100 2294 2180 μᾶλλον
2339 2096 2486 2161 εἶναι
2531 2096 2666 2161 καθ’
2721 2098 2862 2161 αὑτὸ
2909 2098 3148 2182 παθητι-

656 2199 757 2261 κὸν
802 2200 841 2283 ἢ
887 2200 1200 2284 ποιητικόν,
1255 2202 1597 2286 προσλαβὼν
1644 2202 1709 2263 τὸ
1754 2206 1869 2264 πᾶν
1915 2200 2229 2285 ὡρισμένον
2277 2200 2540 2283 παθητὸν
2587 2206 2760 2284 σῶμα
2805 2201 2844 2284 ἢ
2891 2202 3148 2283 μαλακὸν
3173 2216 3226 2259 15

662 2302 699 2385 ἢ
748 2305 997 2388 σκληρὸν
1054 2304 1223 2379 εἶναι,
1278 2307 1375 2367 καὶ
1418 2306 1625 2381 εἰπών,
1681 2306 1735 2367 τί
1780 2304 1884 2386 μέν
1937 2304 2057 2367 ἐστι
2109 2304 2174 2365 τὸ
2223 2303 2511 2385 μαλακόν,
2563 2304 2624 2365 τί
2671 2304 2736 2366 δὲ
2787 2305 2853 2366 τὸ
2898 2302 3146 2387 σκληρόν

548 2424 616 2471 20
651 2403 930 2488 (σκληρὸν
965 2406 1065 2487 μὲν
1098 2406 1205 2491 γὰρ
1236 2409 1301 2469 τὸ
1333 2408 1651 2491 ἀντιβαῖνον
1696 2408 1793 2469 καὶ
1840 2408 1931 2490 μὴ
1975 2408 2263 2469 ὑπεῖκον
2307 2406 2455 2470 κατὰ
2490 2406 2594 2489 τὴν
2640 2408 2994 2491 ἐπιφάνειαν,
3041 2430 3142 2489 μα-

650 2509 827 2572 λακὸν
874 2508 937 2570 δὲ
970 2510 1041 2571 τὸ
1076 2508 1370 2573 ὑπεῖκον
1417 2510 1563 2572 κατὰ
1606 2510 1709 2593 τὴν
1755 2510 2086 2594 ἐπιφάνειαν
2133 2514 2220 2595 τῷ
2255 2511 2522 2586 ὑπείκειν,
2567 2510 2634 2573 οὐ
2677 2514 2779 2594 τῷ
2826 2509 3142 2593 διαιρούμε·
3169 2524 3226 2565 2⁰

651 2634 746 2675 νον
778 2612 1492 2696 ἀντιπεριίστασθαι),
1538 2613 1689 2697 ἑξῆς,
1734 2613 1861 2676 ἐπεὶ
1894 2618 2006 2676 πᾶν
2037 2614 2102 2677 τὸ
2135 2614 2452 2698 ὡρισμένον
2485 2618 2656 2694 σῶμα
2688 2616 2938 2697 σκληρὸν
2969 2614 3006 2698 ἢ
3041 2637 3146 2698 μα·

654 2716 860 2792 λακόν,
919 2717 1178 2800 πεπηγὸς
1222 2717 1286 2779 δὲ
1330 2716 1444 2800 ἤδη
1497 2718 1563 2779 τὸ
1609 2716 1957 2800 ὡρισμένον,
2012 2717 2107 2779 ἐπὶ
2151 2720 2216 2780 τὸ
2262 2719 2390 2801 περὶ
2444 2716 2674 2801 πήξεως
2716 2715 2898 2800 λέγειν
2943 2716 3144 2803 ἦλθεν,

654 2819 749 2880 καὶ
795 2819 1132 2902 ὑπομνήσας
1176 2825 1291 2882 τῶν
1336 2820 1493 2904 παρὰ
1535 2822 1637 2904 τὴν
1686 2821 1825 2902 ὕλην
1857 2820 2073 2896 αἰτίων,
2119 2820 2205 2883 ὅτι
2249 2822 2370 2884 ἐστὶ
2401 2819 2466 2883 τό
2496 2843 2558 2883 τε
2587 2819 2796 2903 ὅθεν-ᾖ
2844 2822 3001 2906 ἀρχὴ
3046 2828 3150 2905 τῆς
3175 2837 3230 2879 25

548 2942 613 2990 25
652 2924 934 3007 κινήσεως
965 2924 1059 2986 καὶ
1091 2924 1153 2986 τὸ
1186 2922 1357 3000 εἶδος,
1402 2925 1496 2987 καὶ
1540 2926 1731 3009 λαβὼν
1763 2929 1943 2988 ταῦτα
1989 2924 2143 2988 αἴτια
2185 2925 2330 2987 εἶναι
2371 2930 2486 2988 τῶν
2536 2924 2542 3009 Ι
2591 2924 2904 3009 γινομένων
2937 2926 3111 2988 ἁπάν-
3154 2931 3249 2987 218

653 3050 767 3089 των
798 3026 967 3112 φύσει
996 3026 1140 3110 (καὶ
1170 3028 1277 3110 γὰρ
1310 3027 1579 3111 πήξεως
1610 3030 1723 3091 καὶ
1754 3028 2180 3111 διαχύσεως,
2230 3028 2340 3091 καὶ
2385 3032 2502 3091 τοῦ
2547 3028 3002 3112 ξηραίνεσθαι
3033 3030 3148 3092 καὶ

650 3134 771 3193 τοῦ
816 3131 1331 3214 ὑγραίνεσθαι),
1374 3130 1499 3193 τίνα
1543 3130 1666 3193 ἐστὶ
1696 3128 1767 3191 τὰ
1811 3128 2080 3212 ποιητικὰ
2125 3130 2220 3193 καὶ
2265 3132 2388 3193 τίνα
2432 3132 2596 3216 πάθη
2635 3156 2699 3195 τε
2728 3134 2826 3195 καὶ
2849 3130 2998 3215 ,εἴδη
3029 3135 3143 3193 τῶν

652 3234 965 3315 γινομένων
1010 3230 1237 3317 ἔλαβεν,
1293 3233 1561 3316 ποιητικὰ
1607 3233 1709 3314 μὲν
1754 3232 1934 3295 εἰπὼν
1979 3232 2126 3295 εἶναι
2170 3232 2504 3317 θερμότητα
2545 3258 2608 3297 τε
2651 3237 2744 3298 καὶ
2791 3234 3146 3318 ψυχρότητα,
3199 3252 3226 3291 ὃ

654 3336 817 3419 πάθη
867 3337 932 3399 δὲ
977 3336 1047 3399 τὰ
1091 3337 1202 3399 ὑπὸ
1250 3337 1464 3399 τούτων
1518 3334 1885 3417 ἐπιγινόμενα
1938 3339 2055 3405 τοῖς
2099 3338 2394 3418 σώμασιν,
2449 3337 2513 3400 τό
2569 3360 2630 3399 τε
2675 3338 2892 3421 θερμὸν
2939 3338 3036 3401 καὶ
3078 3338 3144 3399 τὸ

548 3457 617 3504 30
654 3437 895 3523 ψυχρόν.
950 3438 1035 3524 ἐφ’
1072 3440 1156 3509 οἷς
1188 3440 1522 3504 ἐπανελθὼν
1556 3439 1651 3501 ἐπὶ
1682 3440 1777 3501 τὸν
1808 3440 1939 3523 περὶ
1969 3439 2197 3523 πήξεως
2225 3440 2416 3523 λόγον,
2447 3442 2540 3505 καὶ
2571 3442 2766 3525 λαβὼν
2797 3442 2862 3503 τὸ
2893 3442 3146 3525 πήγνυ-

656 3544 820 3606 σθαι
873 3543 1329 3627 ξηραίνεσθαί
1376 3568 1518 3613 πως
1569 3542 1733 3620 εἶναι,
1785 3542 1900 3627 ἔφη
1953 3546 2072 3607 δεῖν
2123 3546 2284 3629 περὶ
2337 3545 2581 3609 τούτου
2635 3551 2905 3629 πρῶτον
2949 3545 3147 3619 εἰπεῖν,
3177 3560 3232 3601 1⁰

652 3646 748 3708 καὶ
794 3650 1020 3730 πρῶτον
1069 3648 1170 3729 μὲν
1202 3645 1427 3733 ἔλαβεν,
1471 3649 1595 3711 τίνα
1628 3646 1699 3711 τὰ
1744 3645 2138 3730 ξηραινόμενα,
2185 3646 2272 3711 ὅτι
2301 3648 2410 3733 γὰρ
2444 3648 2619 3731 ὕδωρ,
2673 3649 2768 3710 καὶ
2799 3646 2912 3710 ὅσα
2943 3648 3146 3717 ὕδατος

654 3747 809 3832 εἴδη,
862 3751 960 3812 καὶ
1007 3749 1117 3813 ὅσα
1162 3748 1287 3835 ἔχει
1332 3752 1486 3835 ὕδωρ
1542 3751 1578 3835 ἢ
1625 3750 1918 3832 σύμφυτον
1978 3749 2017 3832 ἢ
2064 3747 2331 3814 ἔπακτον.
2421 3750 2514 3835 ἐφ’
2571 3750 2658 3819 οἷς
2703 3751 2982 3834 ἐζήτησεν
3029 3751 3142 3813 ὑπὸ

657 3852 821 3913 τίνων
868 3852 1207 3935 ξηραίνεται,
1252 3856 1347 3917 καὶ
1390 3854 1606 3938 λαβών,
1654 3851 1739 3915 ὅτι
1786 3852 1971 3914 πάντα
2015 3851 2086 3913 τὰ
2127 3852 2510 3937 Εηραινόμενα
2553 3854 2590 3937 ἢ
2633 3854 3062 3937 θερμαινόμενα
3103 3852 3142 3936 ἢ

550 3972 615 4022 35
654 3952 957 4039 ψυχόμενα
989 3955 1327 4040 ξηραίνεται,
1358 3956 1719 4039 προσέθηκεν
1746 3956 1809 4016 τὸ
1842 3954 1938 4017 καὶ
1965 3952 2086 4038 <τὰ>
2109 3954 2639 4039 θερμαινόμενα
2682 3958 2794 4019 καὶ
2825 3956 2906 4017 τὰ
2935 3954 3148 4041 ψυχό-
3176 3970 3230 4013 15

655 4080 827 4141 μενα
859 4059 1100 4143 θερμῷ
1138 4059 1603 4143 ξηραίνεσθαι
1646 4059 1685 4141 ἢ
1730 4063 1815 4143 τῷ
1851 4057 2010 4126 ἐντὸς
2040 4058 2078 4141 ἢ
2112 4062 2196 4142 τῷ
2229 4059 2411 4136 ἐκτός,
2443 4056 2554 4143 (τῷ
2587 4059 2689 4141 μὲν
2721 4058 2932 4143 ἐκτός,>
2961 4060 3000 4123 ἃ
3033 4060 3145 4123 ὑπὸ

555 4284 578 4335 1
623 4283 711 4351 μὲν
740 4300 781 4335 s.
811 4299 855 4334 v.
878 4287 925 4334 V
1088 4280 1449 4351 ωνομάσθαιν
1623 4282 1654 4333 3
1692 4282 1873 4351 γίνεται
1917 4282 2075 4334 vict:
2115 4278 2335 4351 γίνεσθαι
2370 4281 2487 4335 libri
2649 4282 2680 4335 5
2717 4280 2986 4350 μετῆλθεν]
3029 4282 3251 4346 1125—-

554 4371 740 4435 113,2·2
770 4392 834 4413 =
856 4372 1017 4423 Arist.
1046 4372 1249 4422 Meteor.
1278 4371 1363 4434 lv,
1389 4372 1437 4421 4.
1476 4370 1573 4422 381
1591 4370 1817 4437 ι’23-5,
1845 4370 2061 4422 382b28
2231 4371 2262 4421 6
2297 4368 2444 4422 πάλιν
2467 4371 2628 4422 GFSa
2647 4372 2760 4435 Sp.:
2799 4374 2928 4436 ulls]
2957 4374 3027 4424 V:
3065 4371 3254 4424 lacuna

550 4458 581 4511 5
619 4460 901 4511 litterarum
940 4461 983 4509 B
1148 4458 1212 4509 13
1252 4457 1465 4510 fortasse
1489 4456 1715 4526 λέγεσθαι
1886 4458 1946 4509 14
1985 4456 2135 4527 ὑγροῦ
2175 4458 2335 4509 vict:
2373 4458 2568 4529 ψυχροῦ
2607 4456 2724 4509 libri
2896 4458 2959 4511 18
2996 4456 3250 4529 παθητὸν]

548 4544 830 4615 παθητικὸν
878 4563 909 4597 a
952 4546 1040 4612 Sp.
1204 4543 1263 4595 21
1306 4546 1382 4613 τῷ
1418 4544 1633 4597 ὑπείκειν
1676 4546 1807 4597 vict.
1847 4546 1934 4609 Sp.
1973 4544 2036 4595 cs.
2079 4546 2237 4597 Arist.
2275 4543 2512 4596 3822132
2551 4549 2654 4596 τῶν
2693 4540 2782 4597 ὑπ’
2821 4544 3014 4599 ἐκείνου
3050 4546 3168 4600 libri

552 4634 619 4684 24
656 4634 688 4703 ἡ
726 4648 825 4685 om.
855 4652 884 4684 a
910 4634 997 4697 Sp.
1161 4632 1225 4683 26
1264 4630 1537 4703 διαχύσεως
1566 4636 1610 4682 V
1648 4632 1855 4697 (litteris
1881 4633 2090 4683 madore
2129 4632 2383 4699 evanidis)
2423 4632 2556 4684 vict.
2579 4634 2693 4700 Sp.:
2751 4648 2849 4685 om.
2875 4634 3051 4687 relicto
3079 4634 3250 4702 spatio

548 4720 580 4772 9
616 4720 901 4773 litterarum
940 4725 1007 4773 B:
1046 4717 1317 4776 διαλύσεως
1354 4723 1515 4773 GFSa
1688 4720 1773 4771 30.
1804 4718 1866 4770 31
1909 4718 2181 4790 πήγνεσθαι
2221 4725 2266 4772 V
2443 4720 2510 4773 35
2547 4722 2610 4773 τὰ
2647 4721 2762 4773 add.
2801 4724 2888 4787 Sp.
3068 4722 3136 4775 36
3171 4728 3250 4775 τῶ

548 4808 692 4860 ἑντοσ
718 4813 763 4859 V
940 4808 973 4875 ἢ
1010 4808 1087 4876 τῷ
1122 4806 1281 4870 ἐκτός,
1318 4808 1415 4877 (τῷ
1452 4807 1539 4875 μὲν
1576 4806 1758 4873 ἐκτός),
1796 4807 1829 4858 ἃ
1865 4808 1980 4874 Sp.=
2019 4814 2122 4859 τῶν
2159 4808 2364 4860 ἑνεκτοσ
2401 4808 2433 4859 ἃ
2459 4812 2524 4861 V:
2561 4814 2666 4861 τῶν
2703 4808 2754 4860 ἐν
2791 4808 2933 4869 ἐκτὸς
2969 4808 3002 4861 ἃ
3035 4811 3248 4865 FS¹G⁸=

548 4901 653 4948 τῶν
691 4894 891 4953 ἐνεκτὸς
927 4896 959 4947 ἃ
992 4898 1063 4947 B:
1102 4894 1179 4965 <ἢ>
1216 4894 1322 4965 τῷδ
1359 4894 1506 4953 ἐκτὸς
1542 4894 1573 4947 ἃ
1612 4896 1744 4947 vict„
