3684 5567
1198 1543 1523 1611 sslssAlON
1584 1544 2026 1611 ΔΕΥΤΕΡΟΝ.
2123 1545 2590 1633 mmmm,
3157 1556 3226 1611 84

662 1860 716 1899 α.
795 1833 917 1901 Ὅτι
964 1837 1164 1900 ἕπεται
1209 1842 1328 1905 τοῖς
1370 1838 1467 1900 καὶ
1512 1838 1577 1899 τὸ
1626 1837 1874 1919 μέγεθος
1919 1840 2011 1901 καὶ
2060 1840 2155 1901 τὸν
2189 1836 2398 1922 χρόνον
2445 1836 2504 1905 ἐΕ
2551 1838 2892 1921 ἀδιαιρέτων
2939 1858 3122 1901 σοντι·
3149 1854 3205 1896 2⁰

908 1940 1061 2003 θεῖσι
1120 1942 1183 2003 τὸ
1240 1941 1427 2002 πάντα
1483 1940 1553 2003 τὰ
1606 1940 1911 2021 κινούμενα
1967 1942 2116 2004 κατὰ
2169 1944 2270 2003 τοῦ
2317 1940 2571 2024 ἀμεροῦς
2625 1942 2917 2025 ἰσοταχῶς
2962 1946 3124 2004 κινεῖ-

908 2045 1064 2105 abab

539 2164 568 2211 5
659 2144 712 2227 β.
796 2142 1095 2228 Ἐξήγησις
1139 2146 1349 2215 λέξεως
1401 2146 1461 2208 ἐν
1506 2150 1591 2231 τῷ
1652 2149 1690 2209 οἱ
1740 2147 1872 2230 περὶ
1923 2151 2118 2231 ψυχῆς
2167 2147 2172 2227 1
2224 2146 2423 2215 τέλους
2475 2146 2787 2230 εἰρημένης
2841 2147 2922 2215 εἰς
2967 2148 3120 2209 ἀναί-
3193 2154 3230 2209 4

908 2268 1062 2331 ρεσιν
1110 2252 1209 2311 τοῦ
1256 2249 1358 2332 τὴν
1404 2250 1604 2333 ψυχὴν
1650 2247 2023 2332 αὐτοκίνητον
2069 2247 2231 2311 εἶναι.

666 2373 717 2431 γ.
811 2348 912 2418 Τίς
955 2352 993 2433 ἡ
1041 2352 1157 2413 ἀπὸ
1204 2356 1308 2434 τῆς
1353 2352 1635 2433 κινήσεως
1690 2354 1792 2414 τοῦ
1838 2351 2002 2413 θείου
2049 2354 2320 2431 σώματος
2373 2350 2708 2435 ἐγγινομένη
2754 2350 2990 2433 δύναμις
3034 2355 3121 2436 τῷ

901 2459 1213 2535 γειτνιῶντι
1260 2453 1421 2537 αὐτῷ
1472 2455 1669 2537 θνητῷ
1713 2476 1779 2516 τε
1823 2455 1920 2516 καὶ
1967 2454 2025 2516 ἐν
2072 2452 2292 2535 γενέσει
2339 2457 2585 2534 σώματι.
3177 2470 3204 2511 ὅ

666 2556 717 2617 δ.
795 2552 919 2619 Ὅτι
964 2556 1015 2617 εἰ
1060 2560 1161 2618 τοῦ
1206 2553 1300 2639 ἐφ’
1356 2557 1494 2637 ἡμῖν
1547 2558 1612 2617 τὸ
1670 2556 2058 2639 ἀντικείμενον
2113 2557 2195 2637 μὴ
2250 2554 2344 2639 ἐφ’
2401 2558 2571 2639 ἡμῖν,
2633 2556 2770 2619 οὐδὲ
2816 2555 2936 2638 [τὸ]
2981 2556 3124 2619 αὐτὸ

509 2676 569 2723 10
908 2655 999 2742 ἐφ’
1055 2661 1214 2741 ἡμῖν,
1262 2657 1400 2720 οὐδὲ
1444 2658 1510 2719 τὸ
1556 2656 1649 2742 ἐφ’
1692 2659 1830 2741 ἡμῖν
1877 2654 1968 2741 ἐφ’
2025 2660 2165 2741 ἡμῖν
2211 2657 2355 2721 ἐστι.

664 2782 712 2821 ε.
804 2758 949 2844 Περὶ
994 2764 1094 2822 τοῦ
1141 2758 1229 2822 ὅτι
1274 2762 1369 2823 καὶ
1416 2762 1480 2822 τὸ
1526 2759 1622 2843 ἐφ’
1677 2762 1817 2843 ἡμῖν
1865 2758 2003 2823 καθ’
2059 2760 2431 2845 εἱμαρμένην.

660 2884 713 2931 ς.
808 2860 947 2929 Πῶς
992 2863 1083 2923 καὶ
1118 2862 1385 2944 ἀκίνητον
1432 2862 1525 2945 εἴη
1572 2860 1641 2925 ἄν
1688 2864 1753 2925 τὸ
1802 2866 2035 2946 πρῶτον
2079 2867 2290 2934 κινοῦν,
2337 2862 2399 2925 εἴ
2421 2886 2488 2943 γε
2534 2864 2614 2932 ὥς
2659 2884 2831 2947 φησιν
2879 2862 3120 2926 ἕκαστόν
3151 2880 3206 2921 ιο

907 2966 1056 3027 ἐστιν
1104 2964 1186 3025 ὧν
1228 2965 1381 3027 ἐστιν
1426 2962 1591 3048 ἔργον
1639 2966 1808 3027 ἕνεκα
1857 2968 1957 3027 τοῦ
1991 2962 2182 3047 ἔργου,
2229 2966 2370 3027 θεοῦ
2417 2964 2468 3028 δ’
2511 2964 2766 3049 ἐνέργεια
2811 2966 3120 3040 ἀθανασία,

904 3070 1073 3129 τοῦτο
1120 3064 1171 3129 δ’
1228 3062 1379 3139 ἔστι,
1442 3069 1565 3149 ζωὴ
1616 3068 1827 3141 ἀίδιος,
1885 3063 2024 3130 ὥστ’
2080 3068 2301 3148 ἀνάγκη
2358 3071 2444 3150 τῷ
2501 3068 2627 3153 θεῷ
2676 3067 2895 3151 κίνησιν
2943 3068 3122 3131 ἀίδιον

506 3186 566 3233 15
908 3169 1207 3253 ὑπάρχειν.
3149 3184 3203 3227 15

670 3274 718 3341 ζ.
809 3268 908 3339 Τίς
954 3268 1115 3333 ἔσται
1162 3272 1199 3353 ἡ
1250 3272 1388 3353 ὕλη,
1444 3271 1495 3333 εἰ
1540 3270 1695 3354 παρὰ
1751 3272 1855 3351 μὲν
1905 3276 2010 3353 τῆς
2055 3270 2386 3355 στερήσεως
2440 3269 2567 3355 ἔχει
2620 3272 2683 3333 τὸ
2729 3270 2930 3338 ἄποιος
2975 3269 3123 3333 εἶναι

903 3374 1000 3435 καὶ
1046 3374 1512 3458 ἀσχημάτιστος,
1568 3373 1725 3457 παρὰ
1770 3373 1837 3435 δὲ
1881 3377 1982 3435 τοῦ
2029 3372 2223 3441 εἴδους
2275 3375 2338 3435 τὸ
2385 3374 2754 3436 πεποιῶσθαι
2800 3374 2895 3435 καὶ
2942 3374 3119 3457 ἐσχη-

908 3475 1202 3557 ματίσθαι.

655 3598 713 3658 η.
810 3576 946 3647 Πῶς
990 3576 1097 3641 οὐκ
1142 3578 1285 3641 αὐτὸ
1332 3576 1404 3640 δι’
1456 3580 1633 3641 αὑτοῦ
1680 3578 1933 3660 ὡρίσατο
1978 3577 2082 3659 τὴν
2130 3578 2324 3661 ψυχὴν
2371 3578 2714 3661 ὁρισάμενος
2759 3577 3119 3663 ἐντελέχειαν
3147 3596 3204 3637 2⁰

506 3698 575 3743 20
914 3682 1187 3762 σώματος
1228 3684 1475 3764 φυσικοῦ
1521 3682 1827 3763 ὀργανικοῦ
1873 3680 2113 3762 δυνάμει
2159 3681 2314 3761 ζωὴν
2361 3676 2618 3763 ἔχοντος.

655 3783 711 3845 ὓ.
804 3782 941 3851 Πῶς
986 3782 1052 3844 οὐ
1100 3781 1243 3866 πρός
1288 3807 1339 3845 τι
1383 3784 1421 3866 ἡ
1469 3785 1654 3866 ψυχή,
1702 3782 1753 3843 εἰ
1798 3780 2129 3865 ἐντελέχεια
2175 3783 2446 3862 σώματος
2490 3780 2767 3845 τοιούτου.

678 3908 713 3946 ι.
791 3882 914 3949 Ὅτι
962 3885 1043 3967 μὴ
1088 3884 1461 3969 αὐτοκίνητος
1506 3888 1543 3967 ἡ
1590 3885 1779 3969 ψυχή.
3146 3902 3201 3945 25

636 4008 714 4047 ια.
806 3986 915 4048 Διά
958 3988 1014 4047 τί
1066 3988 1131 4049 τὸ
1176 3986 1470 4068 γινόμενον
1528 3986 1594 4049 ἐκ
1649 3992 1753 4067 τῆς
1810 3988 2143 4070 στερήσεως
2198 3990 2278 4054 ὡς
2333 3986 2692 4069 μεταβάλλον
2745 3987 2869 4068 ἅμα
2915 3988 3007 4049 καὶ
3053 3989 3122 4051 ἐκ

902 4094 1004 4150 τοῦ
1061 4090 1314 4151 ἐναντίου
1370 4088 1532 4172 αὐτῷ
1586 4099 1591 4170 Ι
1643 4089 2022 4172 μεταβάλλει,
2077 4086 2196 4170 εἴγε
2255 4088 2336 4171 μὴ
2383 4086 2591 4150 ταύτὸν
2648 4090 2686 4171 ἧ
2732 4112 2794 4151 τε
2851 4088 3116 4174 στέρησις
3191 4102 3224 4157 5

504 4210 567 4258 ‘25
906 4192 1001 4253 καὶ
1046 4191 1110 4253 τὸ
1157 4191 1426 4253 ἐναντίον.

565 4374 1034 4381 -----
1071 4374 1301 4379 —

500 4500 530 4550 2
570 4510 689 4552 ante
728 4498 784 4551 τὸ
824 4499 921 4551 litt.
962 4514 1107 4549 erasa
1148 4501 1191 4547 V
1408 4498 1439 4549 5
1484 4500 1653 4568 ψυχῆς
1684 4494 2051 4567 Ἀριστοτέλους
2089 4498 2166 4549 tit.
2206 4499 2294 4562 Sp.
2511 4497 2542 4549 9
2581 4496 2693 4565 τοῦ]
2733 4502 2882 4549 τοῦτο
2921 4500 2999 4551 tit.
3039 4500 3128 4567 Sp.

504 4604 577 4654 pr.
614 4585 696 4655 τὸ]
746 4586 804 4638 οὗ
850 4586 906 4639 τὸ
944 4587 1049 4637 tit.:
1106 4582 1162 4636 ὃν
1200 4582 1257 4635 τὸ
1296 4584 1431 4636 vict.
1612 4584 1643 4636 9
1682 4585 1771 4636 alt.
1808 4584 1867 4636 τὸ
1905 4602 2005 4636 om.
2043 4586 2147 4636 tit.:
2190 4584 2287 4636 del.
2327 4582 2415 4651 Sp.
2593 4582 2706 4635 οὐδὲ
2745 4584 2802 4635 τὸ
2843 4582 2926 4655 ἐφ’
2965 4586 3086 4655 ἡμῖν
3124 4586 3225 4639 del.

504 4674 639 4727 vict.
841 4672 902 4724 12
940 4672 1025 4723 καὶ
1061 4686 1161 4723 om.
1198 4673 1277 4722 tit.
1492 4670 1551 4722 ἄν
1589 4674 1721 4723 κατὰ
1752 4668 2062 4741 Ἀριστοτέλη
2103 4672 2182 4723 tit.
2397 4671 2548 4727 αὒτὸς
2593 4686 2743 4739 φησιν
2787 4672 2893 4723 tit.:
2951 4689 3099 4741 φησιν
3137 4673 3226 4726 αὒ-

498 4758 583 4817 τὸς
622 4761 756 4811 vict.
798 4762 883 4826 Sp.
1070 4758 1129 4809 16
1168 4756 1217 4808 τί
1252 4758 1353 4809 ἐστι
1390 4758 1469 4809 tit.
1650 4758 1713 4825 εἰ]
1754 4758 1783 4827 ἢ
1826 4761 1906 4810 tit.
2109 4760 2170 4809 15»
2209 4758 2236 4810 ὁ
2274 4759 2365 4830 τὴν
2404 4761 2485 4811 tit.
2670 4758 2738 4811 ‘20
2773 4756 3042 4829 ὀργάνικοῦ
3081 4764 3128 4811 V

503 4846 567 4900 2³3
628 4846 695 4904 ὡς
736 4864 835 4899 om.
874 4849 953 4900 tir.
1169 4847 1253 4897 καὶ
1291 4860 1389 4895 om.
1429 4847 1507 4897 tit.
1726 4848 1789 4899 24
1828 4846 1984 4899 αὐτοῦ
2024 4846 2107 4899 tit.
