<?xml version="1.0" encoding="UTF-8"?>
<!DOCTYPE html PUBLIC "-//W3C//DTD XHTML 1.0 Transitional//EN"
    "http://www.w3.org/TR/xhtml1/DTD/xhtml1-transitional.dtd">
<html xmlns="http://www.w3.org/1999/xhtml" xml:lang="en" lang="en">
 <head>
  <title>
</title>
<meta http-equiv="Content-Type" content="text/html;charset=utf-8" />
  <meta name='ocr-system' content='tesseract 3.04.00' />
  <meta name='ocr-capabilities' content='ocr_page ocr_carea ocr_par ocr_line ocrx_word'/>
</head>
<body>
  <div class='ocr_page' id='page_1' title='image "./supplementumari00wissgoog_0130.png"; bbox 0 0 3684 5567; ppageno 0'>
   <div class='ocr_carea' id='block_1_1' title="bbox 512 266 2262 333">
    <p class='ocr_par' dir='ltr' id='par_1_1' title="bbox 512 266 2262 333">
     <span class='ocr_line' id='line_1_1' title="bbox 512 266 2262 333; baseline 0.01 -25"><span class='ocrx_word' id='word_1_1' title='bbox 512 268 595 333; x_wconf 75' lang='lat'>62</span> <span class='ocrx_word' id='word_1_2' title='bbox 1486 266 1791 324; x_wconf 69' lang='lat' dir='ltr'>AnoPmN</span> <span class='ocrx_word' id='word_1_3' title='bbox 1838 266 1957 322; x_wconf 75' lang='grc' dir='ltr'>κΑι</span> <span class='ocrx_word' id='word_1_4' title='bbox 2001 268 2262 326; x_wconf 60' lang='lat' dir='ltr'>Arm-xm</span> 
     </span>
    </p>
   </div>
   <div class='ocr_carea' id='block_1_2' title="bbox 518 440 3231 1850">
    <p class='ocr_par' dir='ltr' id='par_1_2' title="bbox 618 440 3231 839">
     <span class='ocr_line' id='line_1_2' title="bbox 618 440 3124 528; baseline -0 -24"><span class='ocrx_word' id='word_1_5' title='bbox 618 442 819 528; x_wconf 84' lang='grc' dir='ltr'>ἐκείνῳ</span> <span class='ocrx_word' id='word_1_6' title='bbox 866 447 931 507; x_wconf 77' lang='grc' dir='ltr'>τὸ</span> <span class='ocrx_word' id='word_1_7' title='bbox 986 442 1222 508; x_wconf 85' lang='grc' dir='ltr'>ἔλαττον</span> <span class='ocrx_word' id='word_1_8' title='bbox 1270 444 1485 527; x_wconf 74' lang='grc' dir='ltr'>θερμὸν</span> <span class='ocrx_word' id='word_1_9' title='bbox 1544 444 1687 528; x_wconf 80' lang='grc' dir='ltr'>μίξει</span> <span class='ocrx_word' id='word_1_10' title='bbox 1740 449 1841 507; x_wconf 90' lang='grc' dir='ltr'>τοῦ</span> <span class='ocrx_word' id='word_1_11' title='bbox 1899 444 2170 507; x_wconf 76' lang='grc' dir='ltr'><strong>ἐναντίου.</strong></span> <span class='ocrx_word' id='word_1_12' title='bbox 2261 444 2299 525; x_wconf 76' lang='grc' dir='ltr'><strong>ἢ</strong></span> <span class='ocrx_word' id='word_1_13' title='bbox 2352 448 2487 525; x_wconf 88' lang='grc' dir='ltr'>γοῦν</span> <span class='ocrx_word' id='word_1_14' title='bbox 2543 442 2688 526; x_wconf 76' lang='grc' dir='ltr'>φλὸξ</span> <span class='ocrx_word' id='word_1_15' title='bbox 2741 440 2974 505; x_wconf 73' lang='grc' dir='ltr'>ἔλαττον</span> <span class='ocrx_word' id='word_1_16' title='bbox 3021 443 3124 525; x_wconf 88' lang='grc' dir='ltr'>μὲν</span> 
     </span>
     <span class='ocr_line' id='line_1_3' title="bbox 623 542 3210 632; baseline 0 -26"><span class='ocrx_word' id='word_1_17' title='bbox 623 548 840 631; x_wconf 73' lang='grc' dir='ltr'>θερμὸν</span> <span class='ocrx_word' id='word_1_18' title='bbox 887 553 987 611; x_wconf 90' lang='grc' dir='ltr'>τοῦ</span> <span class='ocrx_word' id='word_1_19' title='bbox 1020 548 1443 631; x_wconf 80' lang='grc' dir='ltr'>πεπυρωμένου</span> <span class='ocrx_word' id='word_1_20' title='bbox 1490 549 1752 632; x_wconf 78' lang='grc' dir='ltr'>σιδήρου,</span> <span class='ocrx_word' id='word_1_21' title='bbox 1800 547 1923 611; x_wconf 79' lang='grc' dir='ltr'>ἀλλ’</span> <span class='ocrx_word' id='word_1_22' title='bbox 1965 548 2031 611; x_wconf 84' lang='grc' dir='ltr'>οὐ</span> <span class='ocrx_word' id='word_1_23' title='bbox 2078 546 2441 632; x_wconf 79' lang='grc' dir='ltr'>ψυχρότητος</span> <span class='ocrx_word' id='word_1_24' title='bbox 2472 546 2636 627; x_wconf 76' lang='grc' dir='ltr'>μίξει,</span> <span class='ocrx_word' id='word_1_25' title='bbox 2683 544 2802 609; x_wconf 84' lang='grc' dir='ltr'>ἀλλ’</span> <span class='ocrx_word' id='word_1_26' title='bbox 2845 544 3066 629; x_wconf 77' lang='grc' dir='ltr'>ἔστινὴ</span> <span class='ocrx_word' id='word_1_27' title='bbox 3115 542 3210 631; x_wconf 65' lang='grc'>196</span> 
     </span>
     <span class='ocr_line' id='line_1_4' title="bbox 619 647 3231 737; baseline 0 -27"><span class='ocrx_word' id='word_1_28' title='bbox 619 647 875 720; x_wconf 81' lang='grc' dir='ltr'>ἐπίτασις</span> <span class='ocrx_word' id='word_1_29' title='bbox 920 653 979 714; x_wconf 89' lang='grc' dir='ltr'>ἐν</span> <span class='ocrx_word' id='word_1_30' title='bbox 1027 657 1110 737; x_wconf 80' lang='grc' dir='ltr'>τῷ</span> <span class='ocrx_word' id='word_1_31' title='bbox 1155 654 1377 736; x_wconf 83' lang='grc' dir='ltr'>σιδήρῳ</span> <span class='ocrx_word' id='word_1_32' title='bbox 1424 652 1581 737; x_wconf 80' lang='grc' dir='ltr'>παρὰ</span> <span class='ocrx_word' id='word_1_33' title='bbox 1626 653 1730 734; x_wconf 82' lang='grc' dir='ltr'>τὴν</span> <span class='ocrx_word' id='word_1_34' title='bbox 1774 658 1880 735; x_wconf 76' lang='grc' dir='ltr'>τῆς</span> <span class='ocrx_word' id='word_1_35' title='bbox 1920 653 2060 736; x_wconf 84' lang='grc' dir='ltr'>ῦλης</span> <span class='ocrx_word' id='word_1_36' title='bbox 2104 649 2457 735; x_wconf 84' lang='grc' dir='ltr'>στερεότητά</span> <span class='ocrx_word' id='word_1_37' title='bbox 2499 674 2561 713; x_wconf 87' lang='grc' dir='ltr'>τε</span> <span class='ocrx_word' id='word_1_38' title='bbox 2607 651 2703 713; x_wconf 84' lang='grc' dir='ltr'>καὶ</span> <span class='ocrx_word' id='word_1_39' title='bbox 2749 649 3099 711; x_wconf 78' lang='grc' dir='ltr'>ἀντιτυπίαν.</span> <span class='ocrx_word' id='word_1_40' title='bbox 3147 654 3231 711; x_wconf 82' lang='lat'>115</span> 
     </span>
     <span class='ocr_line' id='line_1_5' title="bbox 620 754 3126 839; baseline 0 -26"><span class='ocrx_word' id='word_1_41' title='bbox 620 756 707 837; x_wconf 72' lang='grc' dir='ltr'>τῷ</span> <span class='ocrx_word' id='word_1_42' title='bbox 751 755 859 838; x_wconf 82' lang='grc' dir='ltr'>γὰρ</span> <span class='ocrx_word' id='word_1_43' title='bbox 906 755 1240 839; x_wconf 84' lang='grc' dir='ltr'>ἀντιβατικὴ</span> <span class='ocrx_word' id='word_1_44' title='bbox 1300 754 1445 818; x_wconf 80' lang='grc' dir='ltr'>εἶναι</span> <span class='ocrx_word' id='word_1_45' title='bbox 1499 756 1595 817; x_wconf 85' lang='grc' dir='ltr'>καὶ</span> <span class='ocrx_word' id='word_1_46' title='bbox 1650 756 1730 838; x_wconf 84' lang='grc' dir='ltr'>μὴ</span> <span class='ocrx_word' id='word_1_47' title='bbox 1786 757 1949 839; x_wconf 84' lang='grc' dir='ltr'>εἰκτὴ</span> <span class='ocrx_word' id='word_1_48' title='bbox 2006 756 2102 817; x_wconf 87' lang='grc' dir='ltr'>καὶ</span> <span class='ocrx_word' id='word_1_49' title='bbox 2155 756 2218 817; x_wconf 84' lang='grc' dir='ltr'>τὸ</span> <span class='ocrx_word' id='word_1_50' title='bbox 2276 754 2362 817; x_wconf 86' lang='grc' dir='ltr'>ἐν·</span> <span class='ocrx_word' id='word_1_51' title='bbox 2391 754 2542 837; x_wconf 77' lang='grc' dir='ltr'>αὐτῇ</span> <span class='ocrx_word' id='word_1_52' title='bbox 2599 754 2815 837; x_wconf 79' lang='grc' dir='ltr'>θερμὸν</span> <span class='ocrx_word' id='word_1_53' title='bbox 2873 757 3126 816; x_wconf 91' lang='grc' dir='ltr'>τοιοῦτον</span> 
     </span>
    </p>

    <p class='ocr_par' dir='ltr' id='par_1_3' title="bbox 548 856 3208 1357">
     <span class='ocr_line' id='line_1_6' title="bbox 548 856 3204 943; baseline -0.001 -27"><span class='ocrx_word' id='word_1_54' title='bbox 548 876 577 923; x_wconf 80' lang='lat'>5</span> <span class='ocrx_word' id='word_1_55' title='bbox 616 880 951 942; x_wconf 84' lang='grc' dir='ltr'>παρεχεται.</span> <span class='ocrx_word' id='word_1_56' title='bbox 1020 860 1117 922; x_wconf 88' lang='grc' dir='ltr'>καὶ</span> <span class='ocrx_word' id='word_1_57' title='bbox 1162 861 1228 922; x_wconf 79' lang='grc' dir='ltr'>τὸ</span> <span class='ocrx_word' id='word_1_58' title='bbox 1278 864 1357 928; x_wconf 84' lang='grc' dir='ltr'>ὡς</span> <span class='ocrx_word' id='word_1_59' title='bbox 1402 863 1689 943; x_wconf 87' lang='grc' dir='ltr'>στοιχεῖον</span> <span class='ocrx_word' id='word_1_60' title='bbox 1736 860 1808 942; x_wconf 84' lang='grc' dir='ltr'>δὴ</span> <span class='ocrx_word' id='word_1_61' title='bbox 1858 863 1991 943; x_wconf 88' lang='grc' dir='ltr'>πῦρ,</span> <span class='ocrx_word' id='word_1_62' title='bbox 2037 858 2143 941; x_wconf 87' lang='grc' dir='ltr'>τὴν</span> <span class='ocrx_word' id='word_1_63' title='bbox 2174 858 2341 942; x_wconf 83' lang='grc' dir='ltr'>φύσιν</span> <span class='ocrx_word' id='word_1_64' title='bbox 2389 857 2452 921; x_wconf 85' lang='grc' dir='ltr'>ὃν</span> <span class='ocrx_word' id='word_1_65' title='bbox 2500 856 2678 941; x_wconf 86' lang='grc' dir='ltr'>μανόν</span> <span class='ocrx_word' id='word_1_66' title='bbox 2723 880 2786 919; x_wconf 90' lang='grc' dir='ltr'>τε</span> <span class='ocrx_word' id='word_1_67' title='bbox 2826 858 2921 919; x_wconf 87' lang='grc' dir='ltr'>καὶ</span> <span class='ocrx_word' id='word_1_68' title='bbox 2955 856 3122 940; x_wconf 75' lang='grc' dir='ltr'>ξηρὸν</span> <span class='ocrx_word' id='word_1_69' title='bbox 3175 871 3204 913; x_wconf 72' lang='lat'><strong>5</strong></span> 
     </span>
     <span class='ocr_line' id='line_1_7' title="bbox 616 958 3125 1047; baseline -0.001 -23.997"><span class='ocrx_word' id='word_1_70' title='bbox 616 961 713 1023; x_wconf 89' lang='grc' dir='ltr'>καὶ</span> <span class='ocrx_word' id='word_1_71' title='bbox 760 960 999 1046; x_wconf 80' lang='grc' dir='ltr'>ἄμικτον</span> <span class='ocrx_word' id='word_1_72' title='bbox 1048 963 1187 1046; x_wconf 82' lang='grc' dir='ltr'>ὕλης</span> <span class='ocrx_word' id='word_1_73' title='bbox 1233 966 1509 1047; x_wconf 81' lang='grc' dir='ltr'>χορηγίαν</span> <span class='ocrx_word' id='word_1_74' title='bbox 1553 961 1835 1046; x_wconf 81' lang='grc' dir='ltr'>παρέχειν</span> <span class='ocrx_word' id='word_1_75' title='bbox 1881 961 2200 1045; x_wconf 82' lang='grc' dir='ltr'>δυναμένης</span> <span class='ocrx_word' id='word_1_76' title='bbox 2231 961 2475 1044; x_wconf 89' lang='grc' dir='ltr'>τοιούτῳ</span> <span class='ocrx_word' id='word_1_77' title='bbox 2509 960 2662 1043; x_wconf 87' lang='grc' dir='ltr'>πυρί,</span> <span class='ocrx_word' id='word_1_78' title='bbox 2709 960 2863 1023; x_wconf 76' lang='grc' dir='ltr'>οὕτω</span> <span class='ocrx_word' id='word_1_79' title='bbox 2912 958 3125 1043; x_wconf 75' lang='grc' dir='ltr'>θερμόν</span> 
     </span>
     <span class='ocr_line' id='line_1_8' title="bbox 619 1062 3127 1148; baseline 0 -23"><span class='ocrx_word' id='word_1_80' title='bbox 619 1064 789 1127; x_wconf 89' lang='grc' dir='ltr'>ἐστιν.</span> <span class='ocrx_word' id='word_1_81' title='bbox 882 1066 1087 1146; x_wconf 84' lang='grc' dir='ltr'>ἀμέλει</span> <span class='ocrx_word' id='word_1_82' title='bbox 1132 1070 1313 1128; x_wconf 90' lang='grc' dir='ltr'>ταῦτα</span> <span class='ocrx_word' id='word_1_83' title='bbox 1358 1066 1536 1128; x_wconf 80' lang='grc' dir='ltr'>αὐτοῦ</span> <span class='ocrx_word' id='word_1_84' title='bbox 1585 1066 1908 1143; x_wconf 75' lang='grc' dir='ltr'>ἐξάπτεται,</span> <span class='ocrx_word' id='word_1_85' title='bbox 1960 1066 2068 1129; x_wconf 89' lang='grc' dir='ltr'>οσα</span> <span class='ocrx_word' id='word_1_86' title='bbox 2114 1066 2172 1127; x_wconf 92' lang='grc' dir='ltr'>ἐν</span> <span class='ocrx_word' id='word_1_87' title='bbox 2219 1064 2380 1148; x_wconf 79' lang='grc' dir='ltr'>αυτῷ</span> <span class='ocrx_word' id='word_1_88' title='bbox 2417 1064 2646 1147; x_wconf 89' lang='grc' dir='ltr'>πίλησίν</span> <span class='ocrx_word' id='word_1_89' title='bbox 2693 1087 2814 1126; x_wconf 88' lang='grc' dir='ltr'>τινα</span> <span class='ocrx_word' id='word_1_90' title='bbox 2860 1062 2987 1147; x_wconf 79' lang='grc' dir='ltr'>ἔχει</span> <span class='ocrx_word' id='word_1_91' title='bbox 3031 1064 3127 1126; x_wconf 85' lang='grc' dir='ltr'>καὶ</span> 
     </span>
     <span class='ocr_line' id='line_1_9' title="bbox 618 1165 3128 1255; baseline 0 -26"><span class='ocrx_word' id='word_1_92' title='bbox 618 1168 946 1252; x_wconf 80' lang='grc' dir='ltr'>πυκνότητα</span> <span class='ocrx_word' id='word_1_93' title='bbox 990 1170 1087 1233; x_wconf 90' lang='grc' dir='ltr'>καὶ</span> <span class='ocrx_word' id='word_1_94' title='bbox 1131 1174 1217 1255; x_wconf 78' lang='grc' dir='ltr'>τῷ</span> <span class='ocrx_word' id='word_1_95' title='bbox 1262 1170 1509 1254; x_wconf 80' lang='grc' dir='ltr'>τοιούτῳ</span> <span class='ocrx_word' id='word_1_96' title='bbox 1570 1170 1701 1254; x_wconf 90' lang='grc' dir='ltr'>πυρὶ</span> <span class='ocrx_word' id='word_1_97' title='bbox 1746 1171 1987 1253; x_wconf 78' lang='grc' dir='ltr'>τροφήν.</span> <span class='ocrx_word' id='word_1_98' title='bbox 2079 1170 2166 1232; x_wconf 86' lang='grc' dir='ltr'>διὸ</span> <span class='ocrx_word' id='word_1_99' title='bbox 2213 1169 2310 1231; x_wconf 86' lang='grc' dir='ltr'>καὶ</span> <span class='ocrx_word' id='word_1_100' title='bbox 2354 1168 2742 1250; x_wconf 78' lang='grc' dir='ltr'>εὐλογώτερον</span> <span class='ocrx_word' id='word_1_101' title='bbox 2799 1166 2866 1229; x_wconf 81' lang='grc' dir='ltr'>ἄν</span> <span class='ocrx_word' id='word_1_102' title='bbox 2911 1190 2995 1235; x_wconf 90' lang='grc' dir='ltr'>τις</span> <span class='ocrx_word' id='word_1_103' title='bbox 3039 1165 3128 1229; x_wconf 84' lang='grc' dir='ltr'>λε’·</span> 
     </span>
     <span class='ocr_line' id='line_1_10' title="bbox 615 1270 3208 1357; baseline -0.002 -25"><span class='ocrx_word' id='word_1_104' title='bbox 615 1293 705 1351; x_wconf 84' lang='grc' dir='ltr'>γοι</span> <span class='ocrx_word' id='word_1_105' title='bbox 752 1272 815 1333; x_wconf 81' lang='grc' dir='ltr'>τὸ</span> <span class='ocrx_word' id='word_1_106' title='bbox 861 1276 1085 1335; x_wconf 86' lang='grc' dir='ltr'>τοιοῦτο</span> <span class='ocrx_word' id='word_1_107' title='bbox 1138 1276 1251 1356; x_wconf 74' lang='grc' dir='ltr'>πῦρ</span> <span class='ocrx_word' id='word_1_108' title='bbox 1312 1272 1602 1357; x_wconf 78' lang='grc' dir='ltr'>μεμῖχθαι</span> <span class='ocrx_word' id='word_1_109' title='bbox 1657 1278 1739 1356; x_wconf 82' lang='grc' dir='ltr'>τῷ</span> <span class='ocrx_word' id='word_1_110' title='bbox 1800 1272 2058 1355; x_wconf 81' lang='grc' dir='ltr'>ἐναντίῳ.</span> <span class='ocrx_word' id='word_1_111' title='bbox 2149 1277 2369 1355; x_wconf 77' lang='grc' dir='ltr'>τροφῆς</span> <span class='ocrx_word' id='word_1_112' title='bbox 2420 1270 2528 1354; x_wconf 82' lang='grc' dir='ltr'>γὰρ</span> <span class='ocrx_word' id='word_1_113' title='bbox 2573 1274 2745 1335; x_wconf 86' lang='grc' dir='ltr'>τοῦτο</span> <span class='ocrx_word' id='word_1_114' title='bbox 2801 1272 2980 1333; x_wconf 85' lang='grc' dir='ltr'>δεῖται</span> <span class='ocrx_word' id='word_1_115' title='bbox 3027 1270 3122 1331; x_wconf 88' lang='grc' dir='ltr'>καὶ</span> <span class='ocrx_word' id='word_1_116' title='bbox 3153 1284 3208 1326; x_wconf 80' lang='grc' dir='ltr'>ιο</span> 
     </span>
    </p>

    <p class='ocr_par' dir='ltr' id='par_1_4' title="bbox 518 1371 3208 1850">
     <span class='ocr_line' id='line_1_11' title="bbox 518 1371 3124 1460; baseline -0.002 -19"><span class='ocrx_word' id='word_1_117' title='bbox 518 1394 577 1441; x_wconf 91' lang='lat'>10</span> <span class='ocrx_word' id='word_1_118' title='bbox 616 1377 885 1447; x_wconf 73' lang='grc' dir='ltr'>σώζεται,</span> <span class='ocrx_word' id='word_1_119' title='bbox 932 1374 1046 1443; x_wconf 80' lang='grc' dir='ltr'>ἕως</span> <span class='ocrx_word' id='word_1_120' title='bbox 1076 1376 1285 1459; x_wconf 85' lang='grc' dir='ltr'>ταύτην</span> <span class='ocrx_word' id='word_1_121' title='bbox 1328 1374 1469 1460; x_wconf 85' lang='grc' dir='ltr'>ἔχῃ,</span> <span class='ocrx_word' id='word_1_122' title='bbox 1515 1376 1700 1458; x_wconf 86' lang='grc' dir='ltr'>τροφὴ</span> <span class='ocrx_word' id='word_1_123' title='bbox 1746 1377 1811 1437; x_wconf 86' lang='grc' dir='ltr'>δὲ</span> <span class='ocrx_word' id='word_1_124' title='bbox 1855 1377 1920 1437; x_wconf 80' lang='grc' dir='ltr'>τὸ</span> <span class='ocrx_word' id='word_1_125' title='bbox 1962 1375 2212 1437; x_wconf 87' lang='grc' dir='ltr'>ἐναντίον</span> <span class='ocrx_word' id='word_1_126' title='bbox 2259 1380 2345 1460; x_wconf 80' lang='grc' dir='ltr'>τῷ</span> <span class='ocrx_word' id='word_1_127' title='bbox 2395 1374 2654 1458; x_wconf 81' lang='grc' dir='ltr'>ἐναντίῳ.</span> <span class='ocrx_word' id='word_1_128' title='bbox 2722 1371 2807 1435; x_wconf 86' lang='grc' dir='ltr'>ἔτι</span> <span class='ocrx_word' id='word_1_129' title='bbox 2851 1371 2950 1435; x_wconf 80' lang='grc' dir='ltr'>οὖν</span> <span class='ocrx_word' id='word_1_130' title='bbox 2997 1372 3124 1436; x_wconf 83' lang='grc' dir='ltr'>ἐπεὶ</span> 
     </span>
     <span class='ocr_line' id='line_1_12' title="bbox 618 1476 3126 1563; baseline 0 -24"><span class='ocrx_word' id='word_1_131' title='bbox 618 1478 725 1560; x_wconf 83' lang='grc' dir='ltr'>ῦλη</span> <span class='ocrx_word' id='word_1_132' title='bbox 771 1479 837 1539; x_wconf 81' lang='grc' dir='ltr'>τὸ</span> <span class='ocrx_word' id='word_1_133' title='bbox 882 1482 1108 1541; x_wconf 89' lang='grc' dir='ltr'>τοιοῦτο</span> <span class='ocrx_word' id='word_1_134' title='bbox 1156 1483 1297 1562; x_wconf 88' lang='grc' dir='ltr'>πῦρ,</span> <span class='ocrx_word' id='word_1_135' title='bbox 1353 1477 1485 1563; x_wconf 83' lang='grc' dir='ltr'>ἔχοι</span> <span class='ocrx_word' id='word_1_136' title='bbox 1528 1478 1597 1541; x_wconf 81' lang='grc' dir='ltr'>ἄν</span> <span class='ocrx_word' id='word_1_137' title='bbox 1643 1502 1695 1540; x_wconf 89' lang='grc' dir='ltr'>τι</span> <span class='ocrx_word' id='word_1_138' title='bbox 1738 1480 1836 1541; x_wconf 87' lang='grc' dir='ltr'>καὶ</span> <span class='ocrx_word' id='word_1_139' title='bbox 1892 1483 1992 1541; x_wconf 84' lang='grc' dir='ltr'>τοῦ</span> <span class='ocrx_word' id='word_1_140' title='bbox 2039 1478 2294 1541; x_wconf 88' lang='grc' dir='ltr'>ἐναντίου</span> <span class='ocrx_word' id='word_1_141' title='bbox 2352 1478 2514 1561; x_wconf 75' lang='grc' dir='ltr'>αὐτῷ</span> <span class='ocrx_word' id='word_1_142' title='bbox 2563 1476 2594 1539; x_wconf 86' lang='grc' dir='ltr'>ὃ</span> <span class='ocrx_word' id='word_1_143' title='bbox 2639 1477 2814 1561; x_wconf 83' lang='grc' dir='ltr'>φέρον</span> <span class='ocrx_word' id='word_1_144' title='bbox 2861 1478 2942 1544; x_wconf 81' lang='grc' dir='ltr'>εἰς</span> <span class='ocrx_word' id='word_1_145' title='bbox 2985 1478 3126 1539; x_wconf 81' lang='grc' dir='ltr'>αὐτὸ</span> 
     </span>
     <span class='ocr_line' id='line_1_13' title="bbox 622 1579 3208 1665; baseline -0.002 -23"><span class='ocrx_word' id='word_1_146' title='bbox 622 1582 988 1663; x_wconf 81' lang='grc' dir='ltr'>μεταβάλλει.</span> <span class='ocrx_word' id='word_1_147' title='bbox 1088 1582 1152 1643; x_wconf 88' lang='grc' dir='ltr'>τὸ</span> <span class='ocrx_word' id='word_1_148' title='bbox 1209 1582 1272 1644; x_wconf 85' lang='grc' dir='ltr'>δὲ</span> <span class='ocrx_word' id='word_1_149' title='bbox 1328 1581 1433 1645; x_wconf 81' lang='grc' dir='ltr'>οὐκ</span> <span class='ocrx_word' id='word_1_150' title='bbox 1487 1582 1581 1643; x_wconf 85' lang='grc' dir='ltr'>ἐπὶ</span> <span class='ocrx_word' id='word_1_151' title='bbox 1635 1586 1825 1665; x_wconf 80' lang='grc' dir='ltr'>τροφῇ</span> <span class='ocrx_word' id='word_1_152' title='bbox 1883 1586 2025 1665; x_wconf 89' lang='grc' dir='ltr'>πῦρ,</span> <span class='ocrx_word' id='word_1_153' title='bbox 2081 1579 2200 1643; x_wconf 80' lang='grc' dir='ltr'>ἀλλ’</span> <span class='ocrx_word' id='word_1_154' title='bbox 2257 1580 2555 1663; x_wconf 77' lang='grc' dir='ltr'>εἰλικρινές</span> <span class='ocrx_word' id='word_1_155' title='bbox 2605 1604 2668 1643; x_wconf 91' lang='grc' dir='ltr'>τε</span> <span class='ocrx_word' id='word_1_156' title='bbox 2722 1581 2816 1643; x_wconf 88' lang='grc' dir='ltr'>καὶ</span> <span class='ocrx_word' id='word_1_157' title='bbox 2872 1580 3124 1663; x_wconf 77' lang='grc' dir='ltr'>καθαρὸν</span> <span class='ocrx_word' id='word_1_158' title='bbox 3156 1594 3208 1637; x_wconf 72' lang='lat'>15</span> 
     </span>
     <span class='ocr_line' id='line_1_14' title="bbox 622 1682 3125 1767; baseline -0.001 -21"><span class='ocrx_word' id='word_1_159' title='bbox 622 1684 862 1767; x_wconf 82' lang='grc' dir='ltr'>ἄμικτον</span> <span class='ocrx_word' id='word_1_160' title='bbox 908 1688 1008 1746; x_wconf 87' lang='grc' dir='ltr'>τοῦ</span> <span class='ocrx_word' id='word_1_161' title='bbox 1044 1684 1325 1758; x_wconf 86' lang='grc' dir='ltr'>ἐναντίου,</span> <span class='ocrx_word' id='word_1_162' title='bbox 1370 1686 1435 1747; x_wconf 82' lang='grc' dir='ltr'>τὸ</span> <span class='ocrx_word' id='word_1_163' title='bbox 1482 1682 1614 1748; x_wconf 74' lang='grc' dir='ltr'>καθ’</span> <span class='ocrx_word' id='word_1_164' title='bbox 1658 1684 1800 1746; x_wconf 83' lang='grc' dir='ltr'>αὑτὸ</span> <span class='ocrx_word' id='word_1_165' title='bbox 1849 1683 2116 1767; x_wconf 76' lang='grc' dir='ltr'>ὑφεστύς.</span> <span class='ocrx_word' id='word_1_166' title='bbox 2164 1687 2245 1753; x_wconf 82' lang='grc' dir='ltr'>ὡς</span> <span class='ocrx_word' id='word_1_167' title='bbox 2284 1687 2380 1747; x_wconf 85' lang='grc' dir='ltr'>καὶ</span> <span class='ocrx_word' id='word_1_168' title='bbox 2423 1688 2539 1745; x_wconf 90' lang='grc' dir='ltr'>τῶν</span> <span class='ocrx_word' id='word_1_169' title='bbox 2581 1682 2774 1747; x_wconf 79' lang='grc' dir='ltr'>ἄλλων</span> <span class='ocrx_word' id='word_1_170' title='bbox 2822 1682 3125 1767; x_wconf 81' lang='grc' dir='ltr'>στοιχείων</span> 
     </span>
     <span class='ocr_line' id='line_1_15' title="bbox 617 1787 876 1850; baseline 0.004 -2"><span class='ocrx_word' id='word_1_171' title='bbox 617 1787 876 1850; x_wconf 79' lang='grc' dir='ltr'>ἕκαστον.</span> 
     </span>
    </p>
   </div>
   <div class='ocr_carea' id='block_1_3' title="bbox 518 1993 2764 2079">
    <p class='ocr_par' dir='ltr' id='par_1_5' title="bbox 518 1993 2764 2079">
     <span class='ocr_line' id='line_1_16' title="bbox 518 1993 2764 2079; baseline -0.001 -20"><span class='ocrx_word' id='word_1_172' title='bbox 518 2014 575 2061; x_wconf 89' lang='lat'>15</span> <span class='ocrx_word' id='word_1_173' title='bbox 618 1994 844 2058; x_wconf 81' lang='lat' dir='ltr'>XVIII.</span> <span class='ocrx_word' id='word_1_174' title='bbox 940 1993 1103 2077; x_wconf 82' lang='grc' dir='ltr'>Περὶ</span> <span class='ocrx_word' id='word_1_175' title='bbox 1151 1999 1269 2057; x_wconf 91' lang='grc' dir='ltr'>τοῦ</span> <span class='ocrx_word' id='word_1_176' title='bbox 1316 1996 1436 2077; x_wconf 89' lang='grc' dir='ltr'>τὴν</span> <span class='ocrx_word' id='word_1_177' title='bbox 1484 1994 1686 2079; x_wconf 87' lang='grc' dir='ltr'>φύσιν</span> <span class='ocrx_word' id='word_1_178' title='bbox 1734 1994 2080 2079; x_wconf 76' lang='grc' dir='ltr'>ὑπάρχειν</span> <span class='ocrx_word' id='word_1_179' title='bbox 2127 1995 2351 2079; x_wconf 87' lang='grc' dir='ltr'>ἀρχὴν</span> <span class='ocrx_word' id='word_1_180' title='bbox 2398 1996 2764 2078; x_wconf 86' lang='grc' dir='ltr'>κινήσεως.</span> 
     </span>
    </p>
   </div>
   <div class='ocr_carea' id='block_1_4' title="bbox 502 2163 3233 4421">
    <p class='ocr_par' dir='ltr' id='par_1_6' title="bbox 618 2163 3210 2561">
     <span class='ocr_line' id='line_1_17' title="bbox 777 2163 3208 2251; baseline -0 -22"><span class='ocrx_word' id='word_1_181' title='bbox 777 2163 899 2229; x_wconf 82' lang='grc' dir='ltr'>Ὅτι</span> <span class='ocrx_word' id='word_1_182' title='bbox 944 2168 1047 2247; x_wconf 86' lang='grc' dir='ltr'>μὲν</span> <span class='ocrx_word' id='word_1_183' title='bbox 1093 2168 1131 2249; x_wconf 79' lang='grc' dir='ltr'>ἡ</span> <span class='ocrx_word' id='word_1_184' title='bbox 1179 2167 1348 2251; x_wconf 80' lang='grc' dir='ltr'>φύσις</span> <span class='ocrx_word' id='word_1_185' title='bbox 1408 2167 1565 2250; x_wconf 83' lang='grc' dir='ltr'>ἀρχὴ</span> <span class='ocrx_word' id='word_1_186' title='bbox 1614 2167 1927 2248; x_wconf 84' lang='grc' dir='ltr'>κινήσεως,</span> <span class='ocrx_word' id='word_1_187' title='bbox 1983 2168 2160 2249; x_wconf 77' lang='grc' dir='ltr'>δῆλον</span> <span class='ocrx_word' id='word_1_188' title='bbox 2217 2166 2283 2229; x_wconf 89' lang='grc' dir='ltr'>ἐκ</span> <span class='ocrx_word' id='word_1_189' title='bbox 2327 2171 2429 2229; x_wconf 91' lang='grc' dir='ltr'>τοῦ</span> <span class='ocrx_word' id='word_1_190' title='bbox 2475 2172 2577 2251; x_wconf 77' lang='grc' dir='ltr'>τῆς</span> <span class='ocrx_word' id='word_1_191' title='bbox 2633 2167 2915 2249; x_wconf 78' lang='grc' dir='ltr'>κινήσεως</span> <span class='ocrx_word' id='word_1_192' title='bbox 2960 2166 3122 2249; x_wconf 81' lang='grc' dir='ltr'>ἀρχῇ</span> <span class='ocrx_word' id='word_1_193' title='bbox 3151 2180 3208 2222; x_wconf 72' lang='lat'>2⁰</span> 
     </span>
     <span class='ocr_line' id='line_1_18' title="bbox 618 2266 3129 2354; baseline -0 -23"><span class='ocrx_word' id='word_1_194' title='bbox 618 2268 912 2353; x_wconf 81' lang='grc' dir='ltr'>διαφέρειν</span> <span class='ocrx_word' id='word_1_195' title='bbox 958 2270 1029 2331; x_wconf 85' lang='grc' dir='ltr'>τὰ</span> <span class='ocrx_word' id='word_1_196' title='bbox 1074 2270 1291 2353; x_wconf 82' lang='grc' dir='ltr'>φυσικὰ</span> <span class='ocrx_word' id='word_1_197' title='bbox 1337 2276 1452 2332; x_wconf 86' lang='grc' dir='ltr'>τῶν</span> <span class='ocrx_word' id='word_1_198' title='bbox 1501 2270 1581 2353; x_wconf 88' lang='grc' dir='ltr'>μὴ</span> <span class='ocrx_word' id='word_1_199' title='bbox 1630 2274 1891 2353; x_wconf 83' lang='grc' dir='ltr'>φυσικῶν</span> <span class='ocrx_word' id='word_1_200' title='bbox 1939 2272 2261 2353; x_wconf 84' lang='grc' dir='ltr'>σωμάτων,</span> <span class='ocrx_word' id='word_1_201' title='bbox 2314 2266 2364 2354; x_wconf 82' lang='grc' dir='ltr'>ᾧ</span> <span class='ocrx_word' id='word_1_202' title='bbox 2412 2271 2476 2332; x_wconf 81' lang='grc' dir='ltr'>δὲ</span> <span class='ocrx_word' id='word_1_203' title='bbox 2521 2269 2865 2353; x_wconf 81' lang='grc' dir='ltr'>διαφέροντα</span> <span class='ocrx_word' id='word_1_204' title='bbox 2907 2266 2978 2331; x_wconf 81' lang='grc' dir='ltr'>τὰ</span> <span class='ocrx_word' id='word_1_205' title='bbox 3023 2292 3129 2353; x_wconf 87' lang='grc' dir='ltr'>φυ-</span> 
     </span>
     <span class='ocr_line' id='line_1_19' title="bbox 618 2368 3126 2457; baseline -0 -23"><span class='ocrx_word' id='word_1_206' title='bbox 618 2372 751 2435; x_wconf 80' lang='grc' dir='ltr'>σικὰ</span> <span class='ocrx_word' id='word_1_207' title='bbox 797 2379 915 2434; x_wconf 89' lang='grc' dir='ltr'>τῶν</span> <span class='ocrx_word' id='word_1_208' title='bbox 963 2374 1045 2455; x_wconf 83' lang='grc' dir='ltr'>μὴ</span> <span class='ocrx_word' id='word_1_209' title='bbox 1092 2378 1351 2457; x_wconf 88' lang='grc' dir='ltr'>φυσικῶν</span> <span class='ocrx_word' id='word_1_210' title='bbox 1405 2373 1623 2455; x_wconf 86' lang='grc' dir='ltr'>φυσικά</span> <span class='ocrx_word' id='word_1_211' title='bbox 1667 2373 1821 2445; x_wconf 87' lang='grc' dir='ltr'>ἐστι,</span> <span class='ocrx_word' id='word_1_212' title='bbox 1879 2378 2048 2435; x_wconf 91' lang='grc' dir='ltr'>τοῦτο</span> <span class='ocrx_word' id='word_1_213' title='bbox 2094 2372 2239 2435; x_wconf 83' lang='grc' dir='ltr'>εἶναι</span> <span class='ocrx_word' id='word_1_214' title='bbox 2291 2375 2394 2456; x_wconf 83' lang='grc' dir='ltr'>τὴν</span> <span class='ocrx_word' id='word_1_215' title='bbox 2440 2372 2628 2457; x_wconf 89' lang='grc' dir='ltr'>φύσιν.</span> <span class='ocrx_word' id='word_1_216' title='bbox 2721 2374 2830 2436; x_wconf 74' lang='grc' dir='ltr'>ὅσα</span> <span class='ocrx_word' id='word_1_217' title='bbox 2878 2373 2980 2454; x_wconf 80' lang='grc' dir='ltr'>μὲν</span> <span class='ocrx_word' id='word_1_218' title='bbox 3027 2368 3126 2433; x_wconf 82' lang='grc' dir='ltr'>οὖν</span> 
     </span>
     <span class='ocr_line' id='line_1_20' title="bbox 620 2475 3210 2561; baseline -0.002 -24"><span class='ocrx_word' id='word_1_219' title='bbox 620 2478 866 2558; x_wconf 84' lang='grc' dir='ltr'>σώματα</span> <span class='ocrx_word' id='word_1_220' title='bbox 908 2499 975 2557; x_wconf 86' lang='grc' dir='ltr'>γε</span> <span class='ocrx_word' id='word_1_221' title='bbox 979 2499 1081 2559; x_wconf 87' lang='grc' dir='ltr'>νητ</span> <span class='ocrx_word' id='word_1_222' title='bbox 1062 2479 1123 2539; x_wconf 89' lang='grc' dir='ltr'>ά</span> <span class='ocrx_word' id='word_1_223' title='bbox 1168 2478 1321 2540; x_wconf 91' lang='grc' dir='ltr'>ἐστιν</span> <span class='ocrx_word' id='word_1_224' title='bbox 1370 2475 1505 2539; x_wconf 77' lang='grc' dir='ltr'>ὄντα</span> <span class='ocrx_word' id='word_1_225' title='bbox 1550 2480 1789 2561; x_wconf 86' lang='grc' dir='ltr'>φυσικά,</span> <span class='ocrx_word' id='word_1_226' title='bbox 1837 2478 2058 2545; x_wconf 87' lang='grc' dir='ltr'>τούτοις</span> <span class='ocrx_word' id='word_1_227' title='bbox 2101 2478 2139 2559; x_wconf 79' lang='grc' dir='ltr'>η</span> <span class='ocrx_word' id='word_1_228' title='bbox 2183 2476 2402 2558; x_wconf 84' lang='grc' dir='ltr'>γένεσις</span> <span class='ocrx_word' id='word_1_229' title='bbox 2447 2478 2508 2539; x_wconf 87' lang='grc' dir='ltr'>ἐν</span> <span class='ocrx_word' id='word_1_230' title='bbox 2555 2478 2873 2561; x_wconf 59' lang='lat' dir='ltr'>anamim</span> <span class='ocrx_word' id='word_1_231' title='bbox 2916 2476 3129 2556; x_wconf 87' lang='grc' dir='ltr'>γίνεται</span> <span class='ocrx_word' id='word_1_232' title='bbox 3155 2490 3210 2533; x_wconf 68' lang='grc' dir='ltr'>εὖ</span> 
     </span>
    </p>

    <p class='ocr_par' dir='ltr' id='par_1_7' title="bbox 511 2577 3233 3077">
     <span class='ocr_line' id='line_1_21' title="bbox 511 2577 3233 2664; baseline -0 -22"><span class='ocrx_word' id='word_1_233' title='bbox 511 2596 578 2642; x_wconf 80' lang='lat'>20</span> <span class='ocrx_word' id='word_1_234' title='bbox 615 2580 841 2651; x_wconf 82' lang='grc' dir='ltr'>τόποις,</span> <span class='ocrx_word' id='word_1_235' title='bbox 896 2582 989 2641; x_wconf 90' lang='grc' dir='ltr'>καὶ</span> <span class='ocrx_word' id='word_1_236' title='bbox 1046 2577 1198 2642; x_wconf 82' lang='grc' dir='ltr'>ἔστιν</span> <span class='ocrx_word' id='word_1_237' title='bbox 1254 2581 1291 2662; x_wconf 81' lang='grc' dir='ltr'>ἡ</span> <span class='ocrx_word' id='word_1_238' title='bbox 1346 2580 1566 2663; x_wconf 83' lang='grc' dir='ltr'>κίνησις</span> <span class='ocrx_word' id='word_1_239' title='bbox 1619 2578 1814 2648; x_wconf 81' lang='grc' dir='ltr'>αὐτοῖς</span> <span class='ocrx_word' id='word_1_240' title='bbox 1869 2585 2223 2664; x_wconf 82' lang='grc' dir='ltr'>συνεργοῦσα</span> <span class='ocrx_word' id='word_1_241' title='bbox 2273 2583 2278 2663; x_wconf 90' lang='grc' dir='ltr'>Ι</span> <span class='ocrx_word' id='word_1_242' title='bbox 2330 2579 2471 2661; x_wconf 84' lang='grc' dir='ltr'>πρὸς</span> <span class='ocrx_word' id='word_1_243' title='bbox 2525 2580 2589 2641; x_wconf 79' lang='grc' dir='ltr'>τὸ</span> <span class='ocrx_word' id='word_1_244' title='bbox 2648 2580 2707 2641; x_wconf 86' lang='grc' dir='ltr'>ἐν</span> <span class='ocrx_word' id='word_1_245' title='bbox 2761 2604 2846 2664; x_wconf 88' lang='grc' dir='ltr'>τῳ</span> <span class='ocrx_word' id='word_1_246' title='bbox 2903 2579 3100 2664; x_wconf 82' lang='grc' dir='ltr'>οἰκείῳ</span> <span class='ocrx_word' id='word_1_247' title='bbox 3148 2584 3233 2641; x_wconf 77' lang='grc'>116</span> 
     </span>
     <span class='ocr_line' id='line_1_22' title="bbox 614 2679 3129 2766; baseline 0.002 -25"><span class='ocrx_word' id='word_1_248' title='bbox 614 2680 881 2760; x_wconf 74' lang='grc' dir='ltr'>γενέσθαι</span> <span class='ocrx_word' id='word_1_249' title='bbox 928 2680 1112 2765; x_wconf 76' lang='grc' dir='ltr'>τύπῳ,</span> <span class='ocrx_word' id='word_1_250' title='bbox 1158 2682 1218 2743; x_wconf 87' lang='grc' dir='ltr'>ἐν</span> <span class='ocrx_word' id='word_1_251' title='bbox 1265 2679 1314 2742; x_wconf 80' lang='grc' dir='ltr'><em>ὦ</em></span> <span class='ocrx_word' id='word_1_252' title='bbox 1362 2681 1644 2765; x_wconf 75' lang='grc' dir='ltr'>γενόμενα</span> <span class='ocrx_word' id='word_1_253' title='bbox 1698 2684 1912 2766; x_wconf 82' lang='grc' dir='ltr'>ἠρεμεῖ</span> <span class='ocrx_word' id='word_1_254' title='bbox 1955 2707 2016 2746; x_wconf 89' lang='grc' dir='ltr'>τε</span> <span class='ocrx_word' id='word_1_255' title='bbox 2061 2683 2206 2746; x_wconf 80' lang='grc' dir='ltr'>κατὰ</span> <span class='ocrx_word' id='word_1_256' title='bbox 2261 2682 2435 2745; x_wconf 81' lang='grc' dir='ltr'>τόπον</span> <span class='ocrx_word' id='word_1_257' title='bbox 2493 2683 2588 2745; x_wconf 81' lang='grc' dir='ltr'>καὶ</span> <span class='ocrx_word' id='word_1_258' title='bbox 2633 2680 2756 2745; x_wconf 84' lang='grc' dir='ltr'>ἔστι</span> <span class='ocrx_word' id='word_1_259' title='bbox 2811 2680 2960 2745; x_wconf 78' lang='grc' dir='ltr'>καθὸ</span> <span class='ocrx_word' id='word_1_260' title='bbox 3007 2682 3129 2745; x_wconf 83' lang='grc' dir='ltr'>ἐστι</span> 
     </span>
     <span class='ocr_line' id='line_1_23' title="bbox 615 2782 3124 2871; baseline 0.001 -26"><span class='ocrx_word' id='word_1_261' title='bbox 615 2782 883 2864; x_wconf 86' lang='grc' dir='ltr'>γινόμενα</span> <span class='ocrx_word' id='word_1_262' title='bbox 928 2784 1242 2867; x_wconf 74' lang='grc' dir='ltr'>τελειότητι</span> <span class='ocrx_word' id='word_1_263' title='bbox 1301 2784 1459 2869; x_wconf 82' lang='grc' dir='ltr'>(εἶχε</span> <span class='ocrx_word' id='word_1_264' title='bbox 1503 2786 1612 2869; x_wconf 86' lang='grc' dir='ltr'>γὰρ</span> <span class='ocrx_word' id='word_1_265' title='bbox 1658 2786 1717 2847; x_wconf 88' lang='grc' dir='ltr'>ἐν</span> <span class='ocrx_word' id='word_1_266' title='bbox 1763 2787 1959 2854; x_wconf 76' lang='grc' dir='ltr'>αὐτοῖς</span> <span class='ocrx_word' id='word_1_267' title='bbox 2013 2788 2108 2849; x_wconf 86' lang='grc' dir='ltr'>καὶ</span> <span class='ocrx_word' id='word_1_268' title='bbox 2153 2788 2256 2870; x_wconf 82' lang='grc' dir='ltr'>τὴν</span> <span class='ocrx_word' id='word_1_269' title='bbox 2303 2788 2495 2871; x_wconf 84' lang='grc' dir='ltr'>ἀρχὴν</span> <span class='ocrx_word' id='word_1_270' title='bbox 2543 2791 2647 2869; x_wconf 75' lang='grc' dir='ltr'>τῆς</span> <span class='ocrx_word' id='word_1_271' title='bbox 2691 2787 2787 2848; x_wconf 87' lang='grc' dir='ltr'>ἐπὶ</span> <span class='ocrx_word' id='word_1_272' title='bbox 2832 2790 3000 2848; x_wconf 90' lang='grc' dir='ltr'>τοῦτο</span> <span class='ocrx_word' id='word_1_273' title='bbox 3047 2809 3124 2848; x_wconf 91' lang='grc' dir='ltr'>κι-</span> 
     </span>
     <span class='ocr_line' id='line_1_24' title="bbox 616 2886 3208 2973; baseline 0.002 -26"><span class='ocrx_word' id='word_1_274' title='bbox 616 2886 898 2968; x_wconf 79' lang='grc' dir='ltr'>νήσεως),</span> <span class='ocrx_word' id='word_1_275' title='bbox 952 2892 1073 2955; x_wconf 90' lang='grc' dir='ltr'>τοῖς</span> <span class='ocrx_word' id='word_1_276' title='bbox 1118 2887 1171 2949; x_wconf 86' lang='grc' dir='ltr'>δ’</span> <span class='ocrx_word' id='word_1_277' title='bbox 1229 2888 1527 2971; x_wconf 74' lang='grc' dir='ltr'>ἀγενήτοις</span> <span class='ocrx_word' id='word_1_278' title='bbox 1578 2912 1640 2951; x_wconf 88' lang='grc' dir='ltr'>τε</span> <span class='ocrx_word' id='word_1_279' title='bbox 1684 2890 1779 2951; x_wconf 84' lang='grc' dir='ltr'>καὶ</span> <span class='ocrx_word' id='word_1_280' title='bbox 1826 2894 1900 2971; x_wconf 82' lang='grc' dir='ltr'>τῇ</span> <span class='ocrx_word' id='word_1_281' title='bbox 1950 2890 2175 2952; x_wconf 80' lang='grc' dir='ltr'>ἑαυτῶν</span> <span class='ocrx_word' id='word_1_282' title='bbox 2221 2890 2390 2973; x_wconf 89' lang='grc' dir='ltr'>φύσει</span> <span class='ocrx_word' id='word_1_283' title='bbox 2437 2890 2676 2957; x_wconf 88' lang='grc' dir='ltr'>τελείοις</span> <span class='ocrx_word' id='word_1_284' title='bbox 2721 2892 2984 2972; x_wconf 83' lang='grc' dir='ltr'>σώμασιν</span> <span class='ocrx_word' id='word_1_285' title='bbox 3029 2890 3126 2952; x_wconf 86' lang='grc' dir='ltr'>καὶ</span> <span class='ocrx_word' id='word_1_286' title='bbox 3179 2904 3208 2945; x_wconf 73' lang='grc' dir='ltr'><strong>ὃ</strong></span> 
     </span>
     <span class='ocr_line' id='line_1_25' title="bbox 612 2986 3129 3077; baseline 0.002 -28"><span class='ocrx_word' id='word_1_287' title='bbox 612 2986 770 3051; x_wconf 77' lang='grc' dir='ltr'>οὖσιν</span> <span class='ocrx_word' id='word_1_288' title='bbox 826 2990 885 3051; x_wconf 85' lang='grc' dir='ltr'>ἐν</span> <span class='ocrx_word' id='word_1_289' title='bbox 946 2992 1035 3073; x_wconf 58' lang='lat' dir='ltr'>*cosi</span> <span class='ocrx_word' id='word_1_290' title='bbox 1082 2991 1226 3053; x_wconf 75' lang='grc' dir='ltr'>κατὰ</span> <span class='ocrx_word' id='word_1_291' title='bbox 1275 2991 1443 3075; x_wconf 84' lang='grc' dir='ltr'>φύσιν</span> <span class='ocrx_word' id='word_1_292' title='bbox 1499 2990 1691 3059; x_wconf 82' lang='grc' dir='ltr'>αὐτοῖς</span> <span class='ocrx_word' id='word_1_293' title='bbox 1752 2993 1916 3075; x_wconf 82' lang='grc' dir='ltr'>τόπῳ</span> <span class='ocrx_word' id='word_1_294' title='bbox 1978 2994 2016 3075; x_wconf 77' lang='grc' dir='ltr'>ἡ</span> <span class='ocrx_word' id='word_1_295' title='bbox 2065 2993 2265 3077; x_wconf 80' lang='grc' dir='ltr'>φύσις,</span> <span class='ocrx_word' id='word_1_296' title='bbox 2323 2989 2479 3054; x_wconf 84' lang='grc' dir='ltr'>τοῦτ’</span> <span class='ocrx_word' id='word_1_297' title='bbox 2536 2990 2686 3055; x_wconf 85' lang='grc' dir='ltr'>ἔστιν</span> <span class='ocrx_word' id='word_1_298' title='bbox 2741 2994 2780 3075; x_wconf 77' lang='grc' dir='ltr'>ᾗ</span> <span class='ocrx_word' id='word_1_299' title='bbox 2827 2993 2887 3054; x_wconf 89' lang='grc' dir='ltr'>ἐν</span> <span class='ocrx_word' id='word_1_300' title='bbox 2933 2991 3129 3061; x_wconf 85' lang='grc' dir='ltr'>αὐτοῖς</span> 
     </span>
    </p>

    <p class='ocr_par' dir='ltr' id='par_1_8' title="bbox 510 3092 3208 3592">
     <span class='ocr_line' id='line_1_26' title="bbox 510 3092 3122 3181; baseline 0.001 -28"><span class='ocrx_word' id='word_1_301' title='bbox 510 3112 575 3159; x_wconf 79' lang='lat'>‘25</span> <span class='ocrx_word' id='word_1_302' title='bbox 616 3092 775 3176; x_wconf 82' lang='grc' dir='ltr'>ἀρχὴ</span> <span class='ocrx_word' id='word_1_303' title='bbox 833 3098 937 3175; x_wconf 75' lang='grc' dir='ltr'>τῆς</span> <span class='ocrx_word' id='word_1_304' title='bbox 992 3094 1305 3178; x_wconf 79' lang='grc' dir='ltr'>κινήσεως,</span> <span class='ocrx_word' id='word_1_305' title='bbox 1366 3094 1473 3157; x_wconf 83' lang='grc' dir='ltr'>οὐκ</span> <span class='ocrx_word' id='word_1_306' title='bbox 1525 3095 1607 3163; x_wconf 88' lang='grc' dir='ltr'>εἰς</span> <span class='ocrx_word' id='word_1_307' title='bbox 1661 3096 1765 3178; x_wconf 79' lang='grc' dir='ltr'>τὴν</span> <span class='ocrx_word' id='word_1_308' title='bbox 1830 3095 1890 3163; x_wconf 68' lang='grc' dir='ltr'>ἐξ</span> <span class='ocrx_word' id='word_1_309' title='bbox 1941 3098 2202 3164; x_wconf 79' lang='grc' dir='ltr'>ἀτελείας</span> <span class='ocrx_word' id='word_1_310' title='bbox 2265 3096 2346 3165; x_wconf 78' lang='grc' dir='ltr'>εἰς</span> <span class='ocrx_word' id='word_1_311' title='bbox 2401 3096 2734 3181; x_wconf 77' lang='grc' dir='ltr'>τελειότητα</span> <span class='ocrx_word' id='word_1_312' title='bbox 2798 3096 3122 3181; x_wconf 81' lang='grc' dir='ltr'>μεταβολὴν</span> 
     </span>
     <span class='ocr_line' id='line_1_27' title="bbox 616 3196 3208 3284; baseline 0 -26"><span class='ocrx_word' id='word_1_313' title='bbox 616 3199 907 3269; x_wconf 87' lang='grc' dir='ltr'>συντελεῖ,</span> <span class='ocrx_word' id='word_1_314' title='bbox 964 3196 1101 3257; x_wconf 82' lang='grc' dir='ltr'>οὐδὲ</span> <span class='ocrx_word' id='word_1_315' title='bbox 1146 3197 1228 3265; x_wconf 76' lang='grc' dir='ltr'>εἷς</span> <span class='ocrx_word' id='word_1_316' title='bbox 1274 3198 1338 3260; x_wconf 77' lang='grc' dir='ltr'>τὸ</span> <span class='ocrx_word' id='word_1_317' title='bbox 1383 3197 1477 3259; x_wconf 83' lang='grc' dir='ltr'>ἐπὶ</span> <span class='ocrx_word' id='word_1_318' title='bbox 1525 3199 1621 3259; x_wconf 82' lang='grc' dir='ltr'>τὸν</span> <span class='ocrx_word' id='word_1_319' title='bbox 1666 3198 1812 3260; x_wconf 79' lang='grc' dir='ltr'>κατὰ</span> <span class='ocrx_word' id='word_1_320' title='bbox 1860 3200 2030 3282; x_wconf 89' lang='grc' dir='ltr'>φύσιν</span> <span class='ocrx_word' id='word_1_321' title='bbox 2077 3198 2271 3266; x_wconf 86' lang='grc' dir='ltr'>αὐτοῖς</span> <span class='ocrx_word' id='word_1_322' title='bbox 2316 3198 2488 3261; x_wconf 82' lang='grc' dir='ltr'>τόπον</span> <span class='ocrx_word' id='word_1_323' title='bbox 2539 3200 2853 3284; x_wconf 79' lang='grc' dir='ltr'>ἐνεχθῆναι</span> <span class='ocrx_word' id='word_1_324' title='bbox 2899 3199 3126 3283; x_wconf 84' lang='grc' dir='ltr'>(τέλειά</span> <span class='ocrx_word' id='word_1_325' title='bbox 3153 3216 3208 3259; x_wconf 81' lang='grc' dir='ltr'>ιο</span> 
     </span>
     <span class='ocr_line' id='line_1_28' title="bbox 610 3298 3115 3385; baseline 0.002 -26"><span class='ocrx_word' id='word_1_326' title='bbox 610 3322 671 3360; x_wconf 90' lang='grc' dir='ltr'>τε</span> <span class='ocrx_word' id='word_1_327' title='bbox 717 3300 823 3381; x_wconf 86' lang='grc' dir='ltr'>γάρ</span> <span class='ocrx_word' id='word_1_328' title='bbox 870 3299 989 3360; x_wconf 88' lang='grc' dir='ltr'>ἐστι</span> <span class='ocrx_word' id='word_1_329' title='bbox 1036 3300 1132 3361; x_wconf 87' lang='grc' dir='ltr'>καὶ</span> <span class='ocrx_word' id='word_1_330' title='bbox 1178 3298 1455 3362; x_wconf 79' lang='grc' dir='ltr'>οὐδέποτε</span> <span class='ocrx_word' id='word_1_331' title='bbox 1510 3300 1792 3368; x_wconf 79' lang='grc' dir='ltr'>ἐξίσταται</span> <span class='ocrx_word' id='word_1_332' title='bbox 1848 3306 1948 3363; x_wconf 91' lang='grc' dir='ltr'>τοῦ</span> <span class='ocrx_word' id='word_1_333' title='bbox 1996 3301 2144 3364; x_wconf 84' lang='grc' dir='ltr'>κατὰ</span> <span class='ocrx_word' id='word_1_334' title='bbox 2198 3302 2367 3385; x_wconf 86' lang='grc' dir='ltr'>φύσιν</span> <span class='ocrx_word' id='word_1_335' title='bbox 2415 3303 2644 3371; x_wconf 84' lang='grc' dir='ltr'>ἑαυτοῖς</span> <span class='ocrx_word' id='word_1_336' title='bbox 2698 3302 2938 3384; x_wconf 69' lang='grc' dir='ltr'>τόπου),</span> <span class='ocrx_word' id='word_1_337' title='bbox 2995 3302 3115 3364; x_wconf 86' lang='grc' dir='ltr'>ἀλλ’</span> 
     </span>
     <span class='ocr_line' id='line_1_29' title="bbox 610 3402 3123 3489; baseline 0.001 -26"><span class='ocrx_word' id='word_1_338' title='bbox 610 3402 693 3470; x_wconf 75' lang='grc' dir='ltr'>εἷς</span> <span class='ocrx_word' id='word_1_339' title='bbox 738 3404 801 3463; x_wconf 83' lang='grc' dir='ltr'>τὸ</span> <span class='ocrx_word' id='word_1_340' title='bbox 858 3402 950 3465; x_wconf 78' lang='grc' dir='ltr'>διὰ</span> <span class='ocrx_word' id='word_1_341' title='bbox 1006 3408 1109 3486; x_wconf 76' lang='grc' dir='ltr'>τῆς</span> <span class='ocrx_word' id='word_1_342' title='bbox 1162 3402 1289 3465; x_wconf 87' lang='grc' dir='ltr'>κατ’</span> <span class='ocrx_word' id='word_1_343' title='bbox 1346 3403 1518 3466; x_wconf 83' lang='grc' dir='ltr'>αὐτὸν</span> <span class='ocrx_word' id='word_1_344' title='bbox 1580 3403 1868 3485; x_wconf 78' lang='grc' dir='ltr'>ἐνεργείας</span> <span class='ocrx_word' id='word_1_345' title='bbox 1923 3406 2271 3486; x_wconf 77' lang='grc' dir='ltr'>ὁμοιοῦσθαι</span> <span class='ocrx_word' id='word_1_346' title='bbox 2327 3409 2415 3489; x_wconf 74' lang='grc' dir='ltr'>τῷ</span> <span class='ocrx_word' id='word_1_347' title='bbox 2469 3412 2586 3467; x_wconf 89' lang='grc' dir='ltr'>τῶν</span> <span class='ocrx_word' id='word_1_348' title='bbox 2648 3404 2828 3467; x_wconf 79' lang='grc' dir='ltr'>ὄντων</span> <span class='ocrx_word' id='word_1_349' title='bbox 2883 3406 3123 3489; x_wconf 84' lang='grc' dir='ltr'>ἀρίστῳ,</span> 
     </span>
     <span class='ocr_line' id='line_1_30' title="bbox 610 3506 3124 3592; baseline 0.001 -26"><span class='ocrx_word' id='word_1_350' title='bbox 610 3512 682 3587; x_wconf 79' lang='grc' dir='ltr'>τῇ</span> <span class='ocrx_word' id='word_1_351' title='bbox 741 3506 908 3590; x_wconf 83' lang='grc' dir='ltr'>ἀιδίῳ</span> <span class='ocrx_word' id='word_1_352' title='bbox 965 3529 1025 3568; x_wconf 89' lang='grc' dir='ltr'>τε</span> <span class='ocrx_word' id='word_1_353' title='bbox 1082 3509 1177 3569; x_wconf 87' lang='grc' dir='ltr'>καὶ</span> <span class='ocrx_word' id='word_1_354' title='bbox 1233 3512 1475 3591; x_wconf 84' lang='grc' dir='ltr'>συνεχεῖ</span> <span class='ocrx_word' id='word_1_355' title='bbox 1527 3509 1623 3569; x_wconf 90' lang='grc' dir='ltr'>καὶ</span> <span class='ocrx_word' id='word_1_356' title='bbox 1684 3508 1882 3589; x_wconf 80' lang='grc' dir='ltr'>ὁμαλῇ</span> <span class='ocrx_word' id='word_1_357' title='bbox 1938 3510 2187 3591; x_wconf 83' lang='grc' dir='ltr'>κινήσει,</span> <span class='ocrx_word' id='word_1_358' title='bbox 2252 3509 2578 3591; x_wconf 83' lang='grc' dir='ltr'>μιμούμενα</span> <span class='ocrx_word' id='word_1_359' title='bbox 2632 3508 2697 3571; x_wconf 81' lang='grc' dir='ltr'>τό</span> <span class='ocrx_word' id='word_1_360' title='bbox 2753 3532 2815 3570; x_wconf 92' lang='grc' dir='ltr'>τε</span> <span class='ocrx_word' id='word_1_361' title='bbox 2869 3508 3124 3592; x_wconf 75' lang='grc' dir='ltr'>ἐνεργείᾳ</span> 
     </span>
    </p>

    <p class='ocr_par' dir='ltr' id='par_1_9' title="bbox 505 3608 3206 4109">
     <span class='ocr_line' id='line_1_31' title="bbox 505 3608 3206 3694; baseline -0.001 -19"><span class='ocrx_word' id='word_1_362' title='bbox 505 3628 571 3675; x_wconf 87' lang='lat'>30</span> <span class='ocrx_word' id='word_1_363' title='bbox 614 3611 732 3671; x_wconf 90' lang='grc' dir='ltr'>δεῖν</span> <span class='ocrx_word' id='word_1_364' title='bbox 779 3608 924 3671; x_wconf 85' lang='grc' dir='ltr'>εἶναι</span> <span class='ocrx_word' id='word_1_365' title='bbox 980 3610 1158 3672; x_wconf 84' lang='grc' dir='ltr'>αὐτοῦ</span> <span class='ocrx_word' id='word_1_366' title='bbox 1204 3611 1300 3672; x_wconf 88' lang='grc' dir='ltr'>καὶ</span> <span class='ocrx_word' id='word_1_367' title='bbox 1358 3612 1423 3671; x_wconf 78' lang='grc' dir='ltr'>τὸ</span> <span class='ocrx_word' id='word_1_368' title='bbox 1472 3611 1736 3694; x_wconf 86' lang='grc' dir='ltr'>ἀκίνητον</span> <span class='ocrx_word' id='word_1_369' title='bbox 1794 3612 1890 3673; x_wconf 87' lang='grc' dir='ltr'>καὶ</span> <span class='ocrx_word' id='word_1_370' title='bbox 1937 3612 2039 3693; x_wconf 73' lang='grc' dir='ltr'>τἠν</span> <span class='ocrx_word' id='word_1_371' title='bbox 2088 3614 2304 3674; x_wconf 91' lang='grc' dir='ltr'>στάσιν.</span> <span class='ocrx_word' id='word_1_372' title='bbox 2395 3612 2488 3674; x_wconf 76' lang='grc' dir='ltr'>διὰ</span> <span class='ocrx_word' id='word_1_373' title='bbox 2536 3613 2640 3693; x_wconf 87' lang='grc' dir='ltr'>μὲν</span> <span class='ocrx_word' id='word_1_374' title='bbox 2693 3616 2793 3673; x_wconf 92' lang='grc' dir='ltr'>τοῦ</span> <span class='ocrx_word' id='word_1_375' title='bbox 2839 3612 3125 3675; x_wconf 75' lang='grc' dir='ltr'>κινεῖσθαι</span> <span class='ocrx_word' id='word_1_376' title='bbox 3153 3627 3206 3671; x_wconf 76' lang='lat'>15</span> 
     </span>
     <span class='ocr_line' id='line_1_32' title="bbox 612 3712 3124 3799; baseline 0.002 -25"><span class='ocrx_word' id='word_1_377' title='bbox 612 3713 676 3774; x_wconf 77' lang='grc' dir='ltr'>τὸ</span> <span class='ocrx_word' id='word_1_378' title='bbox 756 3713 1009 3796; x_wconf 73' lang='grc' dir='ltr'>ἐνεργείᾳ</span> <span class='ocrx_word' id='word_1_379' title='bbox 1076 3714 1220 3775; x_wconf 84' lang='grc' dir='ltr'>εἶναι</span> <span class='ocrx_word' id='word_1_380' title='bbox 1289 3714 1467 3776; x_wconf 82' lang='grc' dir='ltr'>αὐτοῦ</span> <span class='ocrx_word' id='word_1_381' title='bbox 1539 3713 1827 3797; x_wconf 85' lang='grc' dir='ltr'>(ἐνέργειά</span> <span class='ocrx_word' id='word_1_382' title='bbox 1883 3738 1965 3783; x_wconf 86' lang='grc' dir='ltr'>τις</span> <span class='ocrx_word' id='word_1_383' title='bbox 2019 3716 2056 3797; x_wconf 80' lang='grc' dir='ltr'>ἡ</span> <span class='ocrx_word' id='word_1_384' title='bbox 2119 3716 2365 3798; x_wconf 85' lang='grc' dir='ltr'>κίνησις·</span> <span class='ocrx_word' id='word_1_385' title='bbox 2437 3712 2554 3777; x_wconf 83' lang='grc' dir='ltr'>ἔδει</span> <span class='ocrx_word' id='word_1_386' title='bbox 2619 3715 2726 3798; x_wconf 80' lang='grc' dir='ltr'>γὰρ</span> <span class='ocrx_word' id='word_1_387' title='bbox 2791 3714 2860 3777; x_wconf 82' lang='grc' dir='ltr'>τὰ</span> <span class='ocrx_word' id='word_1_388' title='bbox 2925 3715 3124 3799; x_wconf 87' lang='grc' dir='ltr'>μιμού·</span> 
     </span>
     <span class='ocr_line' id='line_1_33' title="bbox 613 3815 3122 3901; baseline 0 -24"><span class='ocrx_word' id='word_1_389' title='bbox 613 3838 756 3895; x_wconf 87' lang='grc' dir='ltr'>μενα</span> <span class='ocrx_word' id='word_1_390' title='bbox 799 3815 864 3877; x_wconf 89' lang='grc' dir='ltr'>τὸ</span> <span class='ocrx_word' id='word_1_391' title='bbox 898 3817 1100 3885; x_wconf 88' lang='grc' dir='ltr'>ἁπλῶς</span> <span class='ocrx_word' id='word_1_392' title='bbox 1145 3818 1399 3901; x_wconf 73' lang='grc' dir='ltr'>ἐνεργείᾳ</span> <span class='ocrx_word' id='word_1_393' title='bbox 1447 3816 1509 3879; x_wconf 82' lang='grc' dir='ltr'>δν</span> <span class='ocrx_word' id='word_1_394' title='bbox 1556 3818 1650 3879; x_wconf 88' lang='grc' dir='ltr'>καὶ</span> <span class='ocrx_word' id='word_1_395' title='bbox 1684 3820 1973 3901; x_wconf 84' lang='grc' dir='ltr'>μηδαμῶς</span> <span class='ocrx_word' id='word_1_396' title='bbox 2019 3823 2330 3881; x_wconf 85' lang='grc' dir='ltr'>κοινωνοῦν</span> <span class='ocrx_word' id='word_1_397' title='bbox 2375 3820 2677 3901; x_wconf 85' lang='grc' dir='ltr'>δυνάμεως</span> <span class='ocrx_word' id='word_1_398' title='bbox 2721 3816 2796 3880; x_wconf 84' lang='grc' dir='ltr'>δι’</span> <span class='ocrx_word' id='word_1_399' title='bbox 2837 3817 3122 3901; x_wconf 88' lang='grc' dir='ltr'>ἐνεργείας</span> 
     </span>
     <span class='ocr_line' id='line_1_34' title="bbox 607 3919 3205 4006; baseline 0.002 -27"><span class='ocrx_word' id='word_1_400' title='bbox 607 3924 712 3999; x_wconf 78' lang='grc' dir='ltr'>τῆς</span> <span class='ocrx_word' id='word_1_401' title='bbox 758 3919 905 3981; x_wconf 86' lang='grc' dir='ltr'>κατὰ</span> <span class='ocrx_word' id='word_1_402' title='bbox 950 3920 1118 4003; x_wconf 86' lang='grc' dir='ltr'>φύσιν</span> <span class='ocrx_word' id='word_1_403' title='bbox 1176 3919 1369 3989; x_wconf 82' lang='grc' dir='ltr'>αὐτοῖς</span> <span class='ocrx_word' id='word_1_404' title='bbox 1413 3925 1582 3983; x_wconf 88' lang='grc' dir='ltr'>τοῦτο</span> <span class='ocrx_word' id='word_1_405' title='bbox 1637 3920 1882 4003; x_wconf 87' lang='grc' dir='ltr'>ποιεῖν),</span> <span class='ocrx_word' id='word_1_406' title='bbox 1939 3921 2034 3983; x_wconf 84' lang='grc' dir='ltr'>διὰ</span> <span class='ocrx_word' id='word_1_407' title='bbox 2079 3922 2143 3983; x_wconf 83' lang='grc' dir='ltr'>δὲ</span> <span class='ocrx_word' id='word_1_408' title='bbox 2187 3926 2290 3984; x_wconf 87' lang='grc' dir='ltr'>τοῦ</span> <span class='ocrx_word' id='word_1_409' title='bbox 2338 3928 2606 4006; x_wconf 83' lang='grc' dir='ltr'>συνεχῶς</span> <span class='ocrx_word' id='word_1_410' title='bbox 2650 3919 2744 4005; x_wconf 80' lang='grc' dir='ltr'>[ἦ]</span> <span class='ocrx_word' id='word_1_411' title='bbox 2792 3923 2888 3983; x_wconf 86' lang='grc' dir='ltr'>καὶ</span> <span class='ocrx_word' id='word_1_412' title='bbox 2933 3945 3120 4003; x_wconf 86' lang='grc' dir='ltr'>τεταγ·</span> <span class='ocrx_word' id='word_1_413' title='bbox 3147 3938 3205 3979; x_wconf 75' lang='lat'>2⁰</span> 
     </span>
     <span class='ocr_line' id='line_1_35' title="bbox 611 4021 3120 4109; baseline 0.002 -27"><span class='ocrx_word' id='word_1_414' title='bbox 611 4021 800 4101; x_wconf 83' lang='grc' dir='ltr'>μένως</span> <span class='ocrx_word' id='word_1_415' title='bbox 846 4023 937 4082; x_wconf 86' lang='grc' dir='ltr'>καὶ</span> <span class='ocrx_word' id='word_1_416' title='bbox 985 4022 1200 4103; x_wconf 75' lang='grc' dir='ltr'>ὁμοίιος</span> <span class='ocrx_word' id='word_1_417' title='bbox 1248 4024 1339 4085; x_wconf 88' lang='grc' dir='ltr'>ἀεὶ</span> <span class='ocrx_word' id='word_1_418' title='bbox 1384 4025 1665 4086; x_wconf 70' lang='grc' dir='ltr'>κινεῖσθαι</span> <span class='ocrx_word' id='word_1_419' title='bbox 1721 4025 1827 4106; x_wconf 78' lang='grc' dir='ltr'>τὴν</span> <span class='ocrx_word' id='word_1_420' title='bbox 1877 4026 2056 4087; x_wconf 86' lang='grc' dir='ltr'>ἀίδιον</span> <span class='ocrx_word' id='word_1_421' title='bbox 2111 4024 2288 4088; x_wconf 83' lang='grc' dir='ltr'>αὐτοῦ</span> <span class='ocrx_word' id='word_1_422' title='bbox 2339 4026 2658 4108; x_wconf 87' lang='grc' dir='ltr'>μεμίμηται</span> <span class='ocrx_word' id='word_1_423' title='bbox 2703 4025 2896 4109; x_wconf 89' lang='grc' dir='ltr'>φύσιν.</span> <span class='ocrx_word' id='word_1_424' title='bbox 2986 4024 3120 4087; x_wconf 85' lang='grc' dir='ltr'>οὔτε</span> 
     </span>
    </p>

    <p class='ocr_par' dir='ltr' id='par_1_10' title="bbox 502 4123 3222 4421">
     <span class='ocr_line' id='line_1_36' title="bbox 502 4123 3118 4212; baseline 0 -22"><span class='ocrx_word' id='word_1_425' title='bbox 502 4144 567 4190; x_wconf 82' lang='lat'>35</span> <span class='ocrx_word' id='word_1_426' title='bbox 606 4123 717 4207; x_wconf 76' lang='grc' dir='ltr'>γὰρ</span> <span class='ocrx_word' id='word_1_427' title='bbox 766 4126 844 4206; x_wconf 80' lang='grc' dir='ltr'>μὴ</span> <span class='ocrx_word' id='word_1_428' title='bbox 879 4125 1207 4207; x_wconf 84' lang='grc' dir='ltr'>κινούμενον</span> <span class='ocrx_word' id='word_1_429' title='bbox 1256 4123 1327 4207; x_wconf 77' lang='grc' dir='ltr'>ἦν</span> <span class='ocrx_word' id='word_1_430' title='bbox 1376 4124 1441 4187; x_wconf 79' lang='grc' dir='ltr'>ἂν</span> <span class='ocrx_word' id='word_1_431' title='bbox 1487 4132 1658 4207; x_wconf 88' lang='grc' dir='ltr'>σῶμα</span> <span class='ocrx_word' id='word_1_432' title='bbox 1705 4126 1967 4209; x_wconf 82' lang='grc' dir='ltr'>φυσικόν,</span> <span class='ocrx_word' id='word_1_433' title='bbox 2016 4126 2430 4212; x_wconf 85' lang='grc' dir='ltr'>ὃκυριώτατον</span> <span class='ocrx_word' id='word_1_434' title='bbox 2475 4134 2590 4190; x_wconf 90' lang='grc' dir='ltr'>τῶν</span> <span class='ocrx_word' id='word_1_435' title='bbox 2625 4130 2936 4210; x_wconf 82' lang='grc' dir='ltr'>σωμάτων,</span> <span class='ocrx_word' id='word_1_436' title='bbox 2981 4126 3118 4190; x_wconf 79' lang='grc' dir='ltr'>οὔτε</span> 
     </span>
     <span class='ocr_line' id='line_1_37' title="bbox 612 4227 3200 4316; baseline 0 -27"><span class='ocrx_word' id='word_1_437' title='bbox 612 4227 943 4308; x_wconf 86' lang='grc' dir='ltr'>κινούμενον</span> <span class='ocrx_word' id='word_1_438' title='bbox 990 4233 1089 4291; x_wconf 84' lang='grc' dir='ltr'>τοῦ</span> <span class='ocrx_word' id='word_1_439' title='bbox 1123 4228 1332 4311; x_wconf 75' lang='grc' dir='ltr'>στῆναί</span> <span class='ocrx_word' id='word_1_440' title='bbox 1370 4252 1509 4290; x_wconf 87' lang='grc' dir='ltr'>ποτε</span> <span class='ocrx_word' id='word_1_441' title='bbox 1556 4230 1649 4291; x_wconf 89' lang='grc' dir='ltr'>καὶ</span> <span class='ocrx_word' id='word_1_442' title='bbox 1696 4230 1775 4313; x_wconf 86' lang='grc' dir='ltr'>μὴ</span> <span class='ocrx_word' id='word_1_443' title='bbox 1820 4236 2085 4315; x_wconf 89' lang='grc' dir='ltr'>συνεχῶς</span> <span class='ocrx_word' id='word_1_444' title='bbox 2131 4234 2414 4294; x_wconf 79' lang='grc' dir='ltr'>κινεῖσθαι</span> <span class='ocrx_word' id='word_1_445' title='bbox 2460 4230 2695 4313; x_wconf 78' lang='grc' dir='ltr'>εὔλογον</span> <span class='ocrx_word' id='word_1_446' title='bbox 2741 4231 2924 4293; x_wconf 84' lang='grc' dir='ltr'>αἰτίαν</span> <span class='ocrx_word' id='word_1_447' title='bbox 2958 4230 3114 4316; x_wconf 84' lang='grc' dir='ltr'>ἔχει·</span> <span class='ocrx_word' id='word_1_448' title='bbox 3145 4246 3200 4289; x_wconf 69' lang='lat'>25</span> 
     </span>
     <span class='ocr_line' id='line_1_38' title="bbox 607 4328 3222 4421; baseline 0.002 -29"><span class='ocrx_word' id='word_1_449' title='bbox 607 4328 741 4392; x_wconf 79' lang='grc' dir='ltr'>οὔτε</span> <span class='ocrx_word' id='word_1_450' title='bbox 786 4330 891 4412; x_wconf 71' lang='grc' dir='ltr'>γὰρ</span> <span class='ocrx_word' id='word_1_451' title='bbox 936 4330 1095 4414; x_wconf 78' lang='grc' dir='ltr'>παρὰ</span> <span class='ocrx_word' id='word_1_452' title='bbox 1148 4336 1246 4393; x_wconf 86' lang='grc' dir='ltr'>τοῦ</span> <span class='ocrx_word' id='word_1_453' title='bbox 1292 4330 1499 4406; x_wconf 77' lang='grc' dir='ltr'>τόπου,</span> <span class='ocrx_word' id='word_1_454' title='bbox 1559 4330 1692 4394; x_wconf 77' lang='grc' dir='ltr'>οὔτε</span> <span class='ocrx_word' id='word_1_455' title='bbox 1738 4332 1894 4416; x_wconf 79' lang='grc' dir='ltr'>παρὰ</span> <span class='ocrx_word' id='word_1_456' title='bbox 1949 4338 2050 4396; x_wconf 89' lang='grc' dir='ltr'>τοῦ</span> <span class='ocrx_word' id='word_1_457' title='bbox 2105 4337 2388 4399; x_wconf 71' lang='grc' dir='ltr'>κινεῖσθαι</span> <span class='ocrx_word' id='word_1_458' title='bbox 2435 4336 2592 4420; x_wconf 83' lang='grc' dir='ltr'>παρὰ</span> <span class='ocrx_word' id='word_1_459' title='bbox 2639 4334 2646 4419; x_wconf 64' lang='grc' dir='ltr'><strong><em>ᾖ</em></strong></span> <span class='ocrx_word' id='word_1_460' title='bbox 2697 4337 2899 4421; x_wconf 89' lang='grc' dir='ltr'>φύσιν,</span> <span class='ocrx_word' id='word_1_461' title='bbox 2957 4334 3094 4399; x_wconf 77' lang='grc' dir='ltr'>οὔτε</span> <span class='ocrx_word' id='word_1_462' title='bbox 3140 4342 3222 4399; x_wconf 78' lang='grc'>117</span> 
     </span>
    </p>
   </div>
   <div class='ocr_carea' id='block_1_5' title="bbox 753 4461 1018 4469">
    <p class='ocr_par' dir='ltr' id='par_1_11' title="bbox 753 4461 1018 4469">
     <span class='ocr_line' id='line_1_39' title="bbox 753 4461 1018 4469; baseline 0 0"><span class='ocrx_word' id='word_1_463' title='bbox 753 4461 1018 4469; x_wconf 95' lang='lat' dir='ltr'> </span> 
     </span>
    </p>
   </div>
   <div class='ocr_carea' id='block_1_6' title="bbox 500 4526 3236 4945">
    <p class='ocr_par' dir='ltr' id='par_1_12' title="bbox 500 4526 3236 4864">
     <span class='ocr_line' id='line_1_40' title="bbox 500 4526 3215 4605; baseline 0.003 -26"><span class='ocrx_word' id='word_1_464' title='bbox 500 4530 531 4579; x_wconf 84' lang='grc'>6</span> <span class='ocrx_word' id='word_1_465' title='bbox 570 4528 791 4580; x_wconf 80' lang='lat' dir='ltr'>sortasse</span> <span class='ocrx_word' id='word_1_466' title='bbox 830 4526 969 4599; x_wconf 71' lang='grc' dir='ltr'>(οὐχ)</span> <span class='ocrx_word' id='word_1_467' title='bbox 1008 4526 1142 4580; x_wconf 73' lang='grc' dir='ltr'>οὕτω</span> <span class='ocrx_word' id='word_1_468' title='bbox 1292 4528 1353 4579; x_wconf 90' lang='grc'>10</span> <span class='ocrx_word' id='word_1_469' title='bbox 1389 4527 1493 4597; x_wconf 81' lang='grc' dir='ltr'>ἔχει</span> <span class='ocrx_word' id='word_1_470' title='bbox 1520 4548 1551 4579; x_wconf 77' lang='lat' dir='ltr'><strong>a</strong></span> <span class='ocrx_word' id='word_1_471' title='bbox 1576 4529 1663 4596; x_wconf 80' lang='lat' dir='ltr'>Sp.</span> <span class='ocrx_word' id='word_1_472' title='bbox 1813 4528 1869 4579; x_wconf 90' lang='lat'>11</span> <span class='ocrx_word' id='word_1_473' title='bbox 1915 4527 2037 4581; x_wconf 70' lang='grc' dir='ltr'>αὐτὸ</span> <span class='ocrx_word' id='word_1_474' title='bbox 2079 4534 2124 4579; x_wconf 91' lang='lat' dir='ltr'>V</span> <span class='ocrx_word' id='word_1_475' title='bbox 2275 4532 2334 4583; x_wconf 77' lang='lat'>12</span> <span class='ocrx_word' id='word_1_476' title='bbox 2373 4533 2451 4584; x_wconf 81' lang='grc' dir='ltr'>ἐπὶ</span> <span class='ocrx_word' id='word_1_477' title='bbox 2489 4533 2656 4603; x_wconf 79' lang='grc' dir='ltr'>τροφῇ</span> <span class='ocrx_word' id='word_1_478' title='bbox 2689 4533 2900 4601; x_wconf 83' lang='lat' dir='ltr'><strong>scripsi:</strong></span> <span class='ocrx_word' id='word_1_479' title='bbox 2941 4533 3021 4585; x_wconf 85' lang='grc' dir='ltr'>ἐπὶ</span> <span class='ocrx_word' id='word_1_480' title='bbox 3057 4536 3215 4605; x_wconf 75' lang='grc' dir='ltr'>τροφὴ</span> 
     </span>
     <span class='ocr_line' id='line_1_41' title="bbox 506 4615 3236 4689; baseline 0.004 -24"><span class='ocrx_word' id='word_1_481' title='bbox 506 4620 567 4666; x_wconf 90' lang='lat' dir='ltr'>V:</span> <span class='ocrx_word' id='word_1_482' title='bbox 607 4617 848 4685; x_wconf 77' lang='grc' dir='ltr'>ἐπιτροφὴ</span> <span class='ocrx_word' id='word_1_483' title='bbox 889 4635 946 4667; x_wconf 80' lang='lat' dir='ltr'>a:</span> <span class='ocrx_word' id='word_1_484' title='bbox 986 4616 1087 4669; x_wconf 86' lang='grc' dir='ltr'>ἔστι</span> <span class='ocrx_word' id='word_1_485' title='bbox 1123 4618 1286 4689; x_wconf 71' lang='grc' dir='ltr'>τροφῇ</span> <span class='ocrx_word' id='word_1_486' title='bbox 1322 4618 1409 4683; x_wconf 79' lang='lat' dir='ltr'>Sp.</span> <span class='ocrx_word' id='word_1_487' title='bbox 1562 4618 1621 4667; x_wconf 81' lang='lat'>13</span> <span class='ocrx_word' id='word_1_488' title='bbox 1658 4615 1738 4684; x_wconf 85' lang='grc' dir='ltr'>τὸ]</span> <span class='ocrx_word' id='word_1_489' title='bbox 1778 4624 2024 4682; x_wconf 75' lang='lat' dir='ltr'>expectas</span> <span class='ocrx_word' id='word_1_490' title='bbox 2063 4619 2148 4669; x_wconf 83' lang='grc' dir='ltr'>καὶ</span> <span class='ocrx_word' id='word_1_491' title='bbox 2291 4618 2356 4670; x_wconf 74' lang='lat'>22</span> <span class='ocrx_word' id='word_1_492' title='bbox 2394 4620 2638 4689; x_wconf 84' lang='grc' dir='ltr'>γενόμενα</span> <span class='ocrx_word' id='word_1_493' title='bbox 2663 4622 2798 4673; x_wconf 83' lang='lat' dir='ltr'><strong>coni.</strong></span> <span class='ocrx_word' id='word_1_494' title='bbox 2825 4620 2912 4688; x_wconf 82' lang='lat' dir='ltr'>Sp.</span> <span class='ocrx_word' id='word_1_495' title='bbox 3058 4624 3108 4673; x_wconf 88' lang='grc' dir='ltr'>ἐν</span> <span class='ocrx_word' id='word_1_496' title='bbox 3145 4640 3236 4675; x_wconf 82' lang='grc' dir='ltr'>τε·-</span> 
     </span>
     <span class='ocr_line' id='line_1_42' title="bbox 500 4702 3223 4775; baseline 0.003 -22"><span class='ocrx_word' id='word_1_497' title='bbox 500 4702 718 4773; x_wconf 82' lang='grc' dir='ltr'>λειότητι</span> <span class='ocrx_word' id='word_1_498' title='bbox 748 4706 881 4755; x_wconf 63' lang='lat' dir='ltr'>vict.</span> <span class='ocrx_word' id='word_1_499' title='bbox 1027 4705 1199 4757; x_wconf 73' lang='grc' dir='ltr'>αὒτοίσ</span> <span class='ocrx_word' id='word_1_500' title='bbox 1226 4709 1273 4755; x_wconf 84' lang='lat' dir='ltr'>V</span> <span class='ocrx_word' id='word_1_501' title='bbox 1418 4702 1483 4755; x_wconf 77' lang='lat'>:26</span> <span class='ocrx_word' id='word_1_502' title='bbox 1522 4704 1684 4757; x_wconf 79' lang='grc' dir='ltr'>τελεία</span> <span class='ocrx_word' id='word_1_503' title='bbox 1723 4723 1755 4756; x_wconf 82' lang='lat' dir='ltr'><strong>a</strong></span> <span class='ocrx_word' id='word_1_504' title='bbox 1794 4706 1881 4771; x_wconf 87' lang='lat' dir='ltr'>Sp.</span> <span class='ocrx_word' id='word_1_505' title='bbox 2045 4706 2110 4756; x_wconf 76' lang='lat'>27</span> <span class='ocrx_word' id='word_1_506' title='bbox 2150 4706 2366 4772; x_wconf 77' lang='grc' dir='ltr'>ἑαυτοῖς]</span> <span class='ocrx_word' id='word_1_507' title='bbox 2406 4708 2576 4764; x_wconf 66' lang='grc' dir='ltr'>αὐτοῖς</span> <span class='ocrx_word' id='word_1_508' title='bbox 2612 4710 2745 4761; x_wconf 84' lang='lat' dir='ltr'>coni.</span> <span class='ocrx_word' id='word_1_509' title='bbox 2786 4709 2873 4775; x_wconf 88' lang='lat' dir='ltr'>Sp.</span> <span class='ocrx_word' id='word_1_510' title='bbox 3017 4709 3088 4762; x_wconf 86' lang='lat'>30</span> <span class='ocrx_word' id='word_1_511' title='bbox 3125 4709 3223 4763; x_wconf 83' lang='grc' dir='ltr'>δεῖν</span> 
     </span>
     <span class='ocr_line' id='line_1_43' title="bbox 501 4791 3105 4864; baseline 0.004 -25"><span class='ocrx_word' id='word_1_512' title='bbox 501 4792 601 4841; x_wconf 74' lang='lat' dir='ltr'><strong>del.</strong></span> <span class='ocrx_word' id='word_1_513' title='bbox 643 4792 721 4842; x_wconf 74' lang='lat' dir='ltr'>vel</span> <span class='ocrx_word' id='word_1_514' title='bbox 760 4792 835 4841; x_wconf 82' lang='grc' dir='ltr'>ἀεὶ</span> <span class='ocrx_word' id='word_1_515' title='bbox 874 4792 965 4858; x_wconf 82' lang='lat' dir='ltr'>Sp.</span> <span class='ocrx_word' id='word_1_516' title='bbox 1008 4794 1134 4845; x_wconf 83' lang='lat' dir='ltr'>bene</span> <span class='ocrx_word' id='word_1_517' title='bbox 1276 4791 1338 4843; x_wconf 87' lang='lat'>31</span> <span class='ocrx_word' id='word_1_518' title='bbox 1380 4794 1473 4863; x_wconf 83' lang='grc' dir='ltr'>γάρ</span> <span class='ocrx_word' id='word_1_519' title='bbox 1510 4810 1585 4849; x_wconf 89' lang='grc' dir='ltr'>τις</span> <span class='ocrx_word' id='word_1_520' title='bbox 1621 4792 1689 4844; x_wconf 76' lang='lat'>13²</span> <span class='ocrx_word' id='word_1_521' title='bbox 1729 4794 1864 4845; x_wconf 80' lang='lat' dir='ltr'>vict.</span> <span class='ocrx_word' id='word_1_522' title='bbox 1905 4794 1992 4861; x_wconf 83' lang='lat' dir='ltr'>Sp.</span> <span class='ocrx_word' id='word_1_523' title='bbox 2137 4794 2352 4847; x_wconf 82' lang='lat' dir='ltr'><strong>fortasse</strong></span> <span class='ocrx_word' id='word_1_524' title='bbox 2390 4795 2561 4854; x_wconf 74' lang='grc' dir='ltr'>αὐτοῖς</span> <span class='ocrx_word' id='word_1_525' title='bbox 2703 4796 2768 4848; x_wconf 82' lang='lat'>33</span> <span class='ocrx_word' id='word_1_526' title='bbox 2809 4796 2838 4863; x_wconf 81' lang='grc' dir='ltr'><strong>ἣ</strong></span> <span class='ocrx_word' id='word_1_527' title='bbox 2882 4796 2980 4849; x_wconf 78' lang='lat' dir='ltr'>del.</span> <span class='ocrx_word' id='word_1_528' title='bbox 3017 4798 3105 4864; x_wconf 86' lang='lat' dir='ltr'>Sp.</span> 
     </span>
    </p>

    <p class='ocr_par' dir='ltr' id='par_1_13' title="bbox 500 4876 1283 4945">
     <span class='ocr_line' id='line_1_44' title="bbox 500 4876 1283 4945; baseline 0.005 -18"><span class='ocrx_word' id='word_1_529' title='bbox 500 4878 567 4927; x_wconf 79' lang='lat'>34</span> <span class='ocrx_word' id='word_1_530' title='bbox 607 4876 723 4929; x_wconf 79' lang='grc' dir='ltr'>οὔτε</span> <span class='ocrx_word' id='word_1_531' title='bbox 762 4879 977 4945; x_wconf 69' lang='lat' dir='ltr'>scripsi:</span> <span class='ocrx_word' id='word_1_532' title='bbox 1018 4878 1128 4930; x_wconf 74' lang='grc' dir='ltr'>οὐδὲ</span> <span class='ocrx_word' id='word_1_533' title='bbox 1168 4880 1283 4931; x_wconf 84' lang='lat' dir='ltr'><strong>libri</strong></span> 
     </span>
    </p>
   </div>
  </div>
 </body>
</html>
