3684 5567
544 238 627 303 66
1518 233 1822 291 ΑιιοΡιοΝ
1863 232 1985 289 KAI
2023 234 2289 291 ΛΥΣΕΩΝ

650 410 920 494 πρόνοιαν
974 410 1095 475 οἶόν
1150 434 1211 473 τε
1264 412 1447 493 λέγειν
1503 410 1773 492 πρόνοιαν
1826 416 1912 494 τῷ
1974 409 2037 472 τὸ
2095 407 2242 471 κατὰ
2298 406 2664 491 συμβεβηκὸς
2729 405 2789 467 ἐν
2845 410 3016 468 πᾶσιν
3061 404 3153 467 ἐπὶ

652 514 943 598 ἀναιρέσει
988 519 1091 577 τοῦ
1136 510 1185 598 ᾧ
1236 514 1559 577 συντίθεται
1605 512 2047 597 προστίθεσθαι.

823 616 941 681 Καὶ
986 620 1103 701 ἐγὼ
1148 619 1289 702 πρὸς
1335 616 1538 681 αὐτόν·
1596 618 1653 679 τί
1688 616 1782 696 6:43
1838 616 2148 698 ἀναγκαῖον
2194 614 2342 677 εἶναί
2386 634 2477 676 σοι
2532 615 2693 676 δοκεῖ
2733 613 2837 695 τὴν
2883 608 3150 693 πρόνοιαν
3183 625 3234 667 15

652 718 883 804 θατέρῳ
930 722 1148 784 τούτων
1195 719 1642 804 προσγενέσθαι,
1698 722 1791 782 καὶ
1838 721 1958 782 δεῖν
2004 719 2100 781 τὸν
2148 716 2598 801 ἀποκρινόμενον
2643 716 2784 798 πρὸς
2829 716 2924 777 τὸν
2971 714 3155 781 οὕτως

578 842 608 888 5
648 822 956 905 ἐρωτῶντα
1010 824 1048 907 ἢ
1104 822 1551 908 προηγουμένως
1607 823 1703 885 καὶ
1749 819 1884 885 καθ’
1942 822 2085 884 αὑτὸ
2139 818 2398 902 γίνεσθαι
2451 818 2634 901 λέγειν
2689 818 2870 900 αὐτὴν
2924 816 2962 898 ἢ
3007 815 3154 878 κατὰ

650 926 1047 1011 συμβεβηκός;

814 1028 931 1093 Καὶ
978 1030 1069 1099 ὅς·
1124 1031 1179 1093 τί
1233 1030 1340 1114 γὰρ
1389 1029 1459 1094 ἄν
1506 1054 1588 1099 τις
1641 1027 1824 1111 λέγων
1873 1027 2016 1091 ἄλλο
2075 1027 2232 1112 παρὰ
2287 1030 2468 1089 ταῦτα
2521 1024 2733 1094 δόξειεν
2789 1022 2938 1086 κατὰ
2980 1022 3150 1103 λόγον
3179 1038 3235 1079 2⁰

644 1134 939 1196 ποιεῖσθαι
984 1136 1087 1217 τὴν
1134 1133 1468 1219 ἀπόκρισιν;

816 1236 1034 1319 Δῆλον,
1082 1236 1273 1307 εἶπον,
1331 1242 1413 1307 ὡς
1456 1238 1509 1299 εἰ
1556 1237 1659 1319 μὲν
1709 1236 1887 1318 μηδὲν
1933 1235 2194 1317 φαίνοιτο
2239 1235 2557 1317 δυνάμενον
2603 1230 2749 1295 εἶναι
2795 1230 3004 1315 μεταξὺ
3049 1234 3152 1292 τοῦ

552 1358 609 1403 10
648 1336 783 1401 καθ’
824 1339 965 1401 αὑτὸ
1012 1340 1105 1402 καὶ
1139 1344 1237 1402 τοῦ
1284 1340 1431 1403 κατὰ
1462 1338 1852 1424 συμβεβηκός,
1899 1338 2120 1421 ἀνάγκη
2169 1338 2263 1400 τὸν
2311 1335 2760 1419 ἀποκρινόμενον
2805 1336 2980 1417 ὑγιῶς
3011 1334 3153 1417 πρὸς

646 1441 749 1522 τὴν
796 1440 1079 1525 ἐρώτησιν
1124 1444 1186 1505 ἐν
1232 1442 1465 1527 θατέρῳ
1520 1444 1625 1525 τὴν
1672 1442 1944 1525 πρόνοιαν
2000 1441 2298 1515 τίθεσθαι,
2355 1442 2407 1503 εἰ
2461 1439 2512 1503 δ’
2569 1439 2695 1502 ἐστι’
2743 1462 2793 1500 τι
2841 1439 3152 1519 δυνάμενον
3179 1450 3236 1493 25

641 1543 786 1606 εἶναι
834 1545 1051 1607 τούτων
1099 1544 1337 1628 μεταξύ,
1394 1544 1640 1629 φανερὸν
1688 1548 1769 1613 ὥς
1814 1546 1846 1607 ὃ
1893 1548 2063 1606 τοῦτο
2110 1543 2292 1613 δείξας
2339 1541 2430 1627 εἴη
2477 1542 2546 1605 ἂν
2593 1540 2816 1608 δεικνὺς
2861 1541 2963 1622 τὴν
3009 1540 3149 1623 ἐρώ·

641 1668 802 1729 τησιν
848 1646 954 1711 οὐκ
997 1648 1307 1731 ἀναγκαίαν
1363 1654 1446 1731 τῷ
1506 1650 1586 1731 μὴ
1636 1648 1854 1716 πάντας
1901 1644 1908 1733 Ι
1959 1647 2094 1715 τοὺς
2148 1634 2502 1731 δυναμένους
2543 1644 2816 1727 λέγεσθαι
2871 1646 3117 1727 τρόπους
3163 1650 3258 1707 124

639 1754 744 1833 τῆς
789 1751 1057 1833 προνοίας
1101 1752 1548 1835 περιειληφέναι.

542 1872 596 1919 15
807 1851 923 1917 Καὶ
967 1857 1022 1917 τί
1066 1854 1153 1931 ἄν,
1201 1855 1379 1931 εἶπεν,
1426 1854 1517 1938 εἴη
1566 1859 1846 1929 τοιοῦτον,
1901 1856 1931 1918 ὃ
1979 1859 2064 1939 τῷ
2099 1852 2562 1938 παραλελεῖφθαι
2607 1852 2890 1935 παραλύει
2935 1852 2999 1913 τὸ
3044 1856 3149 1934 τῆς

639 1958 1001 2041 ἀποκρίσεως
1046 1958 1381 2041 ἀναγκαῖον;

814 2058 1025 2143 Κάγώ·
1091 2064 1248 2124 δοκῶ
1296 2085 1394 2143 μοι
1440 2066 1609 2125 τοῦτο
1653 2066 1942 2146 γνώριμον
1987 2059 2258 2134 ἔσεσθαι,
2305 2059 2420 2123 εἴτε
2466 2064 2664 2123 τοῦτον
2711 2057 2840 2143 ἔχει
2885 2059 2980 2121 τὸν
3027 2057 3147 2140 τρό-
3203 2074 3232 2115 r·

639 2187 744 2225 πον
790 2163 905 2227 εἴτε
936 2165 1032 2227 καὶ
1080 2168 1182 2248 μή,
1226 2166 1282 2227 εἰ
1319 2169 1546 2247 πρῶτον
1594 2167 2035 2249 ὑπομνήσαιμεν
2068 2165 2327 2240 ἑαυτούς,
2375 2165 2521 2232 τίνος
2565 2163 2708 2225 ποτὲ
2737 2162 2971 2224 ἐκείνων
3016 2161 3146 2224 ἑκά-

640 2291 800 2352 τερον
833 2266 877 2347 †
908 2267 1053 2330 εἶναι
1085 2267 1413 2351 μηνυτικόν,
1459 2268 1611 2351 λέγω
1644 2270 1709 2331 δὲ
1741 2267 1806 2332 τό
1839 2291 1901 2331 τε
1933 2268 2072 2331 καθ’
2115 2269 2256 2331 αὑτὸ
2291 2268 2386 2329 καὶ
2417 2268 2564 2331 κατὰ
2596 2263 2980 2350 συμβεβηκός.
3049 2269 3149 2327 τοῦ

534 2391 602 2437 20
640 2369 690 2432 δ’
749 2372 943 2454 ὀρθῶς
997 2395 1069 2453 με
1124 2373 1415 2456 φήσαντος
1469 2372 1655 2455 λέγειν
1710 2371 2048 2456 ἐπειρώμην
2103 2372 2168 2434 τὸ
2225 2369 2650 2455 σημαινόμενον
2709 2368 2808 2453 ὑφ’
2865 2367 3143 2452 ἑκατέρου
3179 2385 3230 2425 1⁰

640 2480 754 2535 τῶν
800 2473 860 2536 ἐν
907 2479 981 2557 τῇ
1029 2474 1311 2557 ἐρωτήσει
1368 2474 1647 2557 κειμένων
1694 2475 2062 2549 ἐκτίθεσθαι,
2116 2474 2300 2555 λέγων
2355 2472 2489 2537 καθ’
2545 2474 2688 2537 αὑτὸ
2737 2473 2839 2555 μὲν
2886 2476 3148 2555 προνοεῖν

640 2600 786 2645 τινος
830 2578 1108 2659 λέγεσθαι
1137 2582 1361 2653 τοῦτον,
1410 2578 1473 2647 ὃς
1504 2581 1898 2660 ποιησάμενος
1944 2578 2157 2641 σκοπὸν
2203 2578 2307 2660 τὴν
2341 2578 2593 2661 ὠφελίαν
2633 2580 2734 2640 τοῦ
2767 2576 3146 2660 προκειμένου

639 2680 861 2762 ἐνεργεῖ
908 2704 970 2743 τε
1024 2682 1120 2743 καὶ
1178 2682 1414 2765 πράττει
1469 2681 1681 2766 ταύτης
1742 2684 1915 2767 χάριν
1973 2681 2046 2743 τὰ
2098 2679 2172 2743 δι’
2229 2682 2310 2743 ὧν
2368 2680 2548 2744 οἴεται
2605 2685 2708 2743 τοῦ
2773 2680 3150 2764 προκειμένου
3183 2696 3236 2737 15

638 2783 940 2851 τεύξεσθαι
988 2788 1239 2860 σκοποῦ,
1298 2784 1462 2853 τέλος
1508 2784 1850 2867 ποιούμενος
1895 2790 2010 2847 τῶν
2058 2785 2359 2869 ἐνεργειῶν
2417 2786 2521 2867 τὴν
2569 2785 2823 2867 ὠφελίαν
2868 2788 2970 2846 τοῦ
3017 2808 3150 2869 προ·

536 2905 600 2953 25
640 2886 983 2967 νοουμένου·
1032 2886 1181 2949 κατὰ
1212 2887 1585 2971 συμβεβηκὸς
1630 2887 1694 2949 δὲ
1736 2892 2000 2970 προνοεῖν
2045 2887 2275 2970 λέγεταί
2318 2888 2376 2950 τί
2400 2911 2568 2963 τινος,
2613 2887 2770 2960 ὅταν,
2821 2888 3000 2971 μηδὲν
3046 2891 3148 2949 τοῦ

642 2994 905 3073 προνοεῖν
954 2990 1139 3058 οὕτως
1184 2990 1497 3071 λεγομένου
1544 2992 1893 3073 πράττοντος
1939 2993 2083 3075 ὑπὲρ
2129 2993 2388 3076 ὠφελίας
2430 2996 2532 3054 τοῦ
2579 2990 3036 3076 προνοουμένου,
3081 2988 3150 3054 ἔκ
3176 3007 3234 3049 m

645 3115 810 3155 τινων
868 3091 964 3154 ὑπ’
1023 3092 1246 3156 ἐκείνου
1307 3092 1621 3177 γινομένων
1681 3094 2050 3177 ὠφελεῖσθαί
2099 3119 2150 3157 τι
2205 3096 2529 3180 συμβαίνῃ,
2595 3096 2746 3179 μηδὲ
2799 3097 2904 3178 τὴν
2959 3095 3148 3179 ἀρχὴν

640 3196 1011 3278 γνωρίζοντος
1068 3197 1133 3258 τὸ
1180 3198 1499 3281 συμβαῖνον
1556 3201 1657 3259 τοῦ
1709 3202 1911 3260 τοῦτον
1959 3203 2338 3281 προνοοῦντος
2393 3200 2490 3261 τὸν
2537 3200 2766 3282 τρόπον.
2855 3198 3152 3282 θησαυρόν

640 3322 702 3361 τε
746 3299 856 3383 γὰρ
903 3300 1210 3384 εὑρηκέναι
1256 3303 1419 3363 δοκεῖ
1459 3301 1605 3363 κατὰ
1662 3302 2032 3385 συμβεβηκὸς
2087 3303 2118 3364 ὁ
2163 3305 2409 3386 πρώτως
2455 3302 2635 3365 ἄλλου
2691 3304 2843 3372 τινὸς
2888 3302 3151 3386 ὀρύσσων
3178 3318 3234 3360 2⁵

538 3417 603 3467 30
640 3403 830 3485 χάριν,
879 3404 1029 3485 μηδὲ
1081 3404 1345 3488 εὑρήσειν
1392 3407 1758 3487 προσδοκῶν·
1825 3407 1920 3467 καὶ
1968 3406 2082 3467 ὑπὸ
2139 3410 2419 3490 κεραυνοῦ
2477 3430 2625 3475 τινος
2682 3406 2954 3469 ἀπόλωλε
3000 3408 3149 3469 κατὰ

646 3506 1011 3589 συμβεβηκὸς
1066 3510 1153 3592 τῷ
1202 3510 1298 3569 τὸν
1344 3508 1620 3592 κεραυνὸν
1678 3510 1825 3592 μήτε
1876 3508 1882 3591 Ι
1935 3509 2138 3572 τούτου
2183 3512 2357 3594 χάριν
2412 3510 2755 3593 ἐνεχθῆναι,
2813 3510 2962 3591 μήτε
3012 3514 3115 3571 τοῦ
3159 3516 3259 3572 125

639 3612 807 3670 τοῦτο
854 3606 1093 3671 ἔσεσθαι
1141 3607 1360 3673 ἔννοιάν
1406 3636 1529 3674 τινα
1560 3610 1852 3693 γεγονέναι
1901 3617 1986 3694 τῷ
2036 3616 2136 3675 τοῦ
2167 3616 2445 3695 κεραυνοῦ
2490 3616 2705 3695 ποιητῇ
2753 3609 2869 3674 εἴτε
2914 3613 3008 3674 καὶ
3055 3614 3150 3696 δη-

642 3716 923 3795 μιουργῷ.
1005 3714 1041 3795 ἡ
1089 3712 1195 3793 γὰρ
1242 3714 1450 3795 γνῶσίς
1494 3737 1643 3782 τινος
1700 3720 1815 3775 τῶν
1863 3714 2164 3795 ἑπομένων
2217 3720 2336 3783 τοῖς
2392 3715 2709 3796 γινομένοις
2753 3714 2932 3778 ἄλλου
2980 3717 3150 3799 χάριν

642 3816 921 3897 παραλύει
966 3816 1031 3876 τὸ
1062 3818 1322 3897 γίνεσθαι
1355 3816 1501 3877 κατὰ
1534 3815 1908 3900 συμβεβηκὸς
1953 3816 2102 3879 αὐτὰ
2145 3824 2230 3903 τῷ
2273 3818 2420 3881 κατὰ
2453 3818 2821 3903 συμβεβηκὸς
2866 3818 2970 3901 μὲν
3003 3819 3146 3882 εἶναι
3203 3835 3232 3875 5

534 3936 598 3984 35
639 3919 704 3981 τὸ
750 3916 908 4001 παρὰ
953 3916 1120 4000 λόγον
1175 3920 1433 4000 γίνεσθαι
1490 3922 1726 3995 δοκοῦν,
1780 3922 1887 4003 τὴν
1934 3922 1998 3983 δὲ
2053 3920 2374 4004 πρόγνωσιν
2429 3926 2544 3983 τῶν
2600 3922 2747 3985 κατὰ
2791 3922 2960 4005 λόγον
3005 3945 3149 4003 γινο-

535 4148 565 4199 2
610 4154 699 4200 τοῦ
747 4148 914 4201 B2S²a
960 4148 1073 4216 Sp.:
1129 4152 1206 4219 τῷ
1252 4151 1432 4203 VFS¹:
1488 4149 1545 4203 τὸ
1590 4152 1655 4203 13¹
1905 4152 1936 4203 7
1983 4150 2031 4204 τί
2069 4156 2115 4205 G
2151 4152 2271 4221 Sp.:
2327 4154 2402 4211 τίς
2441 4157 2521 4204 Va
2767 4158 2885 4221 post
2930 4152 3052 4206 ἄλλο
3102 4154 3262 4207 litura

540 4238 559 4287 l
604 4237 703 4289 litt.
744 4241 789 4287 V
1021 4237 1082 4289 15
1136 4238 1185 4288 τί
1230 4239 1290 4290 ἄν
1326 4242 1438 4306 Sp.:
1495 4245 1592 4291 πᾶν
1632 4240 1944 4293 VGFS¹B¹:
1998 4248 2233 4294 παντοῖον
2278 4240 2462 4293 B²S²a
2497 4240 2586 4309 Sp.
2823 4240 2884 4291 18
2937 4240 3168 4308 ἐκείνων]
3217 4259 3260 4294 ει

533 4326 589 4377 in
628 4341 727 4377 ras,
764 4328 812 4373 V
1032 4325 1091 4377 19
1132 4325 1281 4395 εἶναι]
1318 4326 1537 4379 fortasse
1575 4328 1676 4380 ἐστὶ
1875 4328 1942 4379 20
1979 4346 2042 4396 με
2079 4328 2194 4397 Sp.:
2232 4329 2322 4397 μὲν
2359 4329 2478 4381 libri
2693 4326 2759 4378 2⁸2
2815 4326 3062 4397 ὠφέλειαν
3099 4344 3132 4379 a.
3165 4331 3258 4395 Sp.

535 4428 733 4479 semper
926 4412 1286 4481 προκειμένου]
1324 4416 1694 4485 προνοουμένου
1734 4416 1874 4468 Diels
1911 4424 2050 4469 recte
2247 4416 2314 4467 23
2352 4415 2520 4489 χάριν]
2555 4433 2582 4486 ρ
2619 4417 2676 4467 in
2713 4416 2789 4467 lit.
2831 4420 2875 4465 V
3073 4414 3140 4469 25
3179 4414 3259 4467 λέ-

532 4498 703 4566 γεσθαι
750 4501 886 4552 coni.
925 4500 1010 4567 Sp.
1261 4501 1323 4551 27
1383 4502 1629 4573 συμβαίνῃ
1679 4502 1785 4557 8²2
1826 4504 1941 4571 Sp.:
2011 4503 2269 4574 συμβαίνει
2316 4505 2410 4557 13²:
2469 4504 2717 4573 συμβῆναι
2769 4504 2998 4555 VFB¹S¹

534 4586 599 4638 29
641 4586 863 4657 ὀρύσσων
903 4586 1023 4655 Sp.:
1072 4586 1295 4657 ὀρύσσειν
1334 4589 1453 4641 libri
1665 4592 1733 4643 30
1770 4591 1923 4659 τινος]
1962 4591 2178 4644 fortasse
2216 4611 2291 4649 τις
2503 4592 2586 4643 31.
2625 4591 2691 4643 32
2729 4595 2820 4643 τοῦ
2858 4596 3004 4644 τοῦτο
3041 4592 3257 4659 scripsi:

532 4675 715 4726 τούτου
739 4674 795 4725 τὸ
824 4677 1017 4727 VBSa:
1056 4674 1234 4727 τούτου
1260 4679 1305 4728 τὶ
1330 4676 1389 4729 τὸ
1418 4678 1575 4729 viem
1613 4684 1763 4731 τοῦτο
1792 4682 1925 4732 coni.
1955 4680 2041 4747 Sp.
2223 4679 2290 4731 34
2328 4680 2456 4731 αὐτὰ
2481 4683 2554 4748 τῷ
2581 4680 2790 4747 scripsi:
2829 4678 2972 4749 αὐτῷ
3002 4680 3257 4731 VB¹s¹F2

532 4760 676 4830 αὐτῷ
713 4765 790 4831 τῷ
825 4761 1040 4815 B²S²Ga
1066 4763 1152 4831 Sp.
1355 4766 1420 4819 35
1460 4767 1591 4837 παρὰ
1628 4766 1775 4837 λόγον
1814 4786 1846 4819 a
1871 4770 1983 4834 Sp.:
2023 4766 2304 4839 παράλογον
2345 4767 2492 4819 codd.
2689 4784 2844 4835 supra
2881 4766 2973 4835 τὴν
3011 4766 3104 4819 13²:
3142 4768 3186 4819 εἰ

532 4853 637 4899 τῶν
676 4866 714 4900 s.
756 4866 801 4900 v.
842 4854 891 4902 V
