3684 5567
1340 244 1498 301 ΠΕΡΙ
1540 244 2014 301 ΕΙΜΑΡΜΕΝΗΣ
2053 246 2190 301 72—-8
3008 249 3128 312 173

512 441 631 502 ριον
676 419 793 481 ἀπὸ
839 419 1021 503 τύχης
1066 419 1409 501 κεκομίσθαι
1454 418 1577 481 τινὰ
1623 418 1906 499 λέγουσιν,
1961 418 2096 481 ὅταν
2152 419 2233 486 εἰς
2289 421 2392 502 τὴν
2450 420 2662 503 ἀγορὰν
2709 419 3016 503 προελθὼν
3048 436 3106 477 ευ

510 520 689 584 ἄλλου
734 522 885 589 τινὸς
928 522 1097 604 χάριν
1142 520 1411 605 ἀργύριον
1457 518 1653 604 ἔχοντι
1696 524 2024 603 περιπεσὼν
2069 526 2156 607 τῷ
2205 525 2481 605 χρεώστῃ
2527 523 2593 584 τὸ
2641 521 3016 606 ὀφειλόμενον

419 668 425 673 -
510 624 673 707 αὑτῷ
697 625 873 708 λάβῃ.
940 628 1029 707 τῷ
1060 622 1169 706 γὰρ
1192 622 1347 706 (τοῦ)
1370 624 1675 707 προελθεῖν
1707 624 1789 692 εἰς
1820 624 1924 707 τὴν
1957 622 2170 707 ἀγορὰν
2203 624 2347 686 ἄλλο
2379 648 2432 687 τι
2464 626 2897 708 προηγούμενον
2929 622 3018 685 τέ-

507 728 607 792 λος
650 723 845 809 ἔχοντι
874 725 940 787 τὸ
970 725 1037 787 τὸ
1078 724 1565 809 προοφειλόμενον
1612 726 1809 809 λαβεῖν
1867 726 2196 808 ἀπήντησεν
2253 730 2334 794 ὡς
2387 726 2552 795 τέλος
2609 726 2756 790 κατὰ
2812 726 3022 809 συμβε-
3051 740 3106 782 25

442 846 475 895 5
513 828 692 911 βηκὸς
736 827 897 911 αὐτῷ
945 824 1279 908 γενόμενον·
1330 824 1421 910 [τὸ
1456 828 1559 909 μὲν
1590 828 1887 910 ποιητικὸν
1919 826 2097 889 αἴτιον
2129 829 2193 889 τὸ
2225 829 2290 890 δὲ
2319 828 2523 891 τούτου
2553 827 2775 912 τέλος·]
2810 828 2876 891 οὐ
2909 827 3016 909 γὰρ

512 930 629 991 ἀπὸ
673 928 858 1012 τύχης
901 926 987 990 ἔτι
1030 928 1262 1011 λέγεταί
1306 952 1389 997 τις
1441 929 1507 991 τὸ
1568 926 1943 1011 ὀφειλόμενον
1997 930 2316 1013 εἰληφέναι,
2372 930 2424 991 εἰ
2471 931 2673 993 τούτου
2720 932 2888 1014 χάριν
2935 932 3016 997 εἰς

512 1032 616 1114 τὴν
664 1030 877 1113 ἀγορὰν
922 1031 1238 1115 προῆλθεν,
1294 1030 1383 1093 ὅτι
1435 1031 1501 1093 τὸ
1556 1031 1930 1113 προκείμενον
1984 1029 2148 1115 αὐτῷ’
2203 1030 2363 1099 τέλος
2417 1032 2454 1114 ἡ
2515 1031 2761 1115 πρόοδος
2826 1030 3020 1115 ἔσχεν.

518 1134 614 1196 καὶ
660 1135 693 1195 ὁ
738 1133 913 1201 ἵππος
957 1134 1023 1196 δὲ
1067 1132 1411 1215 αὐτομάτως
1453 1134 1594 1195 τισὶν
1639 1132 1866 1214 λέγεται
1914 1134 2231 1210 σεσῶσθαι,
2279 1132 2416 1195 ὅταν
2450 1138 2667 1217 τροφῆς
2699 1135 2802 1216 μὲν
2834 1135 3021 1196 ἐλπίδι
3049 1151 3105 1192 ω

512 1235 552 1318 ἢ
598 1233 781 1297 ἄλλου
826 1237 979 1304 τινὸς
1023 1236 1192 1319 χάριν
1239 1235 1515 1318 ἀποφύγῃ
1562 1236 1693 1303 τοὺς
1738 1236 2093 1319 κατέχοντας
2137 1225 2332 1307 αὐτόν,
2379 1235 2690 1318 ἀπαντήσῃ
2739 1236 2803 1299 δὲ
2846 1235 3027 1299 αὐτοῦ

414 1357 474 1405 ιο
511 1342 589 1420 τῇ
643 1328 801 1421 φυγῇ
855 1339 950 1400 καὶ
987 1342 1088 1421 τῷ
1136 1336 1337 1421 δρόμῳ
1396 1338 1462 1399 τὸ
1520 1342 1638 1405 τοῖς
1694 1336 2002 1405 δεσπόταις
2055 1342 2404 1421 περιπεσεῖν.
2494 1340 2590 1400 καὶ
2642 1339 2698 1400 τί
2752 1340 2845 1401 δεῖ
2895 1339 3028 1420 ύμῖν

513 1440 695 1503 πλείω
742 1441 1178 1524 παραδείγματα
1222 1440 1642 1502 κατατίθεσθαι
1686 1441 1725 1523 ἢ
1772 1440 2279 1523 ἀκριβολογεῖσθαι
2333 1442 2463 1521 περὶ
2521 1445 2636 1502 τῶν
2683 1440 3027 1523 προειρημέ-
3065 1448 3135 1503 24

512 1566 654 1621 νων;
702 1544 895 1607 ἱκανὸν
939 1543 1047 1626 γὰρ
1094 1546 1175 1611 ὥς
1227 1543 1369 1625 πρὸς
1414 1541 1487 1603 τὰ
1530 1542 1884 1625 προκείμενα
1939 1543 2002 1603 τὸ
2058 1541 2238 1611 δεῖξαι
2291 1538 2386 1627 ἐφ’
2451 1542 2532 1602 ὧν
2588 1544 3031 1625 σημαινομένων

512 1646 583 1709 τὰ
629 1646 887 1727 ὀνόματα
930 1649 1335 1727 κατηγορεῖται
1378 1644 1451 1706 τὰ
1497 1644 1793 1727 εἰρημένα.
1886 1641 2066 1706 ὄντων
2112 1644 2184 1725 δὴ
2231 1649 2348 1705 τῶν
2405 1643 2522 1706 ἀπὸ
2575 1643 2761 1727 τύχης
2811 1668 2876 1707 τε
2930 1646 3026 1708 καὶ

517 1748 864 1830 αὐτομάτως
890 1746 1207 1829 γινομένων
1251 1746 1546 1823 τοιούτων,
1594 1748 1675 1813 ὡς
1722 1746 1802 1827 μὴ
1849 1745 2112 1827 γίνεσθαι
2157 1746 2304 1808 κατὰ
2347 1746 2788 1829 προηγουμένην
2835 1746 3022 1809 αἰτίαν
3077 1764 3104 1806 5

430 1870 490 1921 15
527 1852 673 1931 (τῶν
730 1849 838 1933 γὰρ
896 1850 1150 1918 σπανίως
1205 1849 1303 1911 ἐπὶ
1346 1854 1464 1917 τοῖς
1508 1850 1619 1932 πρὸ
1664 1848 1858 1910 αὐτῶν
1903 1850 2192 1930 γεγονόσιν
2237 1847 2627 1910 ἀπαντώντων
2672 1847 2737 1910 τό
2769 1870 2830 1910 τε
2861 1848 3028 1912 αὐτό-

522 1975 701 2035 ματον
746 1952 843 2014 καὶ
876 1952 915 2033 ἡ
948 1951 1150 2035 τύχη),
1196 1955 1322 2019 πῶς
1370 1949 1437 2012 ἂν
1484 1947 1731 2021 σώζοιτό
1776 1973 1829 2011 τι
1875 1955 1992 2011 τῶν
2041 1950 2471 2034 προειρημένων
2507 1948 2644 2013 καθ’
2699 1949 2798 2017 οὓς
2843 1953 3028 2014 πάντα

524 2053 1028 2139 προηγησαμένοις
1069 2054 1213 2116 τισὶν
1258 2053 1459 2121 αἰτίοις
1503 2054 1599 2115 καὶ
1646 2052 2100 2135 προηγουμένοις
2144 2051 2204 2121 ἐξ
2249 2052 2503 2134 ἀνάγκης
2547 2050 2670 2114 ἔστι
2699 2075 2764 2113 τε
2792 2051 2864 2113 τὰ
2895 2050 3031 2114 ὄντα

516 2160 611 2221 καὶ
656 2159 728 2220 τὰ
771 2156 1039 2239 γινόμενα
1085 2156 1298 2237 γίνεται
1342 2156 1590 2217 ἑκάστου
1636 2159 1751 2215 τῶν
1798 2154 2112 2235 γινομένων
2157 2151 2338 2215 αἴτιόν
2383 2177 2436 2216 τι
2481 2154 3031 2237 προκαταβεβλημέ-
3060 2173 3114 2214 ιο

516 2283 612 2322 νον
658 2257 919 2343 ἔχοντος,
962 2244 1240 2325 ούὸντος
1284 2256 1322 2339 ἢ
1367 2254 1665 2337 γεγονότος
1720 2258 1941 2338 ἀνάγκη
1998 2256 2092 2318 καὶ
2145 2255 2286 2317 αὐτὸ
2344 2254 2382 2336 ἢ
2439 2253 2584 2316 εἶναι
2642 2255 2679 2337 ἢ
2736 2254 3028 2337 γενέσθαι,

412 2384 481 2430 20
519 2363 636 2443 [τὸ]
684 2362 863 2444 μηδὲν
912 2362 1015 2439 μὲν
1062 2361 1353 2430 σώζοντας
1398 2363 1513 2420 τῶν
1559 2358 2012 2442 προειρημένων,
2071 2355 2196 2420 κατ’
2261 2356 2441 2420 ἄλλου
2486 2356 2552 2419 δέ
2596 2380 2748 2425 τινος
2802 2360 2868 2421 τὸ
2931 2362 3034 2440 τῆς

516 2468 699 2550 τύχης
721 2463 1225 2545 νομοθετήσαντας
1250 2459 1461 2543 ὄνομα;
1491 2460 1609 2543 <τὸ>
1631 2459 1739 2543 γὰρ
1765 2465 1847 2543 τῷ
1877 2461 1957 2542 μὴ
1984 2460 2348 2542 ἀναιρεῖσθαι
2371 2458 2557 2521 ἐκεῖνο
2583 2459 2694 2522 ὑπὸ
2719 2463 2821 2521 τοῦ
2846 2461 3032 2522 πάντα
3061 2477 3115 2518 15

518 2568 578 2638 ἐξ
623 2568 876 2648 ἀνάγκης
917 2565 1179 2647 γίνεσθαι
1222 2562 1527 2647 τιθεμένου
1576 2563 1724 2644 μηδὲ
1769 2563 1874 2644 τὴν
1920 2562 2104 2645 τύχην
2151 2561 2516 2644 ἀναιρεῖσθαι
2548 2560 2754 2641 λέγειν,
2799 2566 3032 2646 σοφιζο-

518 2671 707 2753 μένων
752 2669 905 2731 ἐστὶν
951 2666 1170 2747 ὁμοίως
1212 2664 1423 2733 αύτούς
1468 2687 1531 2727 τε
1575 2665 1669 2726 καὶ
1717 2663 1851 2731 τοὺς
1895 2662 2210 2731 ἀκούοντας
2257 2662 2482 2725 αὐτῶν·
2543 2663 2730 2731 οὕτως
2777 2664 2878 2743 μὲν
2927 2663 3035 2746 γὰρ

518 2771 685 2835 οὐδὲν
730 2770 983 2833 κωλύσει
1028 2767 1214 2850 λέγειν
1258 2768 1465 2830 ταύτὸν
1510 2764 1862 2849 εἱμαρμένην
1908 2788 1971 2826 τε
2017 2763 2160 2827 εἶναι
2217 2765 2313 2827 καὶ
2369 2764 2552 2847 τύχην
2613 2766 2711 2827 καὶ
2755 2769 3029 2828 τοσοῦτον

411 2895 479 2944 25
518 2875 755 2937 ἀποδεῖν
798 2876 900 2935 τοῦ
947 2872 1051 2953 τὴν
1096 2870 1282 2954 τύχην
1315 2870 1590 2952 ἀναιρεῖν,
1638 2871 1719 2935 ὡς
1764 2868 1860 2929 καὶ
1907 2869 2093 2929 πάντα
2138 2866 2210 2928 τὰ
2253 2866 2526 2947 γινόμενα
2553 2866 2810 2947 γίνεσθαι
2840 2866 3028 2947 λέγειν
3058 2884 3116 2925 20

521 2975 681 3061 [οὐκ]
730 2974 847 3037 ἀπὸ
891 2973 1094 3056 τύχης.
1183 2970 1306 3034 ἀλλ’
1361 2970 1467 3034 οὐκ
1512 2972 1607 3033 ἐπὶ
1652 2974 1737 3054 τῷ
1782 2968 2036 3049 τοῦνομα
2097 2972 2305 3040 σώζειν
2358 2970 2423 3030 τὸ
2478 2973 2581 3051 τῆς
2635 2970 2818 3052 τύχης
2872 2967 3035 3053 εἶχον

516 3079 622 3161 τὴν
670 3076 874 3155 αἰτίαν,
921 3074 1039 3137 ἀλλ’
1097 3074 1194 3136 ἐπὶ
1238 3080 1323 3157 τῷ
1371 3076 1621 3155 ἀναιρεῖν
1670 3072 1733 3134 τὸ
1766 3071 1953 3138 οὕτως
1985 3070 2249 3152 γίνεσθαί
2281 3094 2426 3143 τινα,
2473 3070 2556 3131 ὧν
2599 3071 2666 3131 τὸ
2699 3070 2815 3132 ἀπὸ
2848 3071 3034 3155 τύχης

414 3368 447 3420 2
485 3368 724 3439 χρεωστῇ
748 3366 805 3419 ε’
944 3364 976 3417 3
1014 3363 1156 3434 αύτῷ
1178 3368 1224 3415 V
1365 3360 1507 3429 αύτῷ
1531 3360 1687 3429 λάβῃ]
1724 3358 1940 3431 λήψαιτο
1963 3359 2173 3412 Eusebii
2202 3358 2364 3427 vulg.:
2401 3358 2526 3411 αὐτὸ
2564 3358 2693 3429 λάβῃ
2719 3359 2930 3411 Eusebii
2962 3375 3008 3426 p.
3038 3359 3071 3410 1.

414 3492 507 3539 τοῦ
544 3486 724 3539 addidi
938 3484 972 3536 4
1006 3484 1066 3536 τὸ
1102 3483 1162 3536 τὸ
1198 3486 1276 3535 a¹:
1329 3471 1389 3536 το
1425 3470 1483 3535 το
1521 3484 1635 3545 (sic)
1673 3482 1789 3533 add.
1829 3498 1877 3533 v.
1906 3497 1948 3532 e.
1975 3483 2041 3531 V:
2087 3478 2146 3532 τὸ
2185 3478 2285 3533 2²0
2571 3478 3024 3550 προσοφειλόμενον
3063 3478 3142 3530 2²:

411 3572 814 3645 προφειλόμενον
850 3573 903 3623 a'
1119 3572 1151 3625 5
1190 3570 1329 3640 αύτῷ
1370 3570 1543 3622 V¹a¹²z
1594 3568 1763 3621 αὐτῶν
1803 3585 1852 3619 v.
1879 3583 1922 3619 c.
1954 3570 1997 3616 V
2218 3555 2476 3635 γινόμενον
2518 3566 2680 3619 Lond.
2719 3572 2764 3622 O
2979 3566 3142 3635 τέλος]

414 3679 447 3712 τ
482 3662 539 3713 in
582 3660 657 3712 lit.
683 3664 749 3711 V:
786 3656 891 3721 <ού>
916 3656 1057 3715 τέλος
1083 3660 1128 3710 Ο
1307 3653 1617 3723 τὸω-τέλος]
1659 3659 1751 3707 aut
1788 3654 1958 3705 multa
1995 3652 2302 3704 exciderunt
2338 3662 2460 3705 ante
2498 3653 2624 3705 haec
2649 3657 2822 3715 verba,
2861 3659 2952 3705 aut
2989 3654 3146 3705 inter-

414 3752 793 3815 pretamentum
834 3752 959 3796 sunt
997 3746 1265 3812 sequentis
1304 3745 1564 3796 enuntiati
1780 3740 1811 3791 9
1851 3738 2114 3807 ἀπαντήσῃ
2153 3738 2232 3789 a¹²
2272 3739 2554 3793 Eusebius:
2613 3741 2885 3809 ἀπαντήσει
2922 3744 2971 3790 ν

421 3834 488 3886 10
521 3832 603 3897 τὸ]
638 3832 715 3901 τῷ
750 3831 803 3883 δὲ
830 3831 1045 3884 Eusebii
1088 3847 1137 3897 p.
1167 3831 1199 3882 l.
1414 3836 1709 3898 περιπεσεῖν.
1766 3827 1840 3879 ὧν
1879 3825 2044 3883 οὕτως
2089 3825 2313 3893 ἐχόντων
2352 3824 2466 3877 οὐδὲ
2501 3830 2660 3878 ταῦτα
2709 3827 2768 3879 ἂν
2808 3828 2884 3896 εἴη
2923 3822 3041 3878 καθ’
3082 3826 3147 3878 εἰ·

415 3920 677 3989 μαρμένην
703 3918 961 3971 Eusebius
1143 3917 1220 3969 δεῖ
1255 3916 1335 3969 2²:
1374 3916 1473 3969 δεῖν
1502 3917 1602 3967 νειι
1795 3916 1855 3966 11
1895 3912 2252 3984 παραδείγματι
2289 3914 2342 3964 a¹
2524 3913 2586 3965 15
2620 3918 2728 3965 τῶν
2756 3913 2835 3966 2²:
2872 3920 2977 3965 τῶν
3017 3928 3143 3965 corr.

416 4006 491 4058 111¹
527 4012 587 4056 ut
622 4004 829 4057 videtur
866 4006 921 4057 in
958 4004 1046 4057 τὸν
1087 4009 1147 4056 V:
1184 4004 1273 4056 τὸν
1311 4021 1386 4074 γρ.
1424 4008 1529 4055 τῶν
1561 4007 1632 4054 H:
1670 4002 1730 4054 τὸ
1769 4001 1824 4053 a¹
2002 4006 2105 4056 τοῖς
2139 4014 2187 4050 V.
2216 4014 2259 4050 c.
2301 3998 2453 4050 Va¹²z
2490 4006 2596 4051 τῶν
2633 4002 2705 4052 V¹
2883 4000 3148 4053 ἀπαντών-

425 4111 531 4144 των
566 4091 626 4143 τό
662 4108 717 4143 τε
754 4091 824 4143 2²:
881 4091 1137 4155 ἀπαντῶν,
1173 4092 1252 4155 τό,
1287 4109 1341 4143 τε
1378 4088 1489 4142 m²?
1548 4106 1678 4143 corr.
1717 4106 1783 4141 ex
1819 4090 2058 4140 ἀπαντῶν
2107 4104 2166 4137 το
2202 4103 2258 4138 τε
2295 4090 2359 4137 V:
2418 4086 2654 4138 ἀπαντῶν
2692 4087 2809 4139 τότε
2846 4088 2900 4139 a¹

417 4178 477 4230 τό
511 4198 568 4249 γε
607 4178 722 4232 Cas.
944 4177 1006 4229 19
1045 4176 1229 4249 ἔχοντα
1266 4180 1317 4230 a¹
1532 4174 1753 4246 γίνεσθαι
1792 4178 1835 4229 O
2047 4172 2114 4224 20
2152 4173 2209 4224 τὸ
2249 4174 2441 4225 delevi:
2481 4172 2538 4225 τὸ
2578 4175 2677 4224 V¹:
2715 4191 2813 4225 τωι
2852 4178 2908 4225 ut
2945 4173 3147 4225 videtur

418 4281 467 4317 v.
505 4281 549 4317 e.
588 4264 725 4317 infra
762 4280 891 4317 vers,
914 4268 976 4315 V:
1015 4266 1091 4332 τῷ
1126 4266 1205 4316 8¹:
1244 4266 1359 4321 τοὺς
1398 4262 1499 4317 a²o
1681 4262 1742 4313 21
1784 4259 2214 4329 νομοθετήσαντος
2250 4262 2318 4310 a':
2361 4257 2790 4327 νομοθετήσαντες
2828 4264 2872 4313 O
3045 4259 3148 4323 <τὸ>

418 4352 513 4422 γὰρ
548 4356 625 4420 τῷ
663 4352 876 4418 scripsi:
915 4354 992 4419 τῷ
1026 4352 1120 4421 γὰρ
1157 4366 1205 4403 v.
1232 4366 1277 4403 c.
1302 4349 1458 4401 vam:
1496 4350 1573 4417 τῷ
1610 4350 1704 4400 V¹=
1742 4348 1800 4399 τὸ
1837 4349 1932 4417 γὰρ
1958 4350 2002 4400 O
2205 4346 2374 4399 ἐκεῖνα
2413 4346 2576 4397 Lond.
2616 4349 2661 4399 Ο
2878 4347 2944 4398 22
2986 4346 3147 4415 τύχην

420 4438 508 4489 καὶ
550 4437 715 4489 Lond.
763 4441 807 4491 O
989 4437 1073 4490 22.
1100 4438 1167 4490 23
1206 4437 1576 4506 σοφιζομένων]
1612 4436 1702 4487 alt.
1744 4452 1770 4487 ο
1807 4436 1867 4487 iu
1905 4435 1979 4486 lit.
2012 4437 2074 4484 V:
2113 4432 2490 4501 σωφιζωμένων
2517 4434 2568 4483 a¹
2751 4432 2817 4485 23
2857 4432 3037 4491 αὑτοὺς
3075 4438 3146 4487 O:

420 4522 605 4580 αὐτοὺς
639 4528 688 4575 V
902 4525 991 4577 καὶ
1037 4540 1136 4576 om.
1175 4525 1231 4576 εἳ
1477 4522 1543 4574 24
1582 4521 1802 4574 κωλύσει
1838 4521 1994 4573 V²a¹:
2045 4518 2364 4577 κωλύσαντες
2410 4522 2546 4583 (post
2584 4535 2613 4569 υ
2652 4520 2731 4570 lit.
2772 4519 2794 4570 l
2836 4520 2956 4582 litt.)
2995 4520 3148 4573 V¹a²z

420 4608 750 4668 κωλύσαντας
776 4615 820 4663 Ε
860 4612 975 4665 Cas.
1179 4610 1245 4661 26
1289 4608 1387 4661 ἀπὸ
1420 4609 1596 4661 V²a¹²:
1642 4609 1738 4661 οὐκ
1782 4608 1882 4662 ἀπὸ
1910 4608 1980 4657 V¹
2189 4603 2301 4655 ἀλλ’
2337 4604 2484 4668 (ἀλλὰ
2519 4606 2592 4669 22²)
2637 4604 2732 4656 οὐκ
2776 4606 2855 4658 ἐπὶ
2895 4608 2970 4676 τῷ
2999 4606 3146 4659 B²a²z
3231 4624 3236 4633 ·

422 4728 531 4784 ἀλλ’
570 4732 650 4784 ἐπὶ
687 4733 785 4784 V¹:
843 4727 951 4784 ἀλλ’
992 4729 1087 4783 οὒκ
1125 4731 1205 4783 ἐπὶ
1241 4729 1300 4781 τὸ
1343 4730 1435 4782 V²z
1495 4726 1601 4783 ἀλλ’
1641 4728 1737 4780 οὒκ
1773 4728 1852 4780 ἐπὶ
1891 4726 2037 4779 a¹B¹z
2085 4725 2213 4779 ἀλλὰ
2251 4727 2338 4778 ES
2518 4724 2584 4777 27
2625 4713 2730 4777 ἀλλ’
2773 4728 2850 4778 sic
2889 4731 2935 4778 V

422 4819 522 4889 τῷ]
564 4821 633 4871 m¹
675 4833 806 4871 corr.
842 4834 907 4870 ex
944 4824 1048 4870 τῶν
1086 4821 1133 4867 V
