3684 5567
574 245 657 309 48
1548 240 1855 297 ΑΠΟΡΙΩΝ
1895 241 2016 297 ΚΑΙ
2053 240 2316 297 ΛΥΣΕΩΝ

681 404 829 477 κατὰ
876 416 1269 501 συμβεβηκός;
1322 418 1418 479 καὶ
1460 416 1570 500 γὰρ
1616 417 1667 479 εἰ
1713 421 1795 499 τῷ
1841 420 2154 497 γειτνιῶντι
2200 416 2360 499 αὐτῷ
2409 417 2618 497 γίνεται
2666 418 2912 497 σώματι,
2960 413 3074 495 ἤδη
3123 410 3188 474 ἂν

683 516 776 599 εἴη
822 523 991 582 τοῦτο
1038 518 1178 603 ἔχον
1224 518 1438 581 οἰκείαν
1482 518 1653 601 φύσιν
1711 516 1773 581 ὄν
1818 541 1884 581 τε
1926 518 2184 602 ἐνεργείᾳ
2238 523 2439 600 σῶμα·
2505 522 2617 579 πᾶν
2662 517 2774 601 γὰρ
2818 520 2991 598 σῶμα
3037 516 3188 597 ἐνερ-
3214 529 3269 570 ιὸ

687 621 815 704 γείᾳ
860 622 1071 705 θνητὸν
1118 622 1321 683 ἁπλῶν
1368 620 1427 681 τί
1465 619 1618 683 ἐστιν
1666 620 1703 701 ἢ
1749 620 1815 681 ἐκ
1861 620 2080 682 τούτων
2125 618 2401 683 σύνθετόν
2446 643 2510 682 τε
2555 620 2651 681 καὶ
2699 617 2926 701 μικτόν,
2972 618 3189 680 τούτων

685 722 749 784 δὲ
795 722 1035 786 ἕκαστον
1083 723 1293 786 οἰκείαν
1348 720 1476 805 ἔχει
1521 722 1645 784 τινὰ
1689 721 1860 803 φύσιν
1914 719 1982 804 [ἢ
2029 723 2125 784 καὶ
2171 719 2245 783 δι’
2302 722 2525 804 ἐκείνην
2580 722 2731 785 ἐστὶν
2779 720 3038 803 ἐνεργείᾳ
3084 742 3192 783 τοι·

616 844 645 891 5
685 823 913 907 οῦτον],
978 824 1070 906 εἴη
1125 847 1187 887 τε
1250 823 1317 887 ἂν
1372 825 1527 886 οὕτω
1582 828 1808 907 πρῶτον
1863 824 2158 885 ἀπολαῦον
2215 825 2278 885 τὸ
2336 828 2448 905 πῦρ
2495 829 2598 906 τῆς
2654 823 2921 905 τοιαύτης
2973 821 3038 883 ἐκ
3091 825 3278 883 τοῦ»

682 926 851 989 θείου
899 928 1229 1008 δυνάμεως,
1275 924 1475 989 ἔπειτα
1519 930 1638 993 τοῖς
1685 923 1809 1007 μετ’
1865 925 2006 989 αὐτὸ
2053 927 2306 988 διαδιδὸν
2351 926 2562 1008 αὐτήν,
2611 929 2692 991 ὡς
2737 927 2924 987 πάντα
2965 924 3037 986 τὰ
3083 926 3194 988 σώ-

686 1052 841 1109 ματα
884 1033 959 1111 τῇ
1008 1028 1245 1110 τοιαύτῃ
1295 1025 1547 1091 διαδόσει
1580 1028 2040 1111 μεταλαμβάνειν
2071 1028 2272 1111 αὐτῆς,
2319 1027 2390 1089 τὰ
2439 1028 2542 1109 μὲν
2582 1030 2778 1089 πλεῖον
2823 1026 2896 1089 τὰ
2940 1027 3005 1089 δὲ
3035 1023 3195 1088 ἔλατ-
3283 1028 3290 1038 ‘

682 1153 798 1193 τον.
877 1130 997 1193 ἀλλ’
1038 1132 1089 1193 εἰ
1119 1135 1309 1205 τοῦτο,
1356 1129 1699 1211 ἐπιζητῆσαι
1744 1152 1827 1197 τις
1875 1128 1942 1192 ἄν
1987 1130 2044 1190 τί
2083 1133 2348 1192 συντελεῖ
2386 1135 2504 1191 τῶν
2551 1131 2843 1212 σωμάτων
2889 1130 3120 1212 ἑκάστῳ
3153 1128 3190 1210 ἢ
3219 1143 3273 1184 25

684 1233 919 1315 τοιαύτη
966 1230 1222 1317 δύῙναμίς
1266 1255 1327 1294 τε
1382 1232 1478 1293 καὶ
1532 1230 1720 1313 φύσις.
1810 1231 1959 1293 κατὰ
2003 1232 2112 1315 γὰρ
2156 1233 2260 1315 τὴν
2317 1234 2554 1315 πρώτην
2607 1231 2775 1317 φύσιν
2831 1232 2936 1314 τὴν
2983 1230 3190 1311 ἐγγινο-
3230 1239 3301 1293 89

583 1356 646 1403 10
686 1335 864 1418 μένην
910 1336 1093 1418 αὐτὴν
1140 1335 1399 1417 ἑκάστῳ,
1456 1332 1593 1397 καθ’
1650 1334 1719 1416 ἣν
1766 1334 1830 1395 τὸ
1881 1332 1984 1415 μέν
2031 1334 2153 1396 ἐστι
2199 1340 2342 1417 πῦρ,
2387 1334 2452 1395 τὸ
2499 1335 2563 1395 δὲ
2609 1335 2751 1416 ἀὴρ,
2797 1335 2863 1395 τὸ
2911 1334 2976 1396 δὲ
3019 1333 3194 1417 ὕδωρ,

690 1440 754 1501 τὸ
802 1439 867 1500 δὲ
910 1444 1008 1519 γῆ,
1054 1439 1092 1519 ἡ
1141 1436 1235 1498 ἐπὶ
1281 1436 1413 1503 τοὺς
1458 1434 1705 1503 οἰκείους
1735 1435 1932 1504 αὐτοῖς
1977 1436 2185 1505 τόπους
2232 1437 2446 1518 κίνησις
2492 1436 2721 1517 γίνεται,
2771 1433 2908 1499 καθ’
2951 1436 3022 1519 ἢν
3069 1436 3197 1499 ἕκα-
3251 1454 3280 1495 5

685 1561 819 1615 στον
866 1539 1057 1602 αὐτῶν
1104 1543 1208 1621 τῆς
1254 1537 1397 1605 ἰδίας
1434 1539 1709 1621 τυγχάνει
1753 1537 2132 1621 τελειότητος.
2205 1540 2424 1620 ὁμοίως
2469 1539 2533 1601 δὲ
2577 1538 2630 1599 εἰ
2661 1538 2756 1601 καὶ
2801 1538 2862 1600 ἐν
2907 1543 3029 1607 τοῖς
3073 1562 3197 1605 συν-

682 1642 874 1711 θέτοις
917 1641 1125 1725 γίνοιτο
1159 1642 1442 1723 σώμασιν,
1488 1641 1583 1703 καὶ
1630 1639 1691 1701 ἐν
1723 1640 1963 1709 ἐκείνοις
2007 1639 2074 1702 οὔ
2117 1642 2258 1724 πρὸς
2303 1641 2366 1702 τὸ
2401 1640 2550 1702 εἶναι
2593 1638 2903 1723 ἄνθρωπον
2951 1642 2988 1725 ἢ
3035 1646 3190 1727 ζῷον

684 1744 723 1827 ἢ
771 1746 949 1828 φυτὸν
990 1744 1229 1806 ἕκαστον
1276 1741 1468 1804 αὐτῶν
1510 1744 1779 1803 συντελοῖ
1817 1742 1886 1805 ἄν
1932 1766 2010 1804 τι·
2058 1742 2172 1826 ἤδη
2217 1741 2327 1824 γὰρ
2373 1738 2531 1804 οὖσιν
2579 1742 2776 1811 αὐτοῖς
2819 1742 3080 1826 ἐγγίνοιτ’
3125 1744 3193 1807 ἂν
3225 1762 3278 1802 ιο

584 1868 643 1916 15
686 1850 766 1914 ὡς
808 1851 895 1932 τῷ
946 1848 1080 1929 πυρὶ
1125 1847 1219 1909 καὶ
1263 1848 1379 1908 τῶν
1427 1845 1629 1907 ἁπλῶν
1676 1845 1937 1927 ἑκάστῳ·
1984 1844 2138 1907 οὕτω
2183 1841 2235 1906 δ’
2279 1842 2346 1906 ἂν
2394 1844 2592 1907 οὐκέθ’
2635 1846 2674 1927 ἡ
2721 1845 2958 1927 δύναμις
3002 1847 3192 1931 ἐκείνη

686 1950 839 2013 αἰτία
883 1948 1089 2030 γίνοιτο
1144 1952 1245 2010 τοῦ
1292 1948 1363 2010 τὰ
1411 1948 1514 2028 μὲν
1568 1945 1805 2031 ἔμψυχα
1853 1946 2026 2020 εἶναι,
2081 1946 2152 2009 τὰ
2197 1947 2261 2008 δὲ
2305 1945 2508 2031 ἄψυχα
2561 1953 2677 2009 τῶν
2723 1951 3042 2029 σωμάτων,
3099 1952 3193 2013 καὶ

684 2055 800 2115 τῶν
846 2050 1131 2135 ἐμψύχων
1176 2048 1247 2111 τὰ
1294 2050 1397 2131 μὲν
1442 2050 1546 2132 τὴν
1594 2050 1908 2133 θρεπτικὴν
1955 2049 2153 2133 ψυχὴν
2201 2050 2381 2131 μόνην
2430 2047 2669 2133 ἔχοντα,
2725 2050 2796 2113 τὰ
2841 2052 2906 2114 δὲ
2949 2053 3044 2115 καὶ
3089 2053 3193 2135 τὴν

685 2153 1052 2238 αἰσθητικὴν,
1098 2151 1171 2214 τὰ
1212 2152 1279 2213 δὲ
1324 2152 1467 2235 πρὸς
1511 2151 1731 2219 τούτοις
1774 2152 1872 2213 καὶ
1915 2152 2021 2233 τὴν
2066 2150 2333 2233 λογικήν·
2382 2152 2527 2234 αὕτη
2575 2151 2627 2214 δ’
2679 2150 2865 2216 ἔκειτο
2911 2159 3016 2237 τῆς
3057 2151 3183 2217 κατ’
3227 2169 3279 2211 15

690 2255 871 2323 αὐτὰς
914 2258 1194 2336 διαφορᾶς
1245 2252 1407 2337 ἔχειν
1454 2254 1557 2335 τὴν
1604 2254 1815 2315 αἰτίαν·
1882 2252 1978 2315 διὰ
2021 2253 2129 2334 γὰρ
2188 2252 2399 2336 ταύτης
2451 2258 2554 2336 τῆς
2609 2255 2912 2337 δυνάμεως
2956 2257 3197 2341 πρόνοια

580 2380 647 2427 20
684 2355 871 2420 ἔκειτο
917 2358 1145 2438 λογικὸν
1196 2360 1347 2439 ζῷον
1392 2357 1489 2418 τὸν
1537 2354 1850 2438 ἄνθρωπον
1897 2360 2165 2431 ποιοῦσα,
2212 2356 2307 2417 καὶ
2353 2356 2447 2419 διὰ
2492 2361 2664 2420 τοῦτο
2708 2358 2939 2441 ἐλέγετο
2985 2360 3194 2434 πάντα,

688 2461 800 2525 ὅσα
845 2459 941 2522 διὰ
982 2460 1081 2521 τὸν
1127 2461 1296 2541 λόγον
1341 2481 1403 2520 τε
1450 2459 1545 2520 καὶ
1592 2458 1689 2520 τὸν
1736 2462 1868 2520 νοῦν
1915 2456 2014 2519 οἷά
2056 2480 2120 2519 τε
2160 2458 2440 2542 ὑπάρχειν
2486 2464 2571 2542 τῷ
2621 2461 2940 2545 ἀνθρώπῳ,
2986 2462 3192 2525 ταύτὸν
3221 2478 3280 2519 ευ

684 2562 811 2649 ἔχει
856 2561 1015 2645 παρὰ
1067 2566 1173 2644 τῆς
1218 2559 1379 2627 θείας
1432 2562 1717 2644 προνοίας.
1810 2559 2028 2642 μήποτ’
2087 2557 2186 2621 οὖν
2242 2560 2363 2643 χρὴ
2419 2560 2603 2643 λέγειν
2656 2567 2778 2632 τοῖς
2832 2564 2936 2645 μὲν
2991 2566 3196 2634 ἁπλῶς

686 2670 920 2749 σώμασι
979 2664 1420 2747 προϋπάρχουσι
1476 2662 1646 2745 τήνδε
1700 2663 1805 2745 τὴν
1863 2663 2100 2744 δύναμιν
2141 2662 2470 2745 ἐγγίνεσθαί
2517 2687 2579 2725 τε
2631 2665 2727 2726 καὶ
2772 2666 3198 2748 προσγίνεσθαι,

687 2766 760 2831 δι’
816 2768 887 2850 ἣν
942 2766 1123 2829 αἰτίαν
1178 2764 1323 2828 αὐτὰ
1379 2766 1483 2847 μὲν
1540 2764 1708 2827 οὐδέν
1761 2787 1813 2826 τι
1867 2763 2028 2826 θεῖον
2073 2764 2284 2833 αὐτοὺς
2337 2763 2465 2849 ἔχει
2519 2790 2669 2836 πως·
2738 2774 2961 2832 τοιοῦτο
3005 2770 3114 2854 γὰρ
3160 2772 3282 2852 ἡει

582 2891 646 2939 25
685 2868 852 2955 ψυχή
898 2868 1071 2941 ἐστιν,
1117 2865 1331 2949 ἄμοιρα
1376 2868 1757 2941 παντάπασιν,
1805 2866 1894 2928 ὅτι
1939 2868 2020 2950 μὴ
2073 2865 2078 2950 Ι
2131 2863 2282 2929 ἔστιν
2329 2868 2522 2930 αὐτῶν
2567 2868 2627 2929 ἐν
2671 2873 2748 2952 τῇ
2783 2868 2953 2953 οὐσίᾳ
2997 2872 3036 2955 ἡ
3081 2895 3188 2935 τοι·
3229 2880 3302 2936 90

686 2974 790 3035 άδε
850 2971 1087 3053 δύναμις
1148 2968 1366 3039 ἔξωθεν
1429 2968 1623 3037 αὐτοῖς
1677 2969 1775 3031 καὶ
1835 2970 2283 3052 προϋπάρχουσι
2342 2972 2790 3053 προσγινομένη,
2855 2972 2976 3036 ἀλλ’
3046 2972 3198 3038 ἔστιν

689 3075 890 3142 ἁπλῶς
936 3076 1209 3156 σώματα·
1276 3072 1389 3135 ὅσα
1432 3070 1485 3133 δ’
1542 3071 1611 3135 ἐκ
1662 3075 1767 3152 τῆς
1814 3070 2032 3134 τούτων
2088 3076 2340 3156 φυσικῆς
2396 3073 2606 3154 μίΕεώς
2661 3098 2722 3136 τε
2778 3076 2872 3137 καὶ
2932 3078 3200 3160 κράσεως

684 3177 925 3259 γίνεται,
980 3174 1197 3237 τούτων
1252 3171 1302 3237 δ’
1360 3174 1420 3236 ἐν
1474 3178 1552 3256 τῇ
1596 3172 1818 3255 γενέσει
1863 3174 2396 3257 κατασπειρομένην
2449 3177 2545 3238 καὶ
2598 3176 2704 3259 τὴν
2751 3176 2912 3239 θείαν
2958 3178 3196 3263 δύναμιν
3251 3197 3282 3240 ὅ

687 3278 782 3341 καὶ
828 3276 997 3360 φύσιν
1043 3276 1265 3359 ἀμείνω
1312 3278 1407 3340 καὶ
1452 3278 1779 3359 τελειότερα
1820 3280 2004 3339 ταῦτα
2047 3279 2231 3339 ποιεῖν
2276 3275 2347 3338 τὰ
2387 3278 2652 3359 σώματα,
2701 3280 3193 3365 συνεισφερόντων

581 3400 651 3449 3ο
686 3381 784 3443 καὶ
827 3383 942 3441 τῶν
988 3378 1191 3449 ἁπλῶς
1234 3380 1525 3462 σωμάτων
1580 3379 1663 3447 εἰς
1706 3380 1811 3461 τὴν
1856 3377 2075 3461 γένεσιν
2131 3384 2246 3442 τῶν
2301 3379 2360 3447 ἐξ
2405 3378 2596 3442 αὐτῶν
2641 3382 2956 3462 γινομένων
3001 3387 3200 3467 σωμά-

585 3674 608 3725 1
652 3672 694 3724 el
728 3670 989 3724 BS²HF¹a
1026 3671 1142 3736 εμπ
1182 3668 1259 3738 εἰτ’]
1300 3669 1377 3720 sic
1401 3672 1466 3720 V:
1506 3667 1583 3739 εἴη
1622 3671 1703 3722 FS
1917 3667 1950 3720 3
1989 3667 2162 3720 ἁπλῶν
2201 3668 2411 3735 scripsi:
2450 3666 2626 3728 ἁπλῶς
2649 3674 2954 3726 VFHB¹S¹:
2991 3673 3182 3728 ἁπλοῦν
3208 3676 3305 3731 13²:

585 3759 757 3817 ἁπλῶς
794 3757 848 3810 ὃν
876 3758 996 3811 S²at
1038 3756 1225 3809 ἁπλοῦν
1252 3754 1308 3807 ὃν
1338 3757 1469 3808 vict.
1647 3756 1697 3807 4.
1725 3756 1756 3807 5
1794 3756 1827 3824 ἡ
1868 3757 2247 3808 καὶ-τοιοῦτον
2285 3755 2539 3808 emblema
2576 3772 2690 3809 esse
2728 3758 2880 3811 docui
2909 3760 2944 3811 l.
2971 3777 3014 3813 c.
3041 3760 3136 3813 139
3157 3779 3235 3832 sq.

586 3846 619 3899 5
656 3844 911 3913 ἀπολαβόν
952 3863 983 3897 a
1020 3847 1107 3911 Sp.
1326 3845 1357 3896 6
1396 3843 1520 3896 αὐτὸ
1560 3847 1631 3894 H:
1672 3842 1823 3894 αὐτόν
1864 3844 1940 3895 sic
1977 3848 2042 3894 V:
2082 3842 2234 3894 αὐτὸν
2273 3842 2430 3893 FSBa
2469 3845 2557 3909 Sp.
2796 3845 3012 3900 διαδιδον
3050 3853 3099 3900 V

586 3934 747 4003 αἰιτήν
791 3934 923 3985 vict.
962 3935 1079 3999 Sp.:
1119 3950 1246 4000 αυτη
1288 3936 1350 3982 V:
1389 3931 1515 4001 αὺτῆ
1556 3935 1622 3983 F:
1663 3930 1791 4001 αὕτη
1831 3934 1902 3984 Sa
2081 3931 2111 3982 7
2151 3928 2318 3983 πλεῖον
2355 3932 2470 3996 Sp.:
2508 3930 2657 3983 πλέον
2697 3936 2772 3984 H:
2812 3934 2968 3985 πλείω
3010 3938 3219 3989 VF'SBa

586 4020 647 4074 1⁴2
685 4022 906 4073 fortasse
951 4018 1291 4089 τηλειότητος.
1364 4016 1481 4081 (οὐκ
1529 4018 1624 4087 ἄρα
1680 4019 1711 4086 ἡ
1762 4017 1970 4086 δύναμις
2027 4017 2194 4087 ἐκείνη
2251 4016 2452 4075 τελείοις
2507 4018 2604 4087 ἤδη
2662 4024 3024 4091 προσγινομὲνη
3082 4022 3309 4091 σώμασιν

584 4110 717 4161 αἰτία
754 4108 813 4160 ἂν
852 4106 927 4177 εἴη
968 4105 1137 4158 αὒτῶν
1175 4110 1267 4174 τῆς
1304 4104 1664 4175 τελειότητος>·
1704 4105 1897 4173 ὁμοίως
2109 4104 2162 4157 δὲ
2201 4106 2415 4172 scripsi:
2455 4105 2513 4157 τὸ
2551 4106 2698 4158 libri:
2737 4107 2815 4175 τῷ
2849 4109 2986 4159 coni.
3026 4111 3114 4176 Sp.

585 4196 647 4247 14
686 4194 913 4247 συντελοῖ
947 4194 1006 4246 ἄν
1044 4211 1093 4245 τι
1129 4194 1265 4245 vict.
1304 4200 1423 4260 post
1458 4193 1657 4245 litteras
1699 4193 1904 4259 V(aria)
1953 4193 2206 4259 L(ectio):
2254 4192 2513 4263 τελοιαντη
2554 4196 2618 4243 V:
2656 4194 2850 4247 τελοῖαν
2887 4200 2950 4263 τῆ
2989 4199 3056 4248 F:
3115 4197 3312 4276 τέλοιαν

579 4303 643 4367 τῆ
682 4300 742 4351 S:
799 4296 995 4349 τέλοιαν
1032 4297 1100 4370 τῇ
1136 4311 1194 4347 a:
1252 4294 1390 4347 τελοῖ
1424 4295 1483 4347 ἂν
1522 4315 1585 4365 τη
1624 4297 1701 4348 sic
1738 4300 1813 4347 H:
1875 4311 1973 4347 om.
2014 4298 2072 4348 in
2109 4298 2282 4363 spatio
2320 4295 2351 4347 9
2390 4297 2492 4350 litt.
2531 4313 2694 4349 vacuo
2737 4299 2824 4350 rel.
2863 4301 2906 4350 B
3125 4304 3184 4355 17
3223 4304 3312 4371 ἐμ.-

582 4385 762 4457 ψυχων
801 4388 847 4437 G
884 4399 986 4452 mg.
1016 4384 1180 4435 vict.:
1220 4381 1438 4452 ἀψύχων
1474 4384 1595 4435 libri
1772 4384 1906 4452 ἔχειν
1945 4385 2080 4435 coni.
2119 4386 2208 4450 Sp.
2378 4384 2460 4437 21.
2483 4384 2550 4435 22
2587 4385 2772 4438 ταύτὸν
2811 4384 2938 4458 ἔχει]
2978 4392 3138 4440 ταῦτα
3175 4388 3312 4459 ἔχειν

577 4472 713 4523 vict.
752 4473 867 4538 Sp.:
921 4471 1139 4523 fortasse
1174 4465 1322 4521 ταῦτ’
1363 4468 1515 4521 αὐτὸν
1554 4470 1687 4539 ἔχειν
1867 4471 1934 4523 22
1974 4470 2172 4539 μήποτ’
2198 4473 2361 4522 vien:
2403 4470 2530 4541 μήτ’
2558 4472 2676 4525 libri
2857 4473 2924 4526 23
2959 4474 3308 4544 προσγίνεσθαι

579 4560 715 4611 vict.
742 4561 856 4626 Sp.:
894 4556 1210 4629 προγίνεσθαι
1246 4556 1367 4610 libri
1509 4557 1577 4610 24
1614 4557 1817 4627 αὐτοὺς]
1858 4560 1908 4610 ἐν
1947 4558 2117 4615 αὺτοῖς
2153 4562 2240 4626 Sp.
2283 4563 2418 4612 recte
2456 4562 2591 4611 coni.
2737 4559 2804 4612 25
2841 4560 3030 4631 ἄμοιρα
3067 4564 3314 4615 GFSHa:

582 4663 767 4715 αμοιρα
806 4649 870 4697 V:
908 4646 968 4715 ἧς
1006 4645 1189 4713 ἄμοιρα
1228 4646 1359 4697 vict.
1396 4647 1513 4713 Sp.:
1568 4646 1695 4697 ἐστιν
1744 4647 1920 4698 colloc.
1961 4650 2080 4713 post
2131 4647 2314 4717 ἄμοιρα
2352 4651 2425 4698 Η;
2481 4648 2701 4699 fortasse
2747 4648 2877 4711 (καὶ)
2922 4654 3056 4711 πῶς;
3111 4655 3310 4703 τοιοῦτο

579 4734 671 4803 γὰρ
709 4734 741 4803 ἡ
782 4734 936 4807 ψυχή,
974 4733 1078 4803 <ἧς>
1115 4733 1243 4784 ἐστιν
1284 4733 1467 4803 ἄμοιρα
1680 4733 1745 4785 26
1785 4734 2146 4804 προσγινομένη
2187 4737 2302 4801 Sp.:
2350 4736 2734 4803 προσγινομένης
2773 4736 2892 4787 libri
3113 4736 3179 4789 27
3218 4742 3311 4808 τῆς

580 4836 621 4873 8.
651 4836 696 4871 v.
736 4823 785 4871 V
999 4819 1065 4873 29
1104 4826 1257 4873 ποιεῖν
1297 4819 1439 4873 3²32
1473 4824 1589 4889 Sp.:
1634 4828 1769 4875 ποιεῖ
1804 4824 2065 4876 VHGFS¹
2278 4820 2347 4873 30
2384 4823 2470 4873 καὶ
2508 4822 2669 4875 vict:
2707 4823 2739 4894 ἡ
2783 4822 2902 4878 libri
