3684 5567
1342 273 1601 331 HfflKQN
1644 273 2175 331 ΠΡΟΒΛΗΜΑΤΩΝ
2216 278 2350 331 5-7
3091 278 3208 342 127

588 608 725 671 VII.
802 607 927 672 Διά
970 608 1066 683 τί,
1112 608 1175 671 εἰ
1217 609 1257 691 ἡ
1301 607 1483 691 λύπη
1529 613 1715 671 πᾶσα
1760 607 1973 670 κακὸν
2019 612 2102 689 τῇ
2152 606 2406 690 ἑαυτῆς
2448 606 2686 689 φύσει,
2732 604 2893 689 οὐχὶ
2940 606 3058 667 καὶ
3105 610 3208 667 243

944 712 983 793 ἡ
1030 710 1249 793 ἡδονὴ
1297 714 1487 773 πᾶσα
1530 710 1794 791 ἀγαθόν
1841 706 2036 773 ἔσται
2079 713 2166 791 τῇ
2216 708 2476 791 ἑαυτῆς
2519 708 2747 792 φύσει.

742 878 818 945 Ἢ
874 880 983 965 γὰρ
1037 884 1231 944 πᾶσαν
1282 878 1401 945 ἔδει
1456 881 1553 943 καὶ
1607 881 1711 964 τὴν
1770 881 1985 963 ἡδονὴν
2045 880 2220 941 κακὸν
2276 876 2421 941 εἶναι
2483 877 2661 941 οὖσαν
2717 878 2970 942 ἐναντίον
3025 882 3098 961 τῇ

584 984 743 1067 λύπῃ
792 987 873 1053 ὥς
918 984 1095 1046 κακὸν
1137 989 1327 1069 κακῷ,
1374 984 1413 1066 ἢ
1460 984 1514 1045 εἰ
1559 984 1640 1067 μὴ
1690 986 1771 1051 ὡς
1798 981 2051 1066 φευκτὸν
2102 981 2252 1063 μηδὲ
2295 981 2473 1043 κακὸν
2518 982 2557 1063 ἡ
2603 982 2809 1064 ἡδονή,
2857 979 2976 1043 ἀλλ’
3020 983 3102 1049 ὥς

514 1106 543 1155 5
580 1086 800 1169 ἀγαθὸν
847 1090 1014 1170 κακῷ
1049 1086 1381 1161 ἀντίκειται,
1428 1089 1617 1148 πᾶσαν
1664 1083 1887 1165 ἀγαθὸν
1920 1082 2084 1146 εἶναι.
2175 1084 2230 1143 εἰ
2272 1081 2382 1165 γὰρ
2415 1080 2508 1165 εἴη
2541 1106 2624 1152 τις
2669 1084 2851 1166 ἡδονὴ
2897 1081 3096 1157 κακόν,
3128 1097 3184 1140 ιο

583 1188 675 1272 εἴη
721 1187 791 1251 ἄν
834 1194 951 1251 τῶν
996 1190 1199 1250 λυπῶν
1246 1194 1441 1251 κακῶν
1484 1186 1681 1250 οὐσῶν
1726 1189 1936 1249 πασῶν
1979 1186 2018 1267 ἡ
2065 1184 2268 1267 ἡδονή,
2325 1183 2551 1247 ἐναντία
2607 1181 2752 1247 οὖσα
2795 1188 2872 1266 τῇ
2919 1184 3097 1267 λύπῃ,

582 1294 621 1375 ἡ
668 1293 771 1374 μὲν
819 1295 900 1359 ὡς
958 1292 1136 1354 κακὸν
1184 1295 1349 1374 κακῷ
1396 1288 1642 1366 ἐναντία,
1700 1290 1737 1371 ἡ
1786 1289 1851 1351 δὲ
1897 1291 1978 1357 ὡς
2025 1286 2245 1368 ἀγαθὸν
2291 1291 2480 1370 κακῷ,
2537 1284 2627 1349 ὅτι
2671 1287 2851 1349 δεῖται
2897 1285 3096 1369 λόγου.

582 1394 619 1476 ἢ
666 1393 802 1456 οὐδὲ
846 1393 1001 1477 λύπη
1048 1398 1209 1457 πᾶσα
1242 1392 1440 1462 κακόν,
1485 1390 1647 1473 εἴγε
1692 1391 1788 1453 καὶ
1834 1390 1894 1453 ἐν
1938 1390 2159 1457 τούτοις
2205 1391 2242 1471 ἡ
2292 1390 2472 1471 ἀρετὴ
2518 1392 2618 1450 τοῦ
2652 1387 2839 1471 μέσου
2888 1409 3095 1474 στοχα-
3126 1403 3178 1445 15

578 1496 775 1578 στική,
831 1496 937 1558 καί
972 1496 1113 1558 εἰσιν
1160 1496 1369 1559 οἰκεῖαι
1410 1500 1498 1579 τῷ
1548 1493 1849 1576 σπουδαίῳ
1907 1492 2003 1555 καὶ
2047 1491 2224 1554 λύπαι
2277 1492 2426 1559 τινὲς
2470 1492 2568 1553 καὶ
2614 1489 2798 1553 πόνοι.
2889 1490 2982 1573 εἴη
3029 1488 3082 1553 δ’

482 1619 545 1665 10
581 1596 650 1660 ἄν
698 1597 1023 1682 κοινότερον
1070 1600 1101 1661 ὁ
1144 1597 1317 1666 πόνος
1359 1604 1466 1681 τῆς
1510 1597 1716 1680 λύπης.
1784 1595 1870 1663 τὶς
1912 1594 2020 1677 γὰρ
2067 1592 2240 1662 πόνος
2287 1593 2530 1676 ἡλύπη.
2599 1594 2696 1656 καὶ
2742 1592 2848 1677 γὰρ
2895 1594 3095 1675 ὥσπερ

575 1703 613 1784 ἡ
657 1701 840 1784 ἡδονὴ
886 1705 1013 1769 ταῖς
1041 1701 1353 1785 ἐνεργείαις
1398 1698 1657 1783 ἑπομένη
1702 1699 1802 1761 καὶ
1847 1697 2022 1781 μέρος
2066 1720 2192 1766 πως
2236 1697 2472 1781 ῆτέλος
2516 1694 2662 1759 οὖσα
2707 1696 2901 1758 αὐτῶν
2947 1692 3082 1779 παρ’

573 1804 810 1867 ἐκείνων
855 1800 982 1887 ἔχει
1028 1805 1094 1866 τὸ
1138 1802 1367 1887 αἱρετόν
1422 1824 1483 1865 τε
1530 1803 1625 1865 καὶ
1678 1799 1928 1885 φευκτόν
1984 1800 2236 1884 (αἱρεταὶ
2283 1799 2387 1878 μὲν
2431 1800 2538 1883 γὰρ
2595 1801 2655 1861 αἱ
2703 1799 2798 1861 ἐπὶ
2843 1804 2968 1867 ταῖς
3012 1799 3094 1861 αἱ·
3121 1814 3178 1855 20

576 1910 765 1988 ρεταῖς
809 1906 1136 1989 ἐνεργείαις,
1182 1905 1427 1989 φευκταὶ
1471 1900 1523 1965 δ’
1566 1905 1625 1966 αἱ
1671 1904 1767 1965 ἐπὶ
1812 1906 1935 1971 ταῖς
1982 1903 2064 1985 μὴ
2098 1900 2434 1984 τοιαύταις),
2483 1902 2670 1971 οὕτως
2715 1900 2948 1985 εὔλογον
2995 1902 3091 1964 καὶ

573 2008 671 2077 τὰς
732 2008 914 2077 λύπας
974 2009 1403 2092 ὑπολαμβάνειν
1465 2007 1561 2070 ἐπὶ
1616 2006 1926 2089 ἐνεργείαις
1984 2006 2098 2067 τισὶ
2157 2002 2458 2086 γινομένας
2511 2004 2648 2089 παρ’
2705 2005 2942 2069 ἐκείνων
2997 2004 3093 2066 καὶ

475 2130 533 2179 15
570 2109 749 2179 αὐτὰς
794 2108 951 2196 ἔχειν
980 2112 1063 2199 ,τὸ
1095 2110 1323 2195 αἱρετόν
1368 2133 1431 2171 τε
1476 2112 1573 2173 καὶ
1618 2110 1864 2192 φευκτὸν
1913 2105 2161 2191 ἔμπαλιν
2206 2112 2321 2169 τῶν
2366 2108 2614 2190 ἡδονῶν.
2685 2108 2785 2178 τὰς
2833 2110 2937 2191 μὲν
2981 2106 3092 2191 γὰρ
3120 2122 3174 2164 25

573 2213 665 2275 ἐπὶ
712 2218 837 2282 ταῖς
880 2217 1082 2282 καλαῖς
1127 2212 1429 2296 γινομένας
1473 2211 1782 2295 ἐνεργείαις
1826 2211 2084 2295 φευκτὰς
2127 2210 2294 2286 εἶναι,
2345 2208 2351 2294 Ι
2403 2210 2504 2280 τὰς
2548 2208 2600 2273 δ’
2654 2211 2750 2274 ἐπὶ
2795 2216 2920 2281 ταῖς
2963 2211 3046 2273 αἰ·
3091 2217 3198 2273 244

571 2321 777 2399 σχραῖς
828 2318 1079 2401 αἰρετάς.
1170 2316 1223 2378 εἰ
1278 2315 1342 2379 δέ
1396 2316 1539 2378 εἰσιν
1596 2315 1777 2377 λῦπαί
1834 2336 1982 2382 τινες
2026 2315 2249 2397 αἱρεταὶ
2297 2316 2392 2377 καὶ
2449 2312 2642 2389 πόνοι,
2703 2312 2816 2376 εἶεν
2873 2312 2943 2376 ἂν
2997 2315 3094 2377 καὶ

567 2420 771 2502 ἡδοναὶ
816 2421 1057 2503 φευκταὶ
1104 2420 1163 2482 αἱ
1194 2423 1319 2487 ταῖς
1362 2418 1571 2487 λύπαις
1614 2418 1852 2486 ταύταις
1893 2417 2160 2479 ἐναντίαι.
2231 2417 2480 2480 ἐναντίαι
2525 2417 2590 2480 δὲ
2635 2418 2838 2501 ἡδοναὶ
2883 2417 3089 2486 λύπαις

572 2524 630 2585 αἱ
674 2524 967 2605 γινόμεναι
1014 2523 1111 2586 ἐπὶ
1155 2526 1280 2591 ταῖς
1310 2522 1597 2590 τοιαύταις
1646 2520 1976 2605 ἐνεργείαις.
2047 2521 2142 2583 καὶ
2190 2520 2283 2583 διὰ
2329 2525 2498 2584 τοῦτο
2546 2520 2613 2583 οὐ
2661 2525 2820 2583 πᾶσα
2866 2520 3088 2603 ἀγαθὸν
3142 2538 3170 2579 5

464 2644 531 2693 20
567 2626 779 2709 ἡδονή,
826 2624 913 2688 ὅτι
963 2626 1112 2709 μηδὲ
1156 2630 1317 2688 πᾶσα
1363 2624 1518 2706 λύπη
1565 2623 1763 2686 κακόν.
1856 2622 2086 2705 ἐλέγετο
2133 2623 2198 2686 δέ
2241 2647 2295 2687 τι
2342 2624 2438 2686 καὶ
2483 2628 2760 2703 τοιοῦτον,
2821 2625 2907 2687 ὅτι
2953 2624 3090 2687 οὐδὲ

568 2734 686 2796 τοῖς
732 2729 1118 2812 ὑποθεμένοις
1161 2733 1352 2792 πᾶσαν
1399 2727 1546 2791 εἶναι
1592 2727 1779 2810 λύπην
1825 2728 2007 2791 κακὸν
2051 2727 2395 2790 ἀκολουθεῖν
2441 2727 2663 2810 ἀνάγκη
2712 2728 2776 2789 τὸ
2823 2726 3087 2811 ἢπᾶσαν

564 2833 781 2915 ἡδονὴν
828 2832 1053 2914 ἀγαθὸν
1084 2830 1230 2895 εἶναι
1274 2832 1313 2915 ἢ
1361 2836 1556 2893 πᾶσαν
1589 2831 1787 2905 κακόν,
1836 2828 2106 2913 κειμένου
2150 2834 2252 2892 τοῦ
2283 2832 2386 2913 τὴν
2419 2831 2604 2913 λύπην
2651 2830 2910 2894 ἐναντίαν
2941 2829 3087 2895 εἶναι
3118 2846 3173 2889 ιο

564 2939 639 3017 τῇ
684 2935 893 3017 ἡδονῇ.
983 2931 1076 3018 ἐφ’
1136 2934 1217 2997 ὧν
1263 2933 1371 3017 γὰρ
1417 2935 1645 3016 ἡδονῶν
1693 2932 2014 3017 ὑπερβολαί
2051 2932 2199 3001 τινές
2243 2934 2407 3008 εἰσιν,
2455 2933 2516 2995 ἐν
2559 2934 2782 3003 τούτοις
2825 2934 2938 2997 εἰσὶ
2984 2936 3082 2998 καὶ

567 3037 791 3120 αἱρεταί
830 3060 977 3105 τινες
1021 3037 1226 3120 ἡδοναὶ
1280 3037 1378 3099 καὶ
1422 3036 1680 3120 φευκταί.
1771 3037 1831 3097 αἱ
1881 3038 1982 3117 μὲν
2027 3036 2136 3120 γὰρ
2194 3036 2367 3117 μέσαι
2411 3036 2660 3119 αἱρεταί,
2718 3038 2776 3099 αἱ
2823 3038 2888 3099 δὲ
2933 3036 3082 3099 κατὰ

460 3158 525 3206 25
562 3136 665 3207 τὰς
710 3139 1038 3224 ὑπερβολὰς
1080 3142 1323 3221 φαῦλαι,
1378 3139 1488 3202 εἰσὶ
1534 3139 1601 3202 δὲ
1646 3143 1815 3201 τοῦτο
1862 3136 2114 3223 ἔχουσαι
2167 3140 2227 3201 αἱ
2285 3140 2613 3220 σωματικαὶ
2669 3145 2786 3203 τῶν
2833 3142 3077 3223 ἡδονῶν.

564 3240 658 3325 ἐφ’
717 3243 799 3305 ὧν
845 3244 911 3305 δὲ
957 3243 1039 3325 μή
1085 3244 1227 3306 εἰσιν
1275 3242 1589 3326 ὑπερβολαὶ
1642 3248 1725 3326 τῷ
1774 3244 1871 3305 καὶ
1917 3242 2018 3310 τὰς
2063 3243 2159 3304 ἐπὶ
2215 3242 2390 3304 πλέον
2437 3241 2629 3305 αὐτῶν
2674 3241 2974 3325 γινομένας
3019 3243 3079 3305 ἐν
3111 3259 3163 3301 15

564 3344 624 3406 ἐν
669 3350 754 3428 τῷ
801 3345 1019 3430 αἱρετῷ
1078 3344 1295 3426 μένειν,
1351 3344 1521 3407 αὗται
1578 3349 1761 3408 πᾶσαι
1814 3344 2068 3429 αἱρεταί,
2126 3344 2246 3408 οἷαί
2301 3346 2440 3409 εἰσιν
2495 3347 2556 3408 αἱ
2611 3346 2706 3409 ἐπὶ
2763 3348 2889 3414 ταῖς
2931 3346 3082 3409 κατὰ

564 3448 817 3531 θεωρίαν
864 3447 1195 3531 ἐνεργείαις.
1285 3448 1397 3510 εἰσὶ
1443 3448 1507 3511 δέ
1552 3470 1699 3516 τινες
1742 3449 1838 3511 καὶ
1887 3448 2042 3531 παρὰ
2087 3449 2255 3533 φύσιν
2301 3447 2533 3532 ἡδοναί,
2587 3449 2787 3512 ὁποῖαί
2829 3449 2971 3512 εἰσιν
3017 3450 3078 3511 αἱ

562 3550 877 3635 θηριώδεις
922 3574 984 3613 τε
1028 3552 1123 3613 καὶ
1169 3552 1626 3633 νοσηματώδεις,
1673 3552 1804 3633 περὶ
1851 3552 1931 3612 ὧν
1973 3548 2196 3633 εἴρηται
2242 3550 2304 3613 ἐν
2350 3556 2439 3635 τῷ
2485 3550 2723 3635 ἑβδόμῳ
2767 3556 2883 3614 τῶν
2923 3548 3079 3615 Ἠθι-
3107 3569 3163 3610 2⁰

458 3672 525 3721 30
562 3659 704 3730 κῶν,
760 3654 820 3715 αἳ
874 3652 1008 3716 οὔτε
1062 3652 1279 3737 κυρίως
1332 3653 1651 3735 ἀνθρώπου
1698 3653 1952 3735 λέγοιντο
2012 3652 2078 3715 ἂν
2133 3652 2355 3736 ἡδοναί,
2410 3652 2498 3716 ὅτι
2558 3655 2639 3736 μὴ
2694 3653 2843 3717 κατὰ
2888 3656 3080 3739 φύσιν,

562 3756 694 3819 οὔτε
724 3756 969 3841 αἱρεταί.
1039 3756 1225 3823 οὕτως
1270 3756 1334 3818 δὲ
1364 3755 1633 3840 ἐχουσῶν
1680 3761 1795 3818 τῶν
1828 3758 2054 3837 ἡδονῶν
2101 3757 2314 3824 πάσαις
2359 3757 2464 3837 μὲν
2497 3755 2699 3824 αὐταῖς
2729 3754 2892 3819 ἔσται
2923 3758 3076 3843 λύπη

562 3859 810 3947 ἐναντίον
859 3863 941 3927 ὡς
985 3860 1164 3922 κακὸν
1219 3863 1303 3941 τῷ
1351 3858 1583 3921 κεῖσθαι
1638 3862 1829 3921 πᾶσαν
1886 3857 2032 3921 εἶναι
2074 3858 2261 3942 λύπην
2316 3857 2524 3935 κακόν,
2578 3864 2695 3922 τῶν
2743 3861 2808 3923 δὲ
2851 3862 3077 3943 ἡδονῶν
3105 3878 3164 3919 εἴ.

562 3960 691 4024 ὅσαι
740 3961 842 4045 μέν
888 3961 1001 4024 εἰσι
1054 3959 1209 4044 παρὰ
1256 3960 1457 4044 φύσιν,
1512 3960 1681 4023 αὗται
1729 3964 1810 4029 ὡς
1864 3963 2043 4025 κακὸν
2088 3967 2252 4047 κακῷ
2310 3966 2386 4046 τῇ
2434 3963 2592 4046 λύπῃ
2650 3960 2878 4027 ἔσονται
2924 3966 3076 4028 ἐναν-

558 4065 693 4141 τίαι,
738 4064 905 4133 εἴτις
949 4066 1045 4128 καὶ
1076 4063 1287 4133 ταύτας
1332 4062 1393 4127 ἐν
1426 4066 1549 4133 ταῖς
1598 4064 1605 4142 Ι
1656 4065 1895 4147 ἡδοναῖς
1934 4064 2260 4148 καταλέγοι,
2309 4066 2442 4130 ὅσαι
2486 4067 2550 4129 δὲ
2581 4064 2816 4150 ἔχουσιν
2863 4067 3030 4152 ὑπερ·
3075 4075 3182 4131 245

456 4186 521 4235 35
560 4168 759 4251 βολήν,
805 4167 901 4229 ἐπὶ
945 4166 1165 4230 τούτων
1211 4168 1271 4230 αἱ
1319 4169 1421 4251 μὲν
1469 4172 1550 4237 ὡς
1595 4168 1817 4250 ἀγαθὸν
1863 4165 2093 4231 ἔσονται
2137 4174 2212 4252 τῇ
2259 4170 2415 4251 λύπῃ
2448 4169 2718 4245 ἐναντίαι,
2766 4170 2824 4232 αἱ
2871 4170 2930 4232 ἐν
2980 4194 3075 4255 με·

563 4270 761 4355 σότητι
804 4272 903 4334 καὶ
947 4269 1267 4356 ὡρισμέναι
1313 4276 1399 4355 τῷ
1450 4272 1614 4355 ὀρθῷ
1660 4269 1850 4355 λόγῳ,
1905 4272 1964 4335 αἱ
2012 4272 2076 4336 δὲ
2132 4270 2268 4335 καθ’
2326 4272 2680 4357 ὑπερβολήν,
2737 4271 2797 4333 ἐν
2843 4273 2938 4343 αἷς
2981 4276 3076 4339 καὶ

454 4527 485 4579 2
521 4529 622 4582 ἐστι
657 4533 738 4583 Ba
772 4534 859 4598 Sp.
1078 4533 1110 4585 3
1146 4538 1271 4588 ante
1307 4536 1337 4604 ἡ
1378 4536 1589 4589 titulum
1625 4537 1782 4591 iterat
1820 4541 1901 4590 Ba
1923 4540 2012 4605 Sp.
2227 4538 2259 4591 5
2297 4544 2460 4591 πᾶσαν
2496 4539 2600 4592 B²a
2626 4541 2740 4607 Sp.:
2781 4546 2895 4593 πῶσ
2933 4540 2992 4593 ἂν
3015 4546 3108 4595 VB

455 4618 485 4669 6
522 4625 708 4670 πασῶν.
763 4618 843 4689 (ἢ)
882 4620 913 4689 ἡ
953 4620 1092 4673 vict.
1130 4624 1218 4690 Sp.
1484 4626 1513 4676 7
1557 4622 1878 4694 ὅτι-λόγου
1915 4627 2124 4693 punctis
2163 4630 2312 4678 notat
2347 4625 2421 4677 13²
2457 4627 2537 4693 (in
2575 4644 2703 4697 mg.:
2742 4626 2876 4685 λὺσις
2913 4628 2972 4681 οὑ
3011 4630 3181 4697 μέντοι

456 4704 707 4777 ἀκριβής)ε
736 4722 836 4760 om.
864 4726 897 4760 a
1074 4709 1108 4761 8
1146 4708 1257 4762 οὐδὲ
1283 4714 1398 4779 Sp.:
1426 4710 1540 4765 οὔτε
1569 4713 1689 4765 libri
1874 4713 1934 4764 14
1972 4712 2153 4780 λύπας]
2180 4733 2208 4766 υ
2235 4715 2292 4767 in
2319 4715 2396 4767 lit.
2427 4718 2474 4767 V
2651 4714 2718 4767 29
2757 4715 2851 4782 ὧν]
2878 4733 2904 4765 ν
2934 4732 2976 4769 s.
3005 4734 3051 4769 v.
3077 4722 3128 4769 V

456 4790 536 4845 29.
572 4793 640 4846 30
692 4794 897 4865 ἑβδόμῳ
944 4802 1048 4847 τῶν
1093 4792 1351 4866 Ἠθικῶν]
1407 4799 1524 4852 Eth.
1575 4800 1685 4852 Nic.
1726 4800 1916 4865 V11,1.
1962 4801 2208 4855 1145215
2231 4818 2342 4871 sqq.
2558 4802 2642 4855 31.
2681 4802 2748 4855 32
2785 4804 3006 4856 ἐναντίον
3045 4804 3180 4858 ἔσται

456 4878 583 4951 λύπη
619 4886 699 4935 Ba
733 4887 821 4952 Sp.
1039 4884 1106 4937 36
1146 4884 1221 4943 αἶς
1256 4887 1375 4952 Sp.:
1416 4885 1487 4945 οἶς
1524 4886 1641 4939 libri
