3684 5567
1273 1488 1601 1555 ΒΙΒΛΙΟΝ
1662 1487 1978 1554 ΤΡΙΤΟΝ.
2076 1486 2502 1555 ΚΕΦΑΛΑΙΑ
3157 1496 3241 1553 151

681 1806 736 1845 α.
828 1782 901 1847 Τι’
941 1784 1095 1847 ἐστιν
1142 1784 1478 1868 ἀνάμνησις.
3173 1791 3206 1847 6

690 1894 741 1978 β.
824 1892 923 1957 Ἐκ
955 1898 1057 1957 τοῦ
1099 1894 1367 1978 δευτέρου
1404 1892 1544 1978 ΙΙερὶ
1577 1899 1771 1979 ψυχῆς
1802 1894 2013 1963 λέξεως
2043 1894 2330 1978 ἐξήγησις,
2377 1892 2440 1955 δι’
2482 1893 2554 1977 ἧς
2583 1894 2736 1976 λέγει
2770 1893 3137 1978 “θεωροῦν

922 2000 1055 2083 γὰρ
1109 1998 1374 2081 γίνεται
1429 2001 1503 2061 τὸ
1548 1996 1713 2084 ἔχον
1772 1998 2199 2082 ἐπιστήμην,
2262 1996 2431 2082 ὅπερ
2487 1996 2612 2060 οὐκ
2665 1996 2855 2062 ἔστιν
2909 2000 3221 2062 α’λλοιοω

928 2102 1211 2165 οῦσθαι·
1260 2102 1360 2171 εἰς
1404 2102 1573 2165 αὑτὸ
1618 2092 1827 2185 γὰρὴ
1875 2101 2192 2170 ἐπίδοσις
2238 2102 2348 2163 καὶ
2393 2101 2494 2168 εἰς
2537 2098 3064 2187 ἐντελέχειαν.”
3125 2104 3131 2187 fl

557 2118 587 2167 cu

680 2234 731 2292 γ.
813 2208 1061 2292 Ὁμοίως
1106 2212 1175 2275 ἐκ
1228 2216 1329 2275 τοῦ
1385 2212 1654 2296 δευτέρου
1704 2212 1841 2297 Περὶ
1890 2218 2085 2297 ψυχῆς
2142 2212 2354 2281 λέξεως
2397 2211 2696 2295 ἐξήγησις,
2756 2211 2829 2275 δι’
2884 2216 2955 2298 ἧς
3009 2219 3138 2298 περὶ
3177 2224 3207 2277 ‘a'

928 2314 1263 2397 αἰσθήσεως
1307 2316 1481 2397 λέγει.

681 2425 731 2487 ὃ.
824 2423 959 2494 Πῶς
1017 2428 1113 2489 καὶ
1167 2428 1205 2509 ἡ
1254 2425 1537 2509 πρόσοδος
1581 2430 1681 2489 τοῦ
1727 2426 1894 2510 ἡλίου
1943 2427 2038 2489 καὶ
2089 2427 2128 2508 ἡ
2176 2424 2393 2509 ἄφοδος
2453 2428 2672 2509 ὁμοίως
2717 2428 2870 2492 αἰτία
2913 2430 3008 2492 καὶ
3052 2454 3138 2512 γε·

925 2528 1142 2597 νέσεως
1185 2530 1281 2592 καὶ
1326 2530 1554 2613 φθορᾶς
1596 2528 1720 2613 εἴη·
1768 2531 1807 2612 ἡ
1853 2529 1962 2612 γὰρ
2007 2528 2188 2591 ἄλλου
2231 2528 2452 2611 γένεσις
2495 2529 2675 2592 ἄλλου
2719 2531 2938 2615 φθορά.
3193 2554 3222 2597 s

525 2656 585 2703 10
688 2661 735 2700 ε.
814 2634 937 2701 Ὅτι
982 2640 1047 2702 τὸ
1094 2641 1295 2708 ἁπλῶς
1341 2639 1400 2708 ἐξ
1432 2641 1686 2723 ἀνάγκης
1728 2640 1986 2723 γίνεσθαι
2029 2640 2127 2702 καὶ
2174 2640 2254 2722 μὴ
2297 2640 2360 2707 ἐξ
2396 2638 2734 2710 ὑποθέσεως
2778 2642 2838 2703 ἐν
2883 2646 3001 2711 τοῖς
3045 2644 3135 2707 ἀεὶ

922 2741 1121 2826 κύκλῳ
1168 2742 1506 2825 γινομένοις.

679 2876 730 2922 ς.
824 2852 1052 2922 Λέξεως
1104 2853 1373 2937 ἐξήγησις
1426 2854 1495 2916 ἐκ
1548 2859 1647 2917 τοῦ
1702 2854 1894 2938 τρίτου
1941 2854 2083 2938 Περὶ
2131 2858 2353 2938 ψυχῆς,
2416 2853 2489 2917 δι’
2545 2854 2617 2937 ἧς
2675 2860 2862 2940 ζητεῖ,
2927 2862 3052 2926 πῶς
3095 2860 3133 2942 ἡ

933 2957 1306 3038 συναίσθησις
1351 2958 1491 3040 ἡμῖν
1534 2958 1748 3039 γίνεται
1792 2956 2257 3040 αἰσθανομένοις.
2919 3026 2928 3033 ,
3159 2978 3218 3019 ιο

680 3072 727 3139 ζ.
820 3068 1047 3137 Λέξεως
1090 3068 1360 3151 ἐξήγησις
1414 3070 1481 3131 ἐκ
1540 3074 1641 3131 τοῦ
1692 3069 1884 3153 τρίτου
1935 3068 2072 3152 Περὶ
2127 3074 2322 3153 ψυχῆς
2375 3066 2448 3131 δι’
2503 3069 2576 3153 ἧς
2619 3066 2858 3141 ἔδειξεν..
2917 3070 3002 3132 ὅτι
3048 3072 3129 3155 μὴ

521 3192 583 3241 15
926 3172 1161 3239 πλείους
1205 3177 1319 3233 τῶν
1367 3173 1399 3235 ἔ
1443 3173 1585 3235 εἰσὶν
1631 3173 1990 3255 αἰσθήσεων.

670 3308 727 3365 η.
822 3279 892 3345 Εἰ
936 3283 1217 3365 αἰσθητὸν
1260 3282 1291 3345 ὃ
1340 3285 1547 3351 πάσαις
1593 3290 1716 3351 ταῖς
1758 3284 2074 3366 αἰσθήσεσι
2120 3283 2266 3346 κατὰ
2312 3283 2680 3367 συμβεβηκὸς
2725 3284 3026 3367 αἰσθητόν.
3161 3304 3214 3346 15

674 3393 728 3455 θ.
822 3391 1050 3461 Λέξεως
1080 3393 1349 3476 ἐξήγησις
1393 3394 1459 3456 ἐκ
1491 3398 1593 3455 τοῦ
1625 3394 1809 3476 τρίτου
1847 3393 1987 3478 Περὶ
2019 3400 2233 3479 ψυχῆς,
2277 3392 2351 3455 δι’
2393 3394 2464 3477 ἧς
2507 3394 2805 3468 δείκνυσιν,
2854 3393 2940 3457 ὅτι
2972 3398 3127 3459 ἐστὶν

926 3491 979 3580 ᾤ
1032 3496 1155 3576 ἅμα
1200 3498 1431 3559 πάντων
1477 3496 1905 3579 αἰσθανόμεθα.

697 3632 733 3669 ι.
831 3605 969 3690 Περὶ
1016 3608 1321 3691 θαλάσσης
1366 3607 1432 3669 ἐκ
1477 3613 1591 3670 τῶν
1640 3605 2190 3690 Μετεωρολογικῶν.

516 3739 587 3785 ‘20
659 3741 733 3781 ια.
816 3714 1207 3801 Ἐπιχείρησις
1252 3716 1339 3780 ὅτι
1384 3718 1455 3781 τὰ
1501 3718 1757 3801 ὀνόματα
1802 3718 1988 3780 θέσει.
3157 3740 3213 3782 m

650 3830 725 3913 ιβ.
802 3825 926 3891 Ὅτι
973 3827 1053 3911 μὴ
1101 3826 1334 3912 ἄπειρον
1379 3830 1445 3891 τὸ
1492 3827 1577 3891 ὄν.

661 3962 729 4021 ιγ.
821 3936 965 4023 Περὶ
1008 3942 1111 4000 τοῦ
1156 3937 1250 4023 ἐφ’
1306 3939 1445 4021 ἡμῖν
1490 3962 1633 4001 τινα.

662 4052 735 4112 ιδ.
819 4043 1135 4134 Ἐπιδρομὴ
1182 4054 1298 4111 τῶν
1342 4049 1402 4112 ἐν
1446 4056 1532 4135 τῷ
1578 4050 1833 4133 τετάρτῳ
1883 4049 2431 4137 Μετεωρολογικῶν,
2477 4054 2710 4137 ἀτελής.

672 4184 739 4223 ιε.
830 4159 975 4243 Περὶ
1018 4164 1121 4222 τοῦ
1166 4159 1288 4223 οἷον
1334 4160 1605 4244 ἀμεροῦς.
1654 4158 1661 4244 Ι
3155 4187 3211 4229 25

512 4418 544 4469 2
592 4423 711 4485 post
750 4418 801 4470 τί
846 4418 877 4469 2
914 4418 1017 4470 litt.
1055 4434 1232 4471 erasae
1270 4422 1319 4469 V
1564 4419 1595 4471 3
1634 4418 1817 4481 λέξεως
1853 4420 2082 4495 ἐξήγησις
2131 4422 2190 4477 ἐκ
2225 4428 2316 4477 τοῦ
2361 4424 2591 4497 δευτέρου
2627 4425 2689 4480 Π.
2729 4426 2782 4496 ψ.
2821 4426 2971 4497 λόγου
3002 4426 3228 4500 Ἀριστο-

512 4505 687 4565 τέλους
732 4508 812 4558 tit.
1026 4508 1058 4557 4
1097 4507 1213 4579 ἔχον
1251 4507 1344 4577 τὴν
1381 4507 1661 4579 ἐπιστήμην
1699 4512 1780 4561 tir.
1995 4512 2025 4563 6
2071 4511 2254 4573 λέξεως
2289 4510 2519 4584 ἐξήγησις
2554 4516 2612 4567 ἐκ
2649 4520 2739 4567 τοῦ
2775 4515 3006 4588 δευτέρου
3043 4517 3233 4585 ὁμοίως

516 4589 577 4645 Π.
616 4594 669 4663 ψ.
708 4595 788 4645 tit.
966 4595 1002 4646 8
1046 4600 1155 4653 πῶς
1201 4594 1315 4668 ουχὶ
1359 4597 1448 4648 καὶ
1483 4598 1565 4648 tit.
1603 4598 1690 4664 Sp.
1879 4598 2118 4670 πρόσοδος
2163 4602 2268 4654 tit.:
2324 4601 2538 4672 πρόοδοσ
2575 4606 2624 4655 V
2845 4608 2961 4657 tort.
3009 4606 3094 4658 καὶ
3131 4620 3228 4657 om.

511 4683 596 4733 tit.
794 4683 824 4733 9
871 4681 945 4752 εἴη
986 4697 1086 4734 om.
1124 4685 1204 4735 tit.
1424 4686 1479 4735 11
1541 4686 1813 4753 γινομένοις
1859 4687 1962 4741 ἐστι
1999 4690 2078 4740 tit.
2296 4690 2358 4741 12
2414 4689 2568 4761 ἄλλης
2604 4688 2788 4750 λέξεως
2825 4694 2906 4744 tit.
2943 4694 3084 4759 (nam
3127 4708 3228 4745 non

510 4772 679 4831 sexte,
720 4770 807 4820 sed
846 4771 1065 4837 septimo
1106 4770 1217 4823 loco
1256 4773 1491 4840 disputat
1527 4774 1591 4825 de
1629 4774 1748 4840 hoc)
1952 4776 2012 4827 15
2065 4776 2264 4835 πλείους
2302 4778 2384 4831 tit.
2423 4779 2534 4846 Sp:
2595 4778 2750 4832 πλείω
2799 4784 2871 4832 V:
2907 4778 3094 4838 τελείως
3129 4798 3160 4832 a

518 4856 578 4907 18
614 4874 659 4907 τι
698 4853 741 4926 ᾧ
782 4858 863 4909 tit.
1080 4860 1148 4910 20
1184 4858 1318 4912 θέσει
1354 4863 1418 4913 τὰ
1456 4861 1674 4929 ὀνόματα
1714 4864 1793 4914 tit.
