3684 5567
1336 244 1494 300 ΙΙΕΡΙ
1538 243 2010 300 ΕΙΜΑΡΜΕΝΗΣ
2050 246 2186 299 7·-8
3003 248 3123 311 173

508 441 627 501 ριον
671 418 789 481 ἀπὸ
834 418 1017 503 τύχης
1062 418 1406 501 κεκομίσθαι
1450 417 1574 480 τινὰ
1619 416 1902 499 λέγουσιν,
1957 416 2093 480 ὅταν
2149 418 2230 484 εἰς
2284 420 2416 500 τὴν
2447 418 2659 502 ἀγορὰν
2706 418 3012 501 προελθὼν
3043 435 3102 477 ευ

504 520 684 583 ἄλλου
729 522 881 589 τινὸς
923 522 1093 605 χάριν
1140 520 1409 604 ἀργύριον
1453 518 1650 603 ἔχοντι
1693 522 2021 604 περιπεσὼν
2066 524 2152 606 τῷ
2201 523 2477 604 χρεώστῃ
2523 522 2590 583 τὸ
2637 519 3012 605 ὀφειλόμενον

414 668 420 673 -
504 624 669 706 αὑτῷ
693 624 869 708 λάβῃ.
936 628 1024 707 τῷ
1056 621 1166 705 γὰρ
1188 621 1343 706 (τοῦ)
1366 624 1672 705 προελθεῖν
1704 624 1785 691 εἰς
1817 624 1920 706 τὴν
1953 621 2166 706 ἀγορὰν
2199 622 2343 685 ἄλλο
2376 647 2430 686 τι
2459 624 2892 707 προηγούμενον
2925 621 3014 685 τέ·

502 726 601 792 λος
645 723 841 810 ἔχοντι
869 725 936 787 τὸ
967 725 1032 786 τὸ
1074 723 1562 808 προοφειλόμενον
1607 725 1804 808 λαβεῖν
1863 725 2192 807 ἀπήντησεν
2249 728 2331 792 ὡς
2383 724 2548 794 τέλος
2605 725 2752 788 κατὰ
2807 724 3019 808 συμβε-
3047 739 3102 780 25

438 846 471 895 5
509 827 688 911 βηκὸς
732 827 893 911 αὐτῷ
940 825 1276 908 γενόμενον·
1326 824 1417 909 [τὸ
1452 827 1554 909 μὲν
1587 828 1883 908 ποιητικὸν
1915 824 2093 889 αἴτιον
2124 828 2189 888 τὸ
2221 828 2286 889 δὲ
2315 827 2520 889 τούτου
2549 826 2771 910 τέλος·]
2806 826 2873 889 οὐ
2904 825 3012 908 γὰρ

509 930 625 992 ἀπὸ
670 929 855 1011 τύχης
898 926 982 990 ἔτι
1026 927 1258 1010 λέγεταί
1304 951 1385 997 τις
1438 929 1502 990 τὸ
1564 925 1940 1011 ὀφειλόμενον
1993 928 2312 1013 εἰληφέναι,
2369 929 2420 991 εἰ
2466 930 2670 991 τούτου
2716 930 2886 1013 χάριν
2931 930 3013 996 εἰς

507 1032 612 1113 τὴν
660 1030 873 1113 ἀγορὰν
920 1030 1235 1113 προῆλθεν,
1290 1028 1378 1093 ὅτι
1432 1031 1496 1093 τὸ
1552 1030 1926 1113 προκείμενον
1981 1028 2144 1113 αὐτῷ
2199 1030 2359 1098 τέλος
2413 1032 2452 1113 ἡ
2512 1029 2757 1113 πρόοδος
2823 1029 3017 1115 ἔσχεν.

514 1134 611 1196 καὶ
656 1134 688 1195 ὁ
734 1133 909 1201 ἵππος
953 1134 1019 1196 δὲ
1062 1132 1408 1215 αὐτομάτως
1448 1134 1591 1195 τισὶν
1636 1131 1863 1214 λέγεται
1911 1133 2226 1209 σεσῶσθαι,
2275 1131 2413 1194 ὅταν
2445 1138 2664 1216 τροφῆς
2695 1134 2800 1215 μὲν
2831 1134 3018 1195 ἐλπιδι
3045 1148 3102 1191 ω

508 1236 547 1317 ἢ
594 1233 777 1298 ἄλλου
822 1236 975 1303 τινὸς
1018 1235 1189 1318 χάριν
1235 1234 1512 1318 ἀποφύγῃ
1558 1236 1690 1303 τοὺς
1734 1234 2088 1318 κατέχοντας
2133 1224 2328 1307 αὐτόν,
2376 1235 2686 1318 ἀπαντήσῃ
2735 1235 2800 1297 δὲ
2843 1234 3023 1297 αὐτοῦ’

410 1357 472 1405 ιο
508 1342 584 1420 τῇ
639 1330 797 1421 φυγῇ
851 1339 947 1400 καὶ
1000 1341 1083 1420 τῷ
1132 1335 1333 1420 δρόμῳ
1392 1336 1457 1398 τὸ
1516 1342 1635 1405 τοῖς
1689 1335 1998 1405 δεσπόταις
2051 1341 2400 1419 περιπεσεῖν.
2491 1338 2586 1399 καὶ
2639 1338 2694 1399 τί
2749 1340 2842 1399 δεῖ
2891 1337 3024 1418 ὑμῖν

510 1440 691 1503 πλείω
738 1441 1175 1524 παραδείγματα
1218 1439 1639 1502 κατατίθεσθαι
1682 1440 1721 1521 ἢ
1769 1440 2274 1523 ἀκριβολογεῖσθαι
2329 1442 2458 1521 περὶ
2517 1444 2631 1501 τῶν
2679 1440 3022 1523 προειρημέ-
3062 1447 3132 1502 24

508 1567 651 1622 νων;
699 1543 891 1605 ἱκανὸν
934 1543 1043 1626 γὰρ
1090 1545 1171 1611 ὡς
1224 1543 1365 1625 πρὸς
1411 1541 1483 1604 τὰ
1526 1541 1880 1625 προκείμενα
1935 1542 1998 1603 τὸ
2055 1540 2234 1609 δεῖξαι
2287 1538 2394 1627 ἐφ’
2448 1541 2528 1602 ὧν
2585 1542 3028 1625 σημαινομένων

509 1646 579 1709 τὰ
625 1646 882 1727 ὀνόματα
926 1649 1332 1728 κατηγορεῖται
1375 1644 1447 1707 τὰ
1492 1644 1789 1726 εἰρημένα.
1883 1641 2062 1706 ὄντων
2109 1644 2180 1726 δὴ
2227 1647 2344 1705 τῶν
2401 1643 2518 1705 ἀπὸ
2573 1643 2758 1728 τύχης
2809 1668 2871 1707 τε
2926 1645 3023 1708 καὶ

514 1748 857 1829 αὐτομάτως
887 1745 1205 1828 γινομένων
1248 1746 1542 1823 τοιούτων,
1590 1748 1670 1813 ὡς
1718 1746 1799 1827 μὴ
1845 1745 2108 1826 γίνεσθαι
2153 1745 2301 1809 κατὰ
2344 1744 2784 1828 προηγουμένην
2831 1745 3018 1808 αἰτίαν
3073 1764 3100 1805 5

426 1871 487 1921 15
523 1852 669 1931 (τῶν
726 1849 834 1933 γὰρ
890 1850 1147 1918 σπανίως
1202 1848 1298 1911 ἐπὶ
1342 1854 1461 1917 τοῖς
1504 1850 1615 1930 πρὸ
1660 1847 1854 1910 αὐτῶν
1899 1848 2189 1929 γεγονόσιν
2235 1848 2624 1910 ἀπαντώντων
2668 1846 2734 1909 τό
2766 1870 2826 1909 τε
2858 1847 3024 1911 αὐτό-

519 1976 697 2035 ματον
745 1952 911 2033 καὶὴ
944 1950 1146 2034 τύχη),
1192 1955 1318 2018 πῶς
1367 1949 1435 2011 ἂν
1480 1947 1727 2021 σώζοιτό
1773 1973 1825 2011 τι
1873 1954 1989 2011 τῶν
2036 1949 2469 2033 προειρημένων
2502 1948 2640 2012 καθ’
2695 1948 2795 2017 οὓς
2839 1953 3026 2014 πάντα

520 2053 1024 2139 προηγησαμένοις
1066 2055 1209 2116 τισὶν
1254 2052 1456 2119 αἰτίοις
1502 2054 1597 2113 καὶ
1641 2052 2096 2134 προηγουμένοις
2141 2052 2201 2119 ἐξ
2245 2052 2500 2135 ἀνάγκης
2544 2049 2666 2114 ἔστι
2695 2074 2760 2113 τε
2787 2050 2861 2113 τὰ
2892 2050 3029 2114 ὄντα

513 2160 607 2221 καὶ
653 2159 723 2220 τὰ
767 2156 1037 2239 γινόμενα
1081 2155 1295 2236 γίνεται
1338 2156 1587 2217 ἑκάστου
1632 2158 1749 2214 τῶν
1795 2154 2109 2235 γινομένων
2153 2152 2335 2215 αἴτιόν
2380 2177 2433 2217 τι
2479 2154 3028 2237 προκαταβεβλημέ-
3057 2173 3111 2213 ιο

513 2283 609 2323 νον
654 2257 915 2343 ἔχοντος,
959 2256 1027 2319 οὗ
1050 2242 1236 2325 ’ὄντος
1281 2256 1319 2339 ἢ
1364 2254 1663 2337 γεγονότος
1716 2256 1938 2337 ἀνάγκη
1994 2256 2089 2317 καὶ
2141 2254 2284 2317 αὐτὸ
2340 2254 2379 2335 ἢ
2437 2252 2581 2316 εἶναι
2639 2254 2676 2336 ἢ
2731 2254 3024 2335 γενέσθαι,

408 2384 477 2430 20
516 2363 633 2444 [τὸ]
681 2362 861 2445 μηδὲν
908 2362 1013 2440 μὲν
1058 2362 1349 2430 σώζοντας
1393 2363 1509 2420 τῶν
1556 2358 2010 2442 προειρημένων,
2069 2355 2194 2419 κατ’
2259 2356 2438 2419 ἄλλου
2483 2356 2550 2419 δέ
2593 2378 2744 2425 τινος
2799 2359 2864 2420 τὸ
2927 2362 3032 2439 τῆς

512 2468 695 2550 τύχης
718 2463 1222 2545 νομοθετήσαντας
1247 2459 1458 2543 ὄνομα;
1488 2460 1606 2543 (τὸ)
1628 2459 1736 2543 γὰρ
1761 2466 1844 2543 τῷ
1875 2462 1954 2542 μὴ
1980 2459 2345 2542 ἀναιρεῖσθαι
2368 2458 2554 2520 ἐκεῖνο
2580 2459 2691 2521 ὑπὸ
2714 2462 2818 2520 τοῦ
2843 2460 3030 2522 πάντα
3058 2475 3112 2517 15

514 2568 575 2639 ἐξ
619 2569 872 2648 ἀνάγκης
916 2564 1176 2646 γίνεσθαι
1219 2562 1525 2646 τιθεμένου
1572 2562 1721 2645 μηδὲ
1766 2563 1870 2645 τὴν
1917 2562 2102 2645 τύχην
2148 2560 2514 2643 ἀναιρεῖσθαι
2544 2560 2752 2640 λέγειν,
2796 2565 3030 2645 σοφιζο-

515 2672 703 2753 μένων
749 2669 901 2731 ἐστὶν
948 2666 1166 2747 ὁμοίως
1209 2665 1420 2733 αὑτούς
1464 2687 1527 2727 τε
1572 2666 1667 2726 καὶ
1714 2664 1848 2732 τοὺς
1893 2662 2208 2731 ἀκούοντας
2255 2662 2478 2725 αὐτῶν·
2539 2662 2726 2730 οὕτως
2773 2663 2875 2743 μὲν
2924 2661 3032 2745 γὰρ

515 2772 683 2836 οὐδὲν
727 2770 979 2833 κωλύσει
1025 2768 1210 2850 λέγειν
1256 2768 1461 2830 ταύτὸν
1507 2765 1858 2850 εἱμαρμένην
1905 2788 1968 2827 τε
2013 2763 2156 2827 εἰναι
2214 2764 2310 2826 καὶ
2365 2764 2550 2847 τύχην
2609 2764 2708 2825 καὶ
2751 2768 3025 2827 τοσοῦτον

408 2896 475 2945 25
513 2875 751 2937 ἀποδεῖν
794 2876 897 2935 τοῦ
942 2872 1047 2953 τὴν
1093 2870 1279 2954 τύχην
1312 2870 1587 2952 ἀναιρεῖν,
1635 2872 1717 2937 ὡς
1760 2868 1858 2929 καὶ
1903 2869 2090 2930 πάντα
2135 2866 2207 2929 τὰ
2251 2863 2520 2947 γινόμενα
2550 2865 2807 2945 γίνεσθαι
2837 2865 3025 2947 λέγειν
3055 2883 3112 2925 ευ

518 2974 679 3061 [οὒκ]
728 2976 844 3037 ἀπὸ
888 2973 1091 3057 τύχης.
1181 2970 1302 3034 ἀλλ’
1358 2970 1465 3034 οὐκ
1510 2970 1603 3033 ἐπὶ
1648 2974 1734 3054 τῷ
1780 2968 2033 3049 τοῦνομα
2095 2971 2302 3040 σώζειν
2355 2969 2420 3030 τὸ
2475 2972 2578 3050 τῆς
2632 2968 2816 3052 τύχης
2869 2966 3032 3051 εἶχον

513 3080 619 3162 τὴν
667 3076 871 3155 αἰτίαν,
918 3074 1036 3138 ἀλλ’
1094 3074 1191 3137 ἐπὶ
1236 3079 1319 3157 τῷ
1368 3076 1619 3155 ἀναιρεῖν
1667 3072 1731 3133 τὸ
1764 3071 1950 3138 οὕτως
1983 3071 2246 3153 γίνεσθαί
2279 3093 2424 3143 τινα,
2469 3070 2552 3131 ὧν
2596 3069 2662 3131 τὸ
2695 3070 2812 3132 ἀπὸ
2845 3070 3031 3154 τύχης

412 3369 445 3420 2
482 3368 722 3439 χρεωστῇ
745 3366 801 3419 a’
942 3364 974 3417 3
1012 3363 1153 3433 αὐτῷ
1173 3368 1219 3413 V
1362 3360 1505 3430 αὑτῷ
1528 3360 1685 3429 λάβῃ]
1721 3359 1938 3429 λήψαιτο
1963 3358 2170 3412 Eusebii
2199 3358 2361 3425 vulg.:
2399 3357 2524 3411 αὐτὸ
2561 3358 2690 3427 λάβῃ
2715 3358 2926 3411 Eusebii
2959 3374 3006 3425 p.
3035 3358 3069 3409 1.

412 3492 503 3539 τοῦ
541 3486 721 3539 addidi
935 3485 969 3536 4
1004 3484 1063 3536 τὸ
1099 3483 1159 3535 τὸ
1196 3486 1274 3535 al:
1326 3471 1385 3535 το
1422 3470 1480 3535 το
1519 3484 1632 3545 (sic)
1670 3480 1787 3532 add.
1826 3497 1874 3531 v.
1903 3496 1946 3533 c.
1973 3483 2038 3529 V:
2085 3478 2144 3530 τὸ
2182 3478 2284 3531 a²0
2567 3477 3021 3549 προσοφειλόμενον
3061 3478 3139 3530 3²:

408 3571 810 3645 προφειλόμενον
848 3572 901 3624 a¹
1116 3571 1148 3625 5
1187 3570 1326 3639 αὐτῷ
1367 3569 1541 3622 V¹a¹²z
1592 3568 1761 3620 αὐτῶν
1798 3584 1850 3618 v.
1876 3582 1919 3618 c.
1951 3570 1994 3615 V
2214 3554 2474 3633 γινόμενον
2515 3565 2677 3618 Lond.
2716 3570 2761 3620 O
2976 3564 3140 3633 τέλος]

412 3679 443 3712 τ
481 3662 537 3712 in
578 3661 654 3711 lit.
682 3664 747 3711 V:
784 3656 888 3721 (οὐ)
914 3656 1054 3714 τέλος
1080 3660 1125 3710 Ο
1305 3653 1615 3723 τὸ-τέλος]
1656 3660 1749 3706 aut
1786 3654 1956 3705 multa
1992 3652 2298 3703 exciderunt
2335 3660 2459 3704 ante
2495 3652 2620 3704 haec
2647 3654 2819 3714 verba,
2858 3659 2950 3703 aut
2987 3653 3143 3703 inter-

412 3752 792 3814 pretamentum
832 3752 956 3796 sunt
995 3746 1261 3812 sequentis
1300 3744 1561 3796 enuntiati
1777 3740 1807 3791 9
1848 3738 2111 3807 ἀπαντήσῃ
2151 3738 2229 3789 ⁸¹²
2269 3738 2552 3791 Eusebius:
2610 3739 2882 3808 ἀπαντήσει
2919 3743 2968 3789 V

419 3834 485 3886 10
519 3832 600 3897 τὸ]
635 3832 713 3901 τῷ
748 3830 801 3883 δὲ
829 3831 1041 3883 Eusebii
1086 3846 1135 3897 p.
1163 3831 1197 3882 l.
1411 3836 1707 3899 περιπεσεῖν.
1764 3826 1837 3879 ὧν
1877 3824 2041 3881 οὕτως
2087 3824 2310 3893 ἐχόντων
2349 3823 2464 3876 οὐδὲ
2498 3830 2657 3877 ταῦτα
2705 3825 2765 3877 ἂν
2805 3826 2882 3893 εἴη
2921 3821 3038 3876 καθ’
3079 3825 3144 3877 εἱ-

413 3920 673 3989 μαρμένην
700 3918 959 3970 Eusebius
1140 3917 1217 3969 δεῖ
1252 3916 1333 3970 ³²:
1371 3916 1469 3969 δεῖν
1498 3916 1599 3967 Va¹
1792 3916 1850 3965 ll
1892 3911 2250 3982 παραδείγματι
2286 3913 2338 3963 a¹
2521 3912 2583 3964 15
2618 3918 2725 3964 τῶν
2753 3911 2832 3964 ε’-ἰ
2870 3918 2975 3963 τῶν
3014 3926 3140 3963 corr.

414 4005 489 4057 111¹
527 4010 586 4056 ut
622 4004 827 4056 videtur
863 4006 921 4057 in
956 4002 1043 4057 τὸν
1084 4008 1144 4055 V:
1182 4004 1271 4056 τὸν
1308 4021 1382 4075 γρ.
1421 4008 1526 4055 τῶν
1556 4007 1630 4054 H:
1668 4001 1727 4053 τὸ
1768 4000 1821 4051 a¹
1999 4006 2104 4055 τοῖς
2137 4014 2185 4050 v.
2215 4014 2257 4049 c.
2296 3996 2449 4049 Van:
2487 4005 2593 4050 τῶν
2630 4001 2702 4050 V¹
2881 3999 3145 4051 ἀπαντών-

424 4110 528 4144 των
564 4092 623 4142 τό
660 4109 715 4143 τε
752 4092 821 4143 εἰ
878 4091 1133 4154 ἀπαντὼν,
1170 4091 1249 4155 τό,
1284 4110 1337 4143 τε
1376 4087 1486 4141 m²?
1544 4105 1675 4141 corr.
1714 4104 1780 4141 ex
1816 4088 2056 4139 ἀπαντῶν
2105 4102 2162 4137 το
2199 4103 2254 4137 τε
2291 4089 2356 4135 V:
2415 4085 2651 4137 ἀπαντῶν
2689 4086 2807 4137 τότε
2844 4088 2898 4138 a¹

415 4178 475 4230 τό
509 4197 565 4248 γε
605 4178 720 4232 Cas.
942 4177 1003 4229 19
1042 4176 1225 4249 ἔχοντα
1263 4179 1313 4229 ειῑ
1530 4173 1750 4245 γίνεσθαι
1789 4178 1833 4228 O
2044 4172 2112 4223 20
2149 4172 2206 4224 τὸ
2247 4172 2438 4224 delevi:
2478 4172 2535 4224 τὸ
2574 4174 2674 4223 V¹:
2714 4191 2810 4225 τωι
2849 4179 2905 4225 ut
2942 4172 3145 4224 videtur

415 4282 465 4317 v.
503 4281 547 4317 c.
585 4264 723 4317 infra
760 4279 889 4316 vers.
911 4268 973 4315 V:
1012 4266 1089 4331 τῷ
1123 4265 1202 4315 εἰ
1241 4266 1357 4321 τοὺς
1395 4262 1496 4316 2⁹0
1678 4262 1737 4313 21
1780 4258 2211 4327 νομοθετήσαντος
2248 4260 2316 4309 ³¹:
2359 4256 2788 4327 νομοθετήσαντες
2826 4262 2870 4312 O
3042 4258 3144 4322 (τὸ)

416 4352 511 4422 γὰρ
546 4356 622 4421 τῷ
661 4351 873 4418 scripsi:
912 4353 989 4419 τῷ
1024 4351 1117 4421 γὰρ
1154 4366 1202 4402 v,
1230 4366 1275 4401 c.
1300 4348 1455 4400 Van:
1493 4349 1570 4415 τῷ
1609 4349 1702 4399 V¹=
1739 4348 1797 4399 τὸ
1837 4348 1928 4416 γὰρ
1956 4349 2000 4398 Ο
2203 4345 2372 4397 ἐκεῖνα
2409 4344 2572 4396 Lond.
2613 4348 2658 4398 Ο
2875 4346 2941 4397 22
2983 4344 3144 4414 τύχην

419 4438 506 4489 καὶ
548 4437 713 4489 Lond.
760 4441 805 4490 Ο
986 4437 1070 4489 22.
1097 4436 1164 4489 ‘23
1203 4436 1572 4505 σοφιζομένων]
1610 4435 1699 4486 alt.
1741 4451 1768 4486 ο
1805 4435 1866 4485 in
1903 4434 1977 4485 lit.
2010 4436 2073 4483 V:
2111 4431 2488 4500 σωφιζωμένων
2515 4433 2568 4481 a¹
2749 4431 2814 4483 23
2854 4431 3034 4489 αὖτοὺς
3071 4435 3143 4485 0:

418 4524 603 4581 αὐτοὺς
637 4527 686 4576 V
900 4524 988 4576 καὶ
1034 4540 1132 4577 om.
1172 4524 1228 4576 εἳ
1474 4522 1541 4574 ‘24
1579 4520 1799 4574 κωλύσει
1836 4520 1993 4571 V²u¹:
2043 4516 2363 4576 κωλύσαντες
2408 4521 2543 4583 (post
2581 4534 2610 4568 υ
2650 4518 2728 4569 lit.
2769 4518 2791 4569 l
2833 4520 2953 4582 litt.)
2991 4520 3144 4571 V¹a²:

419 4610 747 4668 κωλύσαντας
774 4615 818 4663 Ε
856 4612 972 4665 Cas.
1176 4610 1241 4661 26
1286 4608 1383 4661 ἀπὸ
1418 4609 1591 4660 V²a¹²:
1640 4608 1735 4660 οὐκ
1780 4608 1879 4661 ἀπὸ
1909 4607 1978 4656 V¹
2187 4603 2299 4655 ἀλλ’
2335 4604 2480 4668 (ἀλλὰ
2516 4604 2590 4667 δ”)
2633 4603 2730 4655 οὐκ
2773 4605 2852 4657 ἐπὶ
2893 4606 2968 4676 τῷ
2996 4606 3144 4658 B²a22
3227 4622 3233 4633 ’

421 4728 529 4785 ἀλλ’
568 4732 647 4785 ἐπὶ
687 4734 783 4784 v1=
840 4728 949 4784 ἀλλ’
989 4730 1083 4784 οὐκ
1122 4732 1202 4783 ἐπὶ
1238 4730 1297 4782 τὸ
1340 4730 1431 4783 v²:
1492 4725 1599 4783 ἀλλ’
1638 4728 1733 4780 οὒκ
1771 4728 1850 4779 ἐπὶ
1888 4726 2035 4779 a¹B¹:
2083 4724 2211 4779 ἀλλὰ
2249 4727 2336 4777 Es
2515 4724 2583 4776 27
2622 4712 2728 4777 ἀλλ’
2771 4727 2848 4777 sic
2886 4730 2932 4777 v

421 4818 521 4889 τῷ]
562 4820 631 4871 m¹
672 4834 803 4872 corr.
839 4834 905 4871 ex
942 4824 1045 4870 τῶν
1084 4822 1129 4869 V
