<?xml version="1.0" encoding="UTF-8"?>
<!DOCTYPE html PUBLIC "-//W3C//DTD XHTML 1.0 Transitional//EN"
    "http://www.w3.org/TR/xhtml1/DTD/xhtml1-transitional.dtd">
<html xmlns="http://www.w3.org/1999/xhtml" xml:lang="en" lang="en">
 <head>
  <title>
</title>
<meta http-equiv="Content-Type" content="text/html;charset=utf-8" />
  <meta name='ocr-system' content='tesseract 3.04.00' />
  <meta name='ocr-capabilities' content='ocr_page ocr_carea ocr_par ocr_line ocrx_word'/>
</head>
<body>
  <div class='ocr_page' id='page_1' title='image "./supplementumari00wissgoog_0254.png"; bbox 0 0 3684 5567; ppageno 0'>
   <div class='ocr_carea' id='block_1_1' title="bbox 534 222 2366 288">
    <p class='ocr_par' dir='ltr' id='par_1_1' title="bbox 534 222 2366 288">
     <span class='ocr_line' id='line_1_1' title="bbox 534 222 2366 288; baseline -0.004 0"><span class='ocrx_word' id='word_1_1' title='bbox 534 227 653 288; x_wconf 69' lang='lat'><strong>176</strong></span> <span class='ocrx_word' id='word_1_2' title='bbox 1410 222 1867 281; x_wconf 77' lang='grc' dir='ltr'>ΑΛΕΞΑΝΔΡΟΥ</span> <span class='ocrx_word' id='word_1_3' title='bbox 1917 223 2366 281; x_wconf 81' lang='grc' dir='ltr'>ΑΦΡΟΔΙΣΙΕΩΣ</span> 
     </span>
    </p>
   </div>
   <div class='ocr_carea' id='block_1_2' title="bbox 529 394 3260 3135">
    <p class='ocr_par' dir='ltr' id='par_1_2' title="bbox 529 394 3260 3135">
     <span class='ocr_line' id='line_1_2' title="bbox 632 394 3254 485; baseline 0.003 -29"><span class='ocrx_word' id='word_1_4' title='bbox 632 394 926 476; x_wconf 79' lang='grc' dir='ltr'><strong>γεγονότα.</strong></span> <span class='ocrx_word' id='word_1_5' title='bbox 1016 397 1081 458; x_wconf 84' lang='grc' dir='ltr'><strong>τὸ</strong></span> <span class='ocrx_word' id='word_1_6' title='bbox 1126 397 1191 458; x_wconf 85' lang='grc' dir='ltr'><strong>δὲ</strong></span> <span class='ocrx_word' id='word_1_7' title='bbox 1245 396 1646 481; x_wconf 80' lang='grc' dir='ltr'>ἐνδεχομένως</span> <span class='ocrx_word' id='word_1_8' title='bbox 1703 399 1936 480; x_wconf 87' lang='grc' dir='ltr'><strong>γεγονὸς</strong></span> <span class='ocrx_word' id='word_1_9' title='bbox 1989 396 2050 459; x_wconf 86' lang='grc' dir='ltr'><strong>ἔν</strong></span> <span class='ocrx_word' id='word_1_10' title='bbox 2107 421 2214 461; x_wconf 90' lang='grc' dir='ltr'><strong>τινι</strong></span> <span class='ocrx_word' id='word_1_11' title='bbox 2267 400 2360 462; x_wconf 83' lang='grc' dir='ltr'><strong>καὶ</strong></span> <span class='ocrx_word' id='word_1_12' title='bbox 2409 399 2488 481; x_wconf 85' lang='grc' dir='ltr'><strong>μὴ</strong></span> <span class='ocrx_word' id='word_1_13' title='bbox 2537 398 2825 481; x_wconf 86' lang='grc' dir='ltr'><strong>γεγονέναι</strong></span> <span class='ocrx_word' id='word_1_14' title='bbox 2871 400 2932 462; x_wconf 89' lang='grc' dir='ltr'><strong>ἐν</strong></span> <span class='ocrx_word' id='word_1_15' title='bbox 2977 400 3138 485; x_wconf 80' lang='grc' dir='ltr'><strong>αὐτῷ</strong></span> <span class='ocrx_word' id='word_1_16' title='bbox 3179 408 3254 463; x_wconf 79' lang='lat'><strong>30</strong></span> 
     </span>
     <span class='ocr_line' id='line_1_3' title="bbox 638 494 3142 585; baseline 0.003 -28"><span class='ocrx_word' id='word_1_17' title='bbox 638 495 759 558; x_wconf 84' lang='grc' dir='ltr'><strong>οἷόν</strong></span> <span class='ocrx_word' id='word_1_18' title='bbox 804 520 869 559; x_wconf 90' lang='grc' dir='ltr'><strong>τε</strong></span> <span class='ocrx_word' id='word_1_19' title='bbox 914 496 1004 580; x_wconf 86' lang='grc' dir='ltr'><strong>ἧν.</strong></span> <span class='ocrx_word' id='word_1_20' title='bbox 1094 494 1217 559; x_wconf 87' lang='grc' dir='ltr'><strong>ἔστι</strong></span> <span class='ocrx_word' id='word_1_21' title='bbox 1264 499 1368 580; x_wconf 88' lang='grc' dir='ltr'><strong>μὲν</strong></span> <span class='ocrx_word' id='word_1_22' title='bbox 1414 498 1523 582; x_wconf 82' lang='grc' dir='ltr'><strong>γὰρ</strong></span> <span class='ocrx_word' id='word_1_23' title='bbox 1578 498 1820 563; x_wconf 78' lang='grc' dir='ltr'><strong>ἕκαστον</strong></span> <span class='ocrx_word' id='word_1_24' title='bbox 1878 501 1973 562; x_wconf 87' lang='grc' dir='ltr'><strong>καὶ</strong></span> <span class='ocrx_word' id='word_1_25' title='bbox 2027 500 2248 562; x_wconf 90' lang='grc' dir='ltr'><strong>τούτων</strong></span> <span class='ocrx_word' id='word_1_26' title='bbox 2308 501 2368 563; x_wconf 88' lang='grc' dir='ltr'><strong>ἐν</strong></span> <span class='ocrx_word' id='word_1_27' title='bbox 2423 497 2473 583; x_wconf 81' lang='grc' dir='ltr'><strong><em>ᾧ</em></strong></span> <span class='ocrx_word' id='word_1_28' title='bbox 2535 501 2598 564; x_wconf 85' lang='grc' dir='ltr'><strong>ὃν</strong></span> <span class='ocrx_word' id='word_1_29' title='bbox 2654 504 2942 585; x_wconf 79' lang='grc' dir='ltr'><strong>τυγχάνει,</strong></span> <span class='ocrx_word' id='word_1_30' title='bbox 3003 502 3142 565; x_wconf 79' lang='grc' dir='ltr'><strong>διότι</strong></span> 
     </span>
     <span class='ocr_line' id='line_1_4' title="bbox 634 595 3230 686; baseline 0.002 -29"><span class='ocrx_word' id='word_1_31' title='bbox 634 595 704 679; x_wconf 82' lang='grc' dir='ltr'><strong>ἧν</strong></span> <span class='ocrx_word' id='word_1_32' title='bbox 750 598 810 659; x_wconf 91' lang='grc' dir='ltr'><strong>ἐν</strong></span> <span class='ocrx_word' id='word_1_33' title='bbox 858 598 1090 682; x_wconf 80' lang='grc' dir='ltr'>θατέρῳ</span> <span class='ocrx_word' id='word_1_34' title='bbox 1136 600 1299 683; x_wconf 79' lang='grc' dir='ltr'><strong>αὑτῷ</strong></span> <span class='ocrx_word' id='word_1_35' title='bbox 1344 600 1721 684; x_wconf 81' lang='grc' dir='ltr'><strong>ἀντικειμένῳ</strong></span> <span class='ocrx_word' id='word_1_36' title='bbox 1768 600 1934 675; x_wconf 78' lang='grc' dir='ltr'><strong>εἶναι,</strong></span> <span class='ocrx_word' id='word_1_37' title='bbox 1979 602 2040 663; x_wconf 90' lang='grc' dir='ltr'><strong>ἐν</strong></span> <span class='ocrx_word' id='word_1_38' title='bbox 2087 599 2138 685; x_wconf 77' lang='grc' dir='ltr'>ᾦ</span> <span class='ocrx_word' id='word_1_39' title='bbox 2187 601 2238 664; x_wconf 84' lang='grc' dir='ltr'><strong>δ’</strong></span> <span class='ocrx_word' id='word_1_40' title='bbox 2295 602 2418 665; x_wconf 86' lang='grc' dir='ltr'><strong>ἐστὶ</strong></span> <span class='ocrx_word' id='word_1_41' title='bbox 2463 607 2582 682; x_wconf 78' lang='grc' dir='ltr'><strong>νῦν,</strong></span> <span class='ocrx_word' id='word_1_42' title='bbox 2637 603 2742 665; x_wconf 83' lang='grc' dir='ltr'><strong>οὐκ</strong></span> <span class='ocrx_word' id='word_1_43' title='bbox 2787 602 2847 672; x_wconf 74' lang='grc' dir='ltr'><strong>ἐξ</strong></span> <span class='ocrx_word' id='word_1_44' title='bbox 2893 604 3148 686; x_wconf 86' lang='grc' dir='ltr'><strong>ἀνάγκης</strong></span> <span class='ocrx_word' id='word_1_45' title='bbox 3199 622 3230 663; x_wconf 75' lang='lat'><strong>5</strong></span> 
     </span>
     <span class='ocr_line' id='line_1_5' title="bbox 636 700 3145 787; baseline 0.002 -27"><span class='ocrx_word' id='word_1_46' title='bbox 636 700 837 769; x_wconf 85' lang='grc' dir='ltr'><strong>ἁπλῶς</strong></span> <span class='ocrx_word' id='word_1_47' title='bbox 884 700 1035 764; x_wconf 88' lang='grc' dir='ltr'><strong>ἐστιν</strong></span> <span class='ocrx_word' id='word_1_48' title='bbox 1081 700 1141 762; x_wconf 88' lang='grc' dir='ltr'><strong>ἐν</strong></span> <span class='ocrx_word' id='word_1_49' title='bbox 1188 700 1375 784; x_wconf 89' lang='grc' dir='ltr'><strong>τούτῳ</strong></span> <span class='ocrx_word' id='word_1_50' title='bbox 1447 701 1540 763; x_wconf 81' lang='grc' dir='ltr'><strong>διὰ</strong></span> <span class='ocrx_word' id='word_1_51' title='bbox 1584 703 1689 785; x_wconf 86' lang='grc' dir='ltr'><strong>τὴν</strong></span> <span class='ocrx_word' id='word_1_52' title='bbox 1736 703 1878 785; x_wconf 83' lang='grc' dir='ltr'><strong>πρὸς</strong></span> <span class='ocrx_word' id='word_1_53' title='bbox 1921 703 1993 766; x_wconf 85' lang='grc' dir='ltr'><strong>τὰ</strong></span> <span class='ocrx_word' id='word_1_54' title='bbox 2063 704 2422 786; x_wconf 82' lang='grc' dir='ltr'><strong>ἀντικείμενα</strong></span> <span class='ocrx_word' id='word_1_55' title='bbox 2487 704 2742 785; x_wconf 87' lang='grc' dir='ltr'><strong>δύναμιν.</strong></span> <span class='ocrx_word' id='word_1_56' title='bbox 2833 704 2984 767; x_wconf 79' lang='grc' dir='ltr'><strong>ἀλλὰ</strong></span> <span class='ocrx_word' id='word_1_57' title='bbox 3033 706 3145 787; x_wconf 82' lang='grc' dir='ltr'><strong>μὴν</strong></span> 
     </span>
     <span class='ocr_line' id='line_1_6' title="bbox 564 800 3145 889; baseline 0.003 -28"><span class='ocrx_word' id='word_1_58' title='bbox 564 818 595 867; x_wconf 83' lang='grc'><strong>5</strong></span> <span class='ocrx_word' id='word_1_59' title='bbox 634 800 707 861; x_wconf 84' lang='grc' dir='ltr'><strong>τὰ</strong></span> <span class='ocrx_word' id='word_1_60' title='bbox 766 802 953 871; x_wconf 77' lang='grc' dir='ltr'><strong>οὕτως</strong></span> <span class='ocrx_word' id='word_1_61' title='bbox 1007 801 1143 866; x_wconf 80' lang='grc' dir='ltr'><strong>ὄντα</strong></span> <span class='ocrx_word' id='word_1_62' title='bbox 1196 801 1255 864; x_wconf 89' lang='grc' dir='ltr'><strong>ἔν</strong></span> <span class='ocrx_word' id='word_1_63' title='bbox 1310 824 1453 865; x_wconf 87' lang='grc' dir='ltr'><strong>τισιν</strong></span> <span class='ocrx_word' id='word_1_64' title='bbox 1508 802 1577 865; x_wconf 82' lang='grc' dir='ltr'><strong>οὐ</strong></span> <span class='ocrx_word' id='word_1_65' title='bbox 1632 802 1705 866; x_wconf 88' lang='grc' dir='ltr'><strong>δι’</strong></span> <span class='ocrx_word' id='word_1_66' title='bbox 1774 805 1958 873; x_wconf 78' lang='grc' dir='ltr'><strong>αἰτίας</strong></span> <span class='ocrx_word' id='word_1_67' title='bbox 2017 805 2176 874; x_wconf 78' lang='grc' dir='ltr'><strong>τινὰς</strong></span> <span class='ocrx_word' id='word_1_68' title='bbox 2230 806 2852 889; x_wconf 84' lang='grc' dir='ltr'><strong>προκαταβεβλημὲνας</strong></span> <span class='ocrx_word' id='word_1_69' title='bbox 2915 806 3029 888; x_wconf 91' lang='grc' dir='ltr'><strong>[τε]</strong></span> <span class='ocrx_word' id='word_1_70' title='bbox 3086 805 3145 875; x_wconf 73' lang='grc' dir='ltr'><strong>ἐξ</strong></span> 
     </span>
     <span class='ocr_line' id='line_1_7' title="bbox 633 904 3146 989; baseline 0.001 -23"><span class='ocrx_word' id='word_1_71' title='bbox 633 904 890 987; x_wconf 81' lang='grc' dir='ltr'><strong>ἀνάγκης</strong></span> <span class='ocrx_word' id='word_1_72' title='bbox 956 906 1037 972; x_wconf 87' lang='grc' dir='ltr'><strong>εἰς</strong></span> <span class='ocrx_word' id='word_1_73' title='bbox 1091 908 1270 967; x_wconf 78' lang='grc' dir='ltr'><strong>ταῦτα</strong></span> <span class='ocrx_word' id='word_1_74' title='bbox 1325 904 1579 986; x_wconf 80' lang='grc' dir='ltr'><strong>ἀγούσας</strong></span> <span class='ocrx_word' id='word_1_75' title='bbox 1633 905 1783 968; x_wconf 88' lang='grc' dir='ltr'><strong>ἐστὶν</strong></span> <span class='ocrx_word' id='word_1_76' title='bbox 1837 906 1898 967; x_wconf 91' lang='grc' dir='ltr'><strong>ἐν</strong></span> <span class='ocrx_word' id='word_1_77' title='bbox 1965 906 2179 976; x_wconf 86' lang='grc' dir='ltr'><strong>αὐτοῖς.</strong></span> <span class='ocrx_word' id='word_1_78' title='bbox 2269 904 2410 969; x_wconf 82' lang='grc' dir='ltr'><strong>ὥστ’</strong></span> <span class='ocrx_word' id='word_1_79' title='bbox 2464 906 2516 968; x_wconf 87' lang='grc' dir='ltr'><strong>εἰ</strong></span> <span class='ocrx_word' id='word_1_80' title='bbox 2569 908 2754 969; x_wconf 87' lang='grc' dir='ltr'><strong>πάντα</strong></span> <span class='ocrx_word' id='word_1_81' title='bbox 2809 907 2878 969; x_wconf 85' lang='grc' dir='ltr'><strong>τὰ</strong></span> <span class='ocrx_word' id='word_1_82' title='bbox 2929 908 3146 989; x_wconf 82' lang='grc' dir='ltr'><strong>ὁμοίως</strong></span> 
     </span>
     <span class='ocr_line' id='line_1_8' title="bbox 636 1004 3234 1092; baseline 0 -25"><span class='ocrx_word' id='word_1_83' title='bbox 636 1010 749 1067; x_wconf 85' lang='grc' dir='ltr'><strong>τῶν</strong></span> <span class='ocrx_word' id='word_1_84' title='bbox 814 1006 1219 1087; x_wconf 81' lang='grc' dir='ltr'><strong>ἀντικειμένων</strong></span> <span class='ocrx_word' id='word_1_85' title='bbox 1287 1004 1425 1069; x_wconf 75' lang='grc' dir='ltr'><strong>ὄντα</strong></span> <span class='ocrx_word' id='word_1_86' title='bbox 1480 1008 1713 1070; x_wconf 79' lang='grc' dir='ltr'><strong>δεκτικὰ</strong></span> <span class='ocrx_word' id='word_1_87' title='bbox 1776 1007 2179 1092; x_wconf 80' lang='grc' dir='ltr'><strong>ἐνδεχομένως</strong></span> <span class='ocrx_word' id='word_1_88' title='bbox 2245 1007 2308 1069; x_wconf 87' lang='grc' dir='ltr'><strong>τέ</strong></span> <span class='ocrx_word' id='word_1_89' title='bbox 2365 1009 2517 1071; x_wconf 91' lang='grc' dir='ltr'><strong>ἐστιν</strong></span> <span class='ocrx_word' id='word_1_90' title='bbox 2580 1008 2640 1069; x_wconf 93' lang='grc' dir='ltr'><strong>ἐν</strong></span> <span class='ocrx_word' id='word_1_91' title='bbox 2707 1008 2794 1078; x_wconf 78' lang='grc' dir='ltr'><strong>οἷς</strong></span> <span class='ocrx_word' id='word_1_92' title='bbox 2846 1009 3000 1071; x_wconf 90' lang='grc' dir='ltr'><strong>ἐστιν</strong></span> <span class='ocrx_word' id='word_1_93' title='bbox 3053 1010 3148 1073; x_wconf 86' lang='grc' dir='ltr'><strong>καὶ</strong></span> <span class='ocrx_word' id='word_1_94' title='bbox 3177 1028 3234 1069; x_wconf 83' lang='lat' dir='ltr'><strong>lo</strong></span> 
     </span>
     <span class='ocr_line' id='line_1_9' title="bbox 636 1106 3148 1194; baseline 0.002 -25"><span class='ocrx_word' id='word_1_95' title='bbox 636 1106 741 1170; x_wconf 81' lang='grc' dir='ltr'><strong>οὐκ</strong></span> <span class='ocrx_word' id='word_1_96' title='bbox 786 1106 938 1171; x_wconf 83' lang='grc' dir='ltr'><strong>ἔστιν</strong></span> <span class='ocrx_word' id='word_1_97' title='bbox 984 1108 1045 1169; x_wconf 89' lang='grc' dir='ltr'><strong>ἐν</strong></span> <span class='ocrx_word' id='word_1_98' title='bbox 1090 1108 1177 1176; x_wconf 84' lang='grc' dir='ltr'><strong>οἷς</strong></span> <span class='ocrx_word' id='word_1_99' title='bbox 1221 1107 1328 1170; x_wconf 82' lang='grc' dir='ltr'><strong>οὐκ</strong></span> <span class='ocrx_word' id='word_1_100' title='bbox 1372 1106 1512 1185; x_wconf 83' lang='grc' dir='ltr'><strong>ἔστι,</strong></span> <span class='ocrx_word' id='word_1_101' title='bbox 1573 1110 1747 1192; x_wconf 86' lang='grc' dir='ltr'><strong>μυρία</strong></span> <span class='ocrx_word' id='word_1_102' title='bbox 1810 1108 1880 1171; x_wconf 81' lang='grc' dir='ltr'><strong>ἂν</strong></span> <span class='ocrx_word' id='word_1_103' title='bbox 1927 1107 2017 1192; x_wconf 79' lang='grc' dir='ltr'><strong>εἴη</strong></span> <span class='ocrx_word' id='word_1_104' title='bbox 2073 1109 2144 1171; x_wconf 80' lang='grc' dir='ltr'><strong>τὰ</strong></span> <span class='ocrx_word' id='word_1_105' title='bbox 2199 1109 2597 1194; x_wconf 80' lang='grc' dir='ltr'><strong>ἐνδεχομένως</strong></span> <span class='ocrx_word' id='word_1_106' title='bbox 2642 1109 2776 1172; x_wconf 77' lang='grc' dir='ltr'><strong>ὄντα</strong></span> <span class='ocrx_word' id='word_1_107' title='bbox 2821 1133 2884 1173; x_wconf 91' lang='grc' dir='ltr'><strong>τε</strong></span> <span class='ocrx_word' id='word_1_108' title='bbox 2929 1114 3024 1173; x_wconf 80' lang='grc' dir='ltr'><strong>καὶ</strong></span> <span class='ocrx_word' id='word_1_109' title='bbox 3069 1136 3148 1194; x_wconf 89' lang='grc' dir='ltr'><strong>γι-</strong></span> 
     </span>
     <span class='ocr_line' id='line_1_10' title="bbox 637 1208 3146 1294; baseline 0.002 -24"><span class='ocrx_word' id='word_1_110' title='bbox 637 1208 867 1289; x_wconf 86' lang='grc' dir='ltr'><strong>νόμενα.</strong></span> <span class='ocrx_word' id='word_1_111' title='bbox 956 1208 1170 1271; x_wconf 81' lang='grc' dir='ltr'><strong>ἄτοπον</strong></span> <span class='ocrx_word' id='word_1_112' title='bbox 1215 1208 1325 1291; x_wconf 84' lang='grc' dir='ltr'><strong>γὰρ</strong></span> <span class='ocrx_word' id='word_1_113' title='bbox 1373 1211 1589 1291; x_wconf 81' lang='grc' dir='ltr'><strong>ὁμοίως</strong></span> <span class='ocrx_word' id='word_1_114' title='bbox 1634 1210 1695 1280; x_wconf 74' lang='grc' dir='ltr'><strong>ἐξ</strong></span> <span class='ocrx_word' id='word_1_115' title='bbox 1739 1210 1994 1293; x_wconf 80' lang='grc' dir='ltr'><strong>ἀνάγκης</strong></span> <span class='ocrx_word' id='word_1_116' title='bbox 2039 1211 2184 1274; x_wconf 78' lang='grc' dir='ltr'><strong>εἶναι</strong></span> <span class='ocrx_word' id='word_1_117' title='bbox 2228 1211 2412 1294; x_wconf 87' lang='grc' dir='ltr'><strong>λέγειν</strong></span> <span class='ocrx_word' id='word_1_118' title='bbox 2459 1210 2520 1274; x_wconf 86' lang='grc' dir='ltr'><strong>ἔν</strong></span> <span class='ocrx_word' id='word_1_119' title='bbox 2565 1235 2669 1273; x_wconf 87' lang='grc' dir='ltr'><strong>τινι</strong></span> <span class='ocrx_word' id='word_1_120' title='bbox 2731 1213 2802 1274; x_wconf 88' lang='grc' dir='ltr'><strong>τά</strong></span> <span class='ocrx_word' id='word_1_121' title='bbox 2845 1236 2908 1275; x_wconf 91' lang='grc' dir='ltr'><strong>τε</strong></span> <span class='ocrx_word' id='word_1_122' title='bbox 2953 1214 3146 1277; x_wconf 85' lang='grc' dir='ltr'><strong>ἀνεπί-</strong></span> 
     </span>
     <span class='ocr_line' id='line_1_11' title="bbox 536 1311 3148 1397; baseline 0.002 -24"><span class='ocrx_word' id='word_1_123' title='bbox 536 1332 599 1377; x_wconf 89' lang='lat'><strong>10</strong></span> <span class='ocrx_word' id='word_1_124' title='bbox 640 1312 813 1373; x_wconf 88' lang='grc' dir='ltr'><strong>δεκτα</strong></span> <span class='ocrx_word' id='word_1_125' title='bbox 858 1316 972 1373; x_wconf 87' lang='grc' dir='ltr'><strong>τῶν</strong></span> <span class='ocrx_word' id='word_1_126' title='bbox 1018 1311 1287 1374; x_wconf 83' lang='grc' dir='ltr'><strong>ἐναντίων</strong></span> <span class='ocrx_word' id='word_1_127' title='bbox 1334 1311 1553 1380; x_wconf 82' lang='grc' dir='ltr'><strong>τούτοις</strong></span> <span class='ocrx_word' id='word_1_128' title='bbox 1599 1311 1659 1374; x_wconf 88' lang='grc' dir='ltr'><strong>ἐν</strong></span> <span class='ocrx_word' id='word_1_129' title='bbox 1703 1311 1790 1378; x_wconf 85' lang='grc' dir='ltr'><strong>οἷς</strong></span> <span class='ocrx_word' id='word_1_130' title='bbox 1834 1312 1956 1374; x_wconf 88' lang='grc' dir='ltr'><strong>ἐστι</strong></span> <span class='ocrx_word' id='word_1_131' title='bbox 2003 1314 2095 1374; x_wconf 89' lang='grc' dir='ltr'><strong>καὶ</strong></span> <span class='ocrx_word' id='word_1_132' title='bbox 2141 1313 2212 1375; x_wconf 84' lang='grc' dir='ltr'><strong>τὰ</strong></span> <span class='ocrx_word' id='word_1_133' title='bbox 2269 1315 2450 1397; x_wconf 84' lang='grc' dir='ltr'><strong>μηδὲν</strong></span> <span class='ocrx_word' id='word_1_134' title='bbox 2509 1318 2726 1395; x_wconf 82' lang='grc' dir='ltr'><strong>μᾶλλον</strong></span> <span class='ocrx_word' id='word_1_135' title='bbox 2783 1313 2917 1378; x_wconf 77' lang='grc' dir='ltr'><strong>καθ’</strong></span> <span class='ocrx_word' id='word_1_136' title='bbox 2974 1316 3148 1379; x_wconf 83' lang='grc' dir='ltr'><strong>ὁντιν-</strong></span> 
     </span>
     <span class='ocr_line' id='line_1_12' title="bbox 637 1412 3231 1502; baseline 0 -26"><span class='ocrx_word' id='word_1_137' title='bbox 637 1418 735 1477; x_wconf 79' lang='grc' dir='ltr'><strong>οῦν</strong></span> <span class='ocrx_word' id='word_1_138' title='bbox 782 1412 991 1498; x_wconf 85' lang='grc' dir='ltr'><strong>χρόνον</strong></span> <span class='ocrx_word' id='word_1_139' title='bbox 1034 1414 1254 1476; x_wconf 87' lang='grc' dir='ltr'><strong>τούτων</strong></span> <span class='ocrx_word' id='word_1_140' title='bbox 1301 1414 1339 1495; x_wconf 80' lang='grc' dir='ltr'>ἢ</span> <span class='ocrx_word' id='word_1_141' title='bbox 1388 1418 1501 1474; x_wconf 84' lang='grc' dir='ltr'><strong>τῶν</strong></span> <span class='ocrx_word' id='word_1_142' title='bbox 1548 1414 1820 1476; x_wconf 86' lang='grc' dir='ltr'><strong>ἐναντίων</strong></span> <span class='ocrx_word' id='word_1_143' title='bbox 1867 1414 2064 1483; x_wconf 78' lang='grc' dir='ltr'><strong>αὐτοῖς</strong></span> <span class='ocrx_word' id='word_1_144' title='bbox 2110 1416 2361 1478; x_wconf 89' lang='grc' dir='ltr'><strong>δεκτικά.</strong></span> <span class='ocrx_word' id='word_1_145' title='bbox 2452 1418 2507 1478; x_wconf 85' lang='grc' dir='ltr'><strong>εἰ</strong></span> <span class='ocrx_word' id='word_1_146' title='bbox 2549 1418 2655 1500; x_wconf 83' lang='grc' dir='ltr'><strong>γὰρ</strong></span> <span class='ocrx_word' id='word_1_147' title='bbox 2700 1417 2773 1480; x_wconf 83' lang='grc' dir='ltr'><strong>τὰ</strong></span> <span class='ocrx_word' id='word_1_148' title='bbox 2804 1417 2862 1486; x_wconf 76' lang='grc' dir='ltr'><strong>ἐξ</strong></span> <span class='ocrx_word' id='word_1_149' title='bbox 2893 1420 3150 1502; x_wconf 85' lang='grc' dir='ltr'><strong>ἀνάγκης</strong></span> <span class='ocrx_word' id='word_1_150' title='bbox 3177 1434 3231 1477; x_wconf 76' lang='lat'><strong>15</strong></span> 
     </span>
     <span class='ocr_line' id='line_1_13' title="bbox 633 1514 3145 1599; baseline 0.002 -21"><span class='ocrx_word' id='word_1_151' title='bbox 633 1514 771 1579; x_wconf 84' lang='grc' dir='ltr'><strong>ὄντα</strong></span> <span class='ocrx_word' id='word_1_152' title='bbox 802 1514 861 1578; x_wconf 86' lang='grc' dir='ltr'><strong>ἔν</strong></span> <span class='ocrx_word' id='word_1_153' title='bbox 893 1538 997 1578; x_wconf 89' lang='grc' dir='ltr'><strong>τινι</strong></span> <span class='ocrx_word' id='word_1_154' title='bbox 1042 1515 1383 1578; x_wconf 79' lang='grc' dir='ltr'><strong>ἀνεπίδεκτα</strong></span> <span class='ocrx_word' id='word_1_155' title='bbox 1428 1520 1529 1578; x_wconf 80' lang='grc' dir='ltr'><strong>τοῦ</strong></span> <span class='ocrx_word' id='word_1_156' title='bbox 1576 1516 1831 1580; x_wconf 83' lang='grc' dir='ltr'><strong>ἐναντίου</strong></span> <span class='ocrx_word' id='word_1_157' title='bbox 1879 1515 2064 1599; x_wconf 76' lang='grc' dir='ltr'><strong>αὐτῷ,</strong></span> <span class='ocrx_word' id='word_1_158' title='bbox 2111 1516 2182 1579; x_wconf 86' lang='grc' dir='ltr'><strong>τὰ</strong></span> <span class='ocrx_word' id='word_1_159' title='bbox 2227 1518 2558 1582; x_wconf 81' lang='grc' dir='ltr'><strong>ἐπιδεκτικὰ</strong></span> <span class='ocrx_word' id='word_1_160' title='bbox 2602 1523 2705 1581; x_wconf 82' lang='grc' dir='ltr'><strong>τοῦ</strong></span> <span class='ocrx_word' id='word_1_161' title='bbox 2750 1520 3004 1583; x_wconf 82' lang='grc' dir='ltr'><strong>ἐναντίου</strong></span> <span class='ocrx_word' id='word_1_162' title='bbox 3039 1520 3145 1584; x_wconf 78' lang='grc' dir='ltr'><strong>οὐκ</strong></span> 
     </span>
     <span class='ocr_line' id='line_1_14' title="bbox 636 1612 1673 1702; baseline 0.002 -23"><span class='ocrx_word' id='word_1_163' title='bbox 636 1617 696 1687; x_wconf 72' lang='grc' dir='ltr'><strong>ἐξ</strong></span> <span class='ocrx_word' id='word_1_164' title='bbox 740 1619 993 1699; x_wconf 86' lang='grc' dir='ltr'><strong>ἀνάγκης</strong></span> <span class='ocrx_word' id='word_1_165' title='bbox 1040 1616 1108 1679; x_wconf 83' lang='grc' dir='ltr'><strong>ἂν</strong></span> <span class='ocrx_word' id='word_1_166' title='bbox 1153 1618 1213 1680; x_wconf 87' lang='grc' dir='ltr'><strong>ἐν</strong></span> <span class='ocrx_word' id='word_1_167' title='bbox 1259 1612 1311 1702; x_wconf 75' lang='grc' dir='ltr'><strong><em>ᾦ</em></strong></span> <span class='ocrx_word' id='word_1_168' title='bbox 1364 1618 1515 1680; x_wconf 89' lang='grc' dir='ltr'><strong>ἐστιν</strong></span> <span class='ocrx_word' id='word_1_169' title='bbox 1560 1617 1673 1701; x_wconf 81' lang='grc' dir='ltr'><strong>εἴη.</strong></span> 
     </span>
     <span class='ocr_line' id='line_1_15' title="bbox 804 1718 3234 1808; baseline 0 -24"><span class='ocrx_word' id='word_1_170' title='bbox 804 1718 889 1784; x_wconf 86' lang='grc' dir='ltr'><strong>Τὸ</strong></span> <span class='ocrx_word' id='word_1_171' title='bbox 936 1721 1001 1783; x_wconf 85' lang='grc' dir='ltr'><strong>δὲ</strong></span> <span class='ocrx_word' id='word_1_172' title='bbox 1044 1720 1227 1801; x_wconf 89' lang='grc' dir='ltr'><strong>λέγειν</strong></span> <span class='ocrx_word' id='word_1_173' title='bbox 1276 1720 1357 1802; x_wconf 86' lang='grc' dir='ltr'><strong>μὴ</strong></span> <span class='ocrx_word' id='word_1_174' title='bbox 1404 1720 1766 1803; x_wconf 77' lang='grc' dir='ltr'><strong>ἀναιρεῖσθαι</strong></span> <span class='ocrx_word' id='word_1_175' title='bbox 1812 1723 2044 1784; x_wconf 88' lang='grc' dir='ltr'><strong>πάντων</strong></span> <span class='ocrx_word' id='word_1_176' title='bbox 2098 1722 2412 1804; x_wconf 81' lang='grc' dir='ltr'><strong>γινομένων</strong></span> <span class='ocrx_word' id='word_1_177' title='bbox 2467 1722 2604 1786; x_wconf 75' lang='grc' dir='ltr'><strong>καθ’</strong></span> <span class='ocrx_word' id='word_1_178' title='bbox 2659 1724 3012 1808; x_wconf 83' lang='grc' dir='ltr'><strong>εἱμαρμένην</strong></span> <span class='ocrx_word' id='word_1_179' title='bbox 3074 1725 3141 1787; x_wconf 83' lang='grc' dir='ltr'><strong>τὸ</strong></span> <span class='ocrx_word' id='word_1_180' title='bbox 3179 1732 3234 1784; x_wconf 90' lang='lat' dir='ltr'>X</span> 
     </span>
     <span class='ocr_line' id='line_1_16' title="bbox 536 1822 3233 1907; baseline 0.001 -23"><span class='ocrx_word' id='word_1_181' title='bbox 536 1844 593 1891; x_wconf 83' lang='lat'><strong>15</strong></span> <span class='ocrx_word' id='word_1_182' title='bbox 634 1822 871 1885; x_wconf 79' lang='grc' dir='ltr'><strong>δυνατόν</strong></span> <span class='ocrx_word' id='word_1_183' title='bbox 918 1846 981 1885; x_wconf 89' lang='grc' dir='ltr'><strong>τε</strong></span> <span class='ocrx_word' id='word_1_184' title='bbox 1023 1824 1120 1886; x_wconf 88' lang='grc' dir='ltr'><strong>καὶ</strong></span> <span class='ocrx_word' id='word_1_185' title='bbox 1186 1823 1567 1906; x_wconf 85' lang='grc' dir='ltr'><strong>ἐνδεχόμενον</strong></span> <span class='ocrx_word' id='word_1_186' title='bbox 1634 1829 1720 1907; x_wconf 77' lang='grc' dir='ltr'><strong>τῷ</strong></span> <span class='ocrx_word' id='word_1_187' title='bbox 1771 1825 2008 1885; x_wconf 88' lang='grc' dir='ltr'><strong>δυνατὸν</strong></span> <span class='ocrx_word' id='word_1_188' title='bbox 2056 1826 2158 1906; x_wconf 87' lang='grc' dir='ltr'><strong>μὲν</strong></span> <span class='ocrx_word' id='word_1_189' title='bbox 2204 1824 2350 1887; x_wconf 85' lang='grc' dir='ltr'><strong>εἶναι</strong></span> <span class='ocrx_word' id='word_1_190' title='bbox 2407 1826 2678 1907; x_wconf 80' lang='grc' dir='ltr'><strong>γενέσθαι</strong></span> <span class='ocrx_word' id='word_1_191' title='bbox 2733 1832 2902 1890; x_wconf 83' lang='grc' dir='ltr'><strong>τοῦτο</strong></span> <span class='ocrx_word' id='word_1_192' title='bbox 2957 1826 2988 1889; x_wconf 88' lang='grc' dir='ltr'>ὃ</span> <span class='ocrx_word' id='word_1_193' title='bbox 3035 1826 3136 1889; x_wconf 82' lang='grc' dir='ltr'><strong>ὑπ’</strong></span> <span class='ocrx_word' id='word_1_194' title='bbox 3174 1846 3233 1888; x_wconf 76' lang='grc' dir='ltr'><strong>ευ</strong></span> 
     </span>
     <span class='ocr_line' id='line_1_17' title="bbox 633 1924 3147 2013; baseline 0.001 -25"><span class='ocrx_word' id='word_1_195' title='bbox 633 1926 869 1992; x_wconf 79' lang='grc' dir='ltr'><strong>οὐδενὸς</strong></span> <span class='ocrx_word' id='word_1_196' title='bbox 911 1924 1195 1987; x_wconf 77' lang='grc' dir='ltr'><strong>κωλύεται</strong></span> <span class='ocrx_word' id='word_1_197' title='bbox 1240 1924 1530 2006; x_wconf 77' lang='grc' dir='ltr'><strong>γενέσῦαι,</strong></span> <span class='ocrx_word' id='word_1_198' title='bbox 1586 1924 1692 1987; x_wconf 74' lang='grc' dir='ltr'><strong>κᾶν</strong></span> <span class='ocrx_word' id='word_1_199' title='bbox 1742 1927 1821 2008; x_wconf 87' lang='grc' dir='ltr'><strong>μὴ</strong></span> <span class='ocrx_word' id='word_1_200' title='bbox 1871 1926 2102 2011; x_wconf 87' lang='grc' dir='ltr'><strong>γένηται</strong></span> <span class='ocrx_word' id='word_1_201' title='bbox 2147 1926 2292 2009; x_wconf 85' lang='grc' dir='ltr'><strong>(τῶν</strong></span> <span class='ocrx_word' id='word_1_202' title='bbox 2337 1929 2402 1990; x_wconf 88' lang='grc' dir='ltr'><strong>δὲ</strong></span> <span class='ocrx_word' id='word_1_203' title='bbox 2449 1927 2583 1991; x_wconf 73' lang='grc' dir='ltr'><strong>καθ’</strong></span> <span class='ocrx_word' id='word_1_204' title='bbox 2649 1930 3001 2013; x_wconf 74' lang='grc' dir='ltr'><strong>εἱμαρμένην</strong></span> <span class='ocrx_word' id='word_1_205' title='bbox 3067 1954 3147 2012; x_wconf 91' lang='grc' dir='ltr'><strong>γι-</strong></span> 
     </span>
     <span class='ocr_line' id='line_1_18' title="bbox 634 2026 3148 2115; baseline 0.002 -25"><span class='ocrx_word' id='word_1_206' title='bbox 634 2028 887 2111; x_wconf 86' lang='grc' dir='ltr'><strong>νομένων</strong></span> <span class='ocrx_word' id='word_1_207' title='bbox 935 2027 1002 2089; x_wconf 82' lang='grc' dir='ltr'><strong>οὐ</strong></span> <span class='ocrx_word' id='word_1_208' title='bbox 1049 2026 1421 2090; x_wconf 73' lang='grc' dir='ltr'><strong>κεκωλῦσθαι</strong></span> <span class='ocrx_word' id='word_1_209' title='bbox 1466 2028 1535 2089; x_wconf 81' lang='grc' dir='ltr'><strong>τὰ</strong></span> <span class='ocrx_word' id='word_1_210' title='bbox 1582 2027 1946 2107; x_wconf 86' lang='grc' dir='ltr'><strong>ἀντικείμενα</strong></span> <span class='ocrx_word' id='word_1_211' title='bbox 1989 2028 2292 2110; x_wconf 78' lang='grc' dir='ltr'><strong>γενέσθαι·</strong></span> <span class='ocrx_word' id='word_1_212' title='bbox 2359 2032 2448 2093; x_wconf 81' lang='grc' dir='ltr'><strong>διὸ</strong></span> <span class='ocrx_word' id='word_1_213' title='bbox 2502 2032 2688 2095; x_wconf 86' lang='grc' dir='ltr'><strong>καίτοι</strong></span> <span class='ocrx_word' id='word_1_214' title='bbox 2741 2033 2822 2115; x_wconf 85' lang='grc' dir='ltr'><strong>μὴ</strong></span> <span class='ocrx_word' id='word_1_215' title='bbox 2880 2032 3148 2113; x_wconf 84' lang='grc' dir='ltr'><strong>γινόμενα</strong></span> 
     </span>
     <span class='ocr_line' id='line_1_19' title="bbox 634 2129 3142 2217; baseline 0.002 -26"><span class='ocrx_word' id='word_1_216' title='bbox 634 2129 796 2213; x_wconf 77' lang='grc' dir='ltr'><strong>ὅμως</strong></span> <span class='ocrx_word' id='word_1_217' title='bbox 840 2131 962 2193; x_wconf 83' lang='grc' dir='ltr'><strong>ἐστὶ</strong></span> <span class='ocrx_word' id='word_1_218' title='bbox 1010 2130 1273 2210; x_wconf 80' lang='grc' dir='ltr'><strong>δυνατά),</strong></span> <span class='ocrx_word' id='word_1_219' title='bbox 1320 2131 1415 2192; x_wconf 85' lang='grc' dir='ltr'><strong>καὶ</strong></span> <span class='ocrx_word' id='word_1_220' title='bbox 1459 2134 1561 2192; x_wconf 79' lang='grc' dir='ltr'><strong>τοῦ</strong></span> <span class='ocrx_word' id='word_1_221' title='bbox 1608 2132 1691 2211; x_wconf 80' lang='grc' dir='ltr'><strong>μὴ</strong></span> <span class='ocrx_word' id='word_1_222' title='bbox 1738 2130 2110 2194; x_wconf 74' lang='grc' dir='ltr'><strong>κεκωλῦσθαι</strong></span> <span class='ocrx_word' id='word_1_223' title='bbox 2139 2131 2413 2212; x_wconf 74' lang='grc' dir='ltr'><strong>γενέσθαι</strong></span> <span class='ocrx_word' id='word_1_224' title='bbox 2444 2132 2594 2195; x_wconf 79' lang='grc' dir='ltr'><strong>αὐτὰ</strong></span> <span class='ocrx_word' id='word_1_225' title='bbox 2625 2132 2914 2203; x_wconf 79' lang='grc' dir='ltr'><strong>ἀπόδειξιν</strong></span> <span class='ocrx_word' id='word_1_226' title='bbox 2946 2134 3142 2217; x_wconf 83' lang='grc' dir='ltr'><strong>φέρειν</strong></span> 
     </span>
     <span class='ocr_line' id='line_1_20' title="bbox 640 2229 3234 2317; baseline -0 -23"><span class='ocrx_word' id='word_1_227' title='bbox 640 2233 703 2294; x_wconf 88' lang='grc' dir='ltr'><strong>τὸ</strong></span> <span class='ocrx_word' id='word_1_228' title='bbox 751 2234 891 2314; x_wconf 79' lang='grc' dir='ltr'><strong>ἡμῖν</strong></span> <span class='ocrx_word' id='word_1_229' title='bbox 938 2232 1009 2294; x_wconf 86' lang='grc' dir='ltr'><strong>τὰ</strong></span> <span class='ocrx_word' id='word_1_230' title='bbox 1054 2232 1352 2295; x_wconf 89' lang='grc' dir='ltr'><strong>κωλύοντα</strong></span> <span class='ocrx_word' id='word_1_231' title='bbox 1396 2230 1545 2294; x_wconf 79' lang='grc' dir='ltr'><strong>αὐτὰ</strong></span> <span class='ocrx_word' id='word_1_232' title='bbox 1594 2229 1717 2315; x_wconf 82' lang='grc' dir='ltr'><strong>[ἂν]</strong></span> <span class='ocrx_word' id='word_1_233' title='bbox 1766 2232 2034 2313; x_wconf 87' lang='grc' dir='ltr'><strong>ἄγνωστα</strong></span> <span class='ocrx_word' id='word_1_234' title='bbox 2076 2232 2221 2296; x_wconf 82' lang='grc' dir='ltr'><strong>εἶναι</strong></span> <span class='ocrx_word' id='word_1_235' title='bbox 2277 2236 2507 2303; x_wconf 83' lang='grc' dir='ltr'><strong>πάντως</strong></span> <span class='ocrx_word' id='word_1_236' title='bbox 2567 2235 2669 2316; x_wconf 84' lang='grc' dir='ltr'><strong>μέν</strong></span> <span class='ocrx_word' id='word_1_237' title='bbox 2724 2258 2847 2298; x_wconf 91' lang='grc' dir='ltr'><strong>τινα</strong></span> <span class='ocrx_word' id='word_1_238' title='bbox 2903 2234 3042 2298; x_wconf 81' lang='grc' dir='ltr'><strong>ὄντα</strong></span> <span class='ocrx_word' id='word_1_239' title='bbox 3081 2235 3151 2317; x_wconf 78' lang='grc' dir='ltr'><strong>(ἃ</strong></span> <span class='ocrx_word' id='word_1_240' title='bbox 3177 2252 3234 2293; x_wconf 77' lang='lat'><strong>25</strong></span> 
     </span>
     <span class='ocr_line' id='line_1_21' title="bbox 529 2332 3150 2422; baseline 0.002 -25"><span class='ocrx_word' id='word_1_241' title='bbox 529 2354 596 2401; x_wconf 81' lang='lat'><strong>20</strong></span> <span class='ocrx_word' id='word_1_242' title='bbox 632 2337 741 2418; x_wconf 86' lang='grc' dir='ltr'><strong>γάρ</strong></span> <span class='ocrx_word' id='word_1_243' title='bbox 786 2336 937 2397; x_wconf 88' lang='grc' dir='ltr'><strong>ἐστιν</strong></span> <span class='ocrx_word' id='word_1_244' title='bbox 982 2332 1137 2396; x_wconf 83' lang='grc' dir='ltr'><strong>αἴτια</strong></span> <span class='ocrx_word' id='word_1_245' title='bbox 1182 2338 1282 2395; x_wconf 82' lang='grc' dir='ltr'><strong>τοῦ</strong></span> <span class='ocrx_word' id='word_1_246' title='bbox 1328 2334 1588 2415; x_wconf 72' lang='grc' dir='ltr'><strong>γίνεσθαι</strong></span> <span class='ocrx_word' id='word_1_247' title='bbox 1634 2334 1704 2395; x_wconf 81' lang='grc' dir='ltr'><strong>τὰ</strong></span> <span class='ocrx_word' id='word_1_248' title='bbox 1738 2336 2102 2417; x_wconf 80' lang='grc' dir='ltr'><strong>ἀντικείμενα</strong></span> <span class='ocrx_word' id='word_1_249' title='bbox 2129 2336 2326 2405; x_wconf 83' lang='grc' dir='ltr'><strong>αὐτοῖς</strong></span> <span class='ocrx_word' id='word_1_250' title='bbox 2356 2336 2492 2399; x_wconf 76' lang='grc' dir='ltr'><strong>καθ’</strong></span> <span class='ocrx_word' id='word_1_251' title='bbox 2549 2338 2924 2422; x_wconf 81' lang='grc' dir='ltr'><strong>εἱμαρμένην,</strong></span> <span class='ocrx_word' id='word_1_252' title='bbox 2971 2342 3150 2401; x_wconf 80' lang='grc' dir='ltr'><strong>ταῦτα</strong></span> 
     </span>
     <span class='ocr_line' id='line_1_22' title="bbox 635 2435 3152 2521; baseline 0 -20"><span class='ocrx_word' id='word_1_253' title='bbox 635 2440 729 2501; x_wconf 86' lang='grc' dir='ltr'><strong>καὶ</strong></span> <span class='ocrx_word' id='word_1_254' title='bbox 772 2441 876 2500; x_wconf 77' lang='grc' dir='ltr'><strong>τοῦ</strong></span> <span class='ocrx_word' id='word_1_255' title='bbox 926 2438 1005 2520; x_wconf 84' lang='grc' dir='ltr'><strong>μὴ</strong></span> <span class='ocrx_word' id='word_1_256' title='bbox 1054 2436 1312 2518; x_wconf 80' lang='grc' dir='ltr'><strong>γίνεσθαι</strong></span> <span class='ocrx_word' id='word_1_257' title='bbox 1364 2436 1585 2505; x_wconf 88' lang='grc' dir='ltr'><strong>τούτοις</strong></span> <span class='ocrx_word' id='word_1_258' title='bbox 1630 2435 1803 2509; x_wconf 81' lang='grc' dir='ltr'><strong>αἴτια,</strong></span> <span class='ocrx_word' id='word_1_259' title='bbox 1865 2436 1926 2499; x_wconf 82' lang='grc' dir='ltr'><strong>εἴ</strong></span> <span class='ocrx_word' id='word_1_260' title='bbox 1969 2460 2033 2518; x_wconf 92' lang='grc' dir='ltr'><strong>γε</strong></span> <span class='ocrx_word' id='word_1_261' title='bbox 2091 2439 2172 2505; x_wconf 82' lang='grc' dir='ltr'><strong>ὥς</strong></span> <span class='ocrx_word' id='word_1_262' title='bbox 2233 2459 2408 2521; x_wconf 86' lang='grc' dir='ltr'><strong>φασιν</strong></span> <span class='ocrx_word' id='word_1_263' title='bbox 2463 2440 2742 2503; x_wconf 87' lang='grc' dir='ltr'><strong>ἀδύνατον</strong></span> <span class='ocrx_word' id='word_1_264' title='bbox 2797 2445 2912 2502; x_wconf 84' lang='grc' dir='ltr'><strong>τῶν</strong></span> <span class='ocrx_word' id='word_1_265' title='bbox 2959 2439 3152 2503; x_wconf 73' lang='grc' dir='ltr'><strong>αὐτῶν</strong></span> 
     </span>
     <span class='ocr_line' id='line_1_23' title="bbox 636 2538 3234 2625; baseline 0 -23"><span class='ocrx_word' id='word_1_266' title='bbox 636 2543 1041 2624; x_wconf 82' lang='grc' dir='ltr'><strong>περιεστώτων</strong></span> <span class='ocrx_word' id='word_1_267' title='bbox 1107 2538 1370 2620; x_wconf 79' lang='grc' dir='ltr'><strong>γίνεσθαι</strong></span> <span class='ocrx_word' id='word_1_268' title='bbox 1437 2539 1507 2601; x_wconf 83' lang='grc' dir='ltr'><strong>τὰ</strong></span> <span class='ocrx_word' id='word_1_269' title='bbox 1562 2540 1950 2622; x_wconf 83' lang='grc' dir='ltr'><strong>ἀντικείμενα·</strong></span> <span class='ocrx_word' id='word_1_270' title='bbox 2024 2538 2144 2601; x_wconf 80' lang='grc' dir='ltr'><strong>ἀλλ’</strong></span> <span class='ocrx_word' id='word_1_271' title='bbox 2213 2540 2299 2602; x_wconf 83' lang='grc' dir='ltr'><strong>ὅτι</strong></span> <span class='ocrx_word' id='word_1_272' title='bbox 2355 2543 2437 2623; x_wconf 85' lang='grc' dir='ltr'><strong>μὴ</strong></span> <span class='ocrx_word' id='word_1_273' title='bbox 2504 2543 2644 2624; x_wconf 80' lang='grc' dir='ltr'><strong>ἡμῖν</strong></span> <span class='ocrx_word' id='word_1_274' title='bbox 2708 2543 2834 2605; x_wconf 86' lang='grc' dir='ltr'><strong>ἐστι</strong></span> <span class='ocrx_word' id='word_1_275' title='bbox 2888 2544 3234 2625; x_wconf 58' lang='grc' dir='ltr'><strong>γνώριμά»</strong></span> 
     </span>
     <span class='ocr_line' id='line_1_24' title="bbox 637 2641 3260 2727; baseline 0.001 -22"><span class='ocrx_word' id='word_1_276' title='bbox 637 2667 759 2705; x_wconf 92' lang='grc' dir='ltr'><strong>τινα</strong></span> <span class='ocrx_word' id='word_1_277' title='bbox 803 2643 848 2706; x_wconf 82' lang='grc' dir='ltr'>ἅ</span> <span class='ocrx_word' id='word_1_278' title='bbox 888 2644 1029 2717; x_wconf 83' lang='grc' dir='ltr'><strong>ἐστι,</strong></span> <span class='ocrx_word' id='word_1_279' title='bbox 1077 2641 1170 2704; x_wconf 81' lang='grc' dir='ltr'><strong>διὰ</strong></span> <span class='ocrx_word' id='word_1_280' title='bbox 1216 2645 1382 2703; x_wconf 82' lang='grc' dir='ltr'><strong>τοῦτο</strong></span> <span class='ocrx_word' id='word_1_281' title='bbox 1439 2641 1736 2704; x_wconf 83' lang='grc' dir='ltr'><strong>ἀκώλυτον</strong></span> <span class='ocrx_word' id='word_1_282' title='bbox 1794 2642 1986 2705; x_wconf 84' lang='grc' dir='ltr'><strong>αὐτῶν</strong></span> <span class='ocrx_word' id='word_1_283' title='bbox 2041 2644 2106 2705; x_wconf 88' lang='grc' dir='ltr'><strong>τὸ</strong></span> <span class='ocrx_word' id='word_1_284' title='bbox 2157 2649 2162 2700; x_wconf 75' lang='grc' dir='ltr'>Ι</span> <span class='ocrx_word' id='word_1_285' title='bbox 2215 2641 2354 2725; x_wconf 82' lang='grc' dir='ltr'><strong>[μὴ]</strong></span> <span class='ocrx_word' id='word_1_286' title='bbox 2410 2644 2669 2724; x_wconf 79' lang='grc' dir='ltr'><strong>γίνεσθαι</strong></span> <span class='ocrx_word' id='word_1_287' title='bbox 2728 2644 3038 2727; x_wconf 86' lang='grc' dir='ltr'><strong>λέγουσιν),</strong></span> <span class='ocrx_word' id='word_1_288' title='bbox 3086 2647 3150 2707; x_wconf 85' lang='grc' dir='ltr'><strong>τὸ</strong></span> <span class='ocrx_word' id='word_1_289' title='bbox 3187 2651 3260 2707; x_wconf 82' lang='grc'><strong>32</strong></span> 
     </span>
     <span class='ocr_line' id='line_1_25' title="bbox 638 2742 3144 2833; baseline 0.003 -25"><span class='ocrx_word' id='word_1_290' title='bbox 638 2747 709 2829; x_wconf 88' lang='grc' dir='ltr'><strong>δὴ</strong></span> <span class='ocrx_word' id='word_1_291' title='bbox 757 2749 939 2808; x_wconf 83' lang='grc' dir='ltr'><strong>ταῦτα</strong></span> <span class='ocrx_word' id='word_1_292' title='bbox 983 2743 1167 2825; x_wconf 87' lang='grc' dir='ltr'><strong>λέγειν</strong></span> <span class='ocrx_word' id='word_1_293' title='bbox 1215 2748 1339 2810; x_wconf 83' lang='grc' dir='ltr'><strong>πῶς</strong></span> <span class='ocrx_word' id='word_1_294' title='bbox 1386 2742 1455 2805; x_wconf 80' lang='grc' dir='ltr'><strong>οὐ</strong></span> <span class='ocrx_word' id='word_1_295' title='bbox 1500 2744 1822 2815; x_wconf 79' lang='grc' dir='ltr'><strong>παιζόντων</strong></span> <span class='ocrx_word' id='word_1_296' title='bbox 1869 2744 2023 2807; x_wconf 83' lang='grc' dir='ltr'><strong>ἐστὶν</strong></span> <span class='ocrx_word' id='word_1_297' title='bbox 2068 2745 2130 2807; x_wconf 91' lang='grc' dir='ltr'><strong>ἐν</strong></span> <span class='ocrx_word' id='word_1_298' title='bbox 2175 2744 2242 2807; x_wconf 86' lang='grc' dir='ltr'><strong>οὐ</strong></span> <span class='ocrx_word' id='word_1_299' title='bbox 2311 2748 2540 2813; x_wconf 82' lang='grc' dir='ltr'><strong>παιδιᾶς</strong></span> <span class='ocrx_word' id='word_1_300' title='bbox 2583 2745 2774 2827; x_wconf 80' lang='grc' dir='ltr'><strong>λύγοις</strong></span> <span class='ocrx_word' id='word_1_301' title='bbox 2825 2746 3144 2833; x_wconf 81' lang='grc' dir='ltr'><strong>δεομένοις;</strong></span> 
     </span>
     <span class='ocr_line' id='line_1_26' title="bbox 531 2846 3146 2934; baseline 0.002 -25"><span class='ocrx_word' id='word_1_302' title='bbox 531 2870 597 2917; x_wconf 82' lang='lat'><strong>25</strong></span> <span class='ocrx_word' id='word_1_303' title='bbox 635 2849 699 2910; x_wconf 83' lang='grc' dir='ltr'><strong>τὸ</strong></span> <span class='ocrx_word' id='word_1_304' title='bbox 746 2848 854 2930; x_wconf 81' lang='grc' dir='ltr'><strong>γὰρ</strong></span> <span class='ocrx_word' id='word_1_305' title='bbox 900 2849 1057 2929; x_wconf 73' lang='grc' dir='ltr'><strong>ἡμᾶς</strong></span> <span class='ocrx_word' id='word_1_306' title='bbox 1102 2847 1347 2928; x_wconf 82' lang='grc' dir='ltr'><strong>ἀγνοεῖν,</strong></span> <span class='ocrx_word' id='word_1_307' title='bbox 1394 2846 1562 2909; x_wconf 77' lang='grc' dir='ltr'><strong>οὐδὲν</strong></span> <span class='ocrx_word' id='word_1_308' title='bbox 1608 2848 1751 2929; x_wconf 86' lang='grc' dir='ltr'><strong>πρὸς</strong></span> <span class='ocrx_word' id='word_1_309' title='bbox 1796 2848 1861 2909; x_wconf 83' lang='grc' dir='ltr'><strong>τὸ</strong></span> <span class='ocrx_word' id='word_1_310' title='bbox 1907 2846 2052 2910; x_wconf 86' lang='grc' dir='ltr'><strong>εἶναι</strong></span> <span class='ocrx_word' id='word_1_311' title='bbox 2097 2848 2134 2930; x_wconf 81' lang='grc' dir='ltr'>ἢ</span> <span class='ocrx_word' id='word_1_312' title='bbox 2182 2849 2262 2931; x_wconf 82' lang='grc' dir='ltr'><strong>μὴ</strong></span> <span class='ocrx_word' id='word_1_313' title='bbox 2311 2848 2456 2911; x_wconf 83' lang='grc' dir='ltr'><strong>εἶναι</strong></span> <span class='ocrx_word' id='word_1_314' title='bbox 2497 2849 2566 2911; x_wconf 83' lang='grc' dir='ltr'><strong>τὰ</strong></span> <span class='ocrx_word' id='word_1_315' title='bbox 2597 2850 2932 2932; x_wconf 85' lang='grc' dir='ltr'><strong>πράγματα·</strong></span> <span class='ocrx_word' id='word_1_316' title='bbox 2979 2852 3146 2934; x_wconf 79' lang='grc' dir='ltr'><strong>δῆλοι</strong></span> 
     </span>
     <span class='ocr_line' id='line_1_27' title="bbox 636 2948 3230 3034; baseline -0.001 -21"><span class='ocrx_word' id='word_1_317' title='bbox 636 2954 742 3034; x_wconf 90' lang='grc' dir='ltr'><strong>γάρ</strong></span> <span class='ocrx_word' id='word_1_318' title='bbox 788 2951 929 3012; x_wconf 84' lang='grc' dir='ltr'><strong>εἰσιν</strong></span> <span class='ocrx_word' id='word_1_319' title='bbox 976 2950 1030 3011; x_wconf 84' lang='grc' dir='ltr'><strong>οἱ</strong></span> <span class='ocrx_word' id='word_1_320' title='bbox 1075 2948 1338 3029; x_wconf 86' lang='grc' dir='ltr'><strong>λέγοντες</strong></span> <span class='ocrx_word' id='word_1_321' title='bbox 1384 2950 1569 3015; x_wconf 76' lang='grc' dir='ltr'><strong>οὕτως</strong></span> <span class='ocrx_word' id='word_1_322' title='bbox 1614 2952 1695 3015; x_wconf 81' lang='grc' dir='ltr'><strong>ὡς</strong></span> <span class='ocrx_word' id='word_1_323' title='bbox 1740 2956 1814 3030; x_wconf 75' lang='grc' dir='ltr'><strong>τῇ</strong></span> <span class='ocrx_word' id='word_1_324' title='bbox 1861 2948 2122 3033; x_wconf 70' lang='grc' dir='ltr'><strong>ἡμετέρα</strong></span> <span class='ocrx_word' id='word_1_325' title='bbox 2153 2949 2420 3034; x_wconf 83' lang='grc' dir='ltr'><strong>γνωρίσει</strong></span> <span class='ocrx_word' id='word_1_326' title='bbox 2451 2952 2514 3012; x_wconf 87' lang='grc' dir='ltr'><strong>τὸ</strong></span> <span class='ocrx_word' id='word_1_327' title='bbox 2546 2952 2785 3013; x_wconf 84' lang='grc' dir='ltr'><strong>δυνατὸν</strong></span> <span class='ocrx_word' id='word_1_328' title='bbox 2817 2949 2979 3014; x_wconf 88' lang='grc' dir='ltr'><strong>ἔσται</strong></span> <span class='ocrx_word' id='word_1_329' title='bbox 3008 2952 3136 3017; x_wconf 87' lang='grc' dir='ltr'><strong>κατ’</strong></span> <span class='ocrx_word' id='word_1_330' title='bbox 3199 2970 3230 3011; x_wconf 73' lang='grc' dir='ltr'><strong>ε</strong></span> 
     </span>
     <span class='ocr_line' id='line_1_28' title="bbox 635 3050 3148 3135; baseline -0 -17"><span class='ocrx_word' id='word_1_331' title='bbox 635 3053 861 3120; x_wconf 83' lang='grc' dir='ltr'><strong>αὐτούς.</strong></span> <span class='ocrx_word' id='word_1_332' title='bbox 950 3056 1070 3119; x_wconf 87' lang='grc' dir='ltr'><strong>τοῖς</strong></span> <span class='ocrx_word' id='word_1_333' title='bbox 1113 3051 1221 3134; x_wconf 85' lang='grc' dir='ltr'><strong>γὰρ</strong></span> <span class='ocrx_word' id='word_1_334' title='bbox 1265 3050 1560 3134; x_wconf 77' lang='grc' dir='ltr'><strong>γνωρίζειν</strong></span> <span class='ocrx_word' id='word_1_335' title='bbox 1608 3052 1797 3114; x_wconf 81' lang='grc' dir='ltr'><strong>αὐτῶν</strong></span> <span class='ocrx_word' id='word_1_336' title='bbox 1865 3052 1936 3113; x_wconf 83' lang='grc' dir='ltr'><strong>τὰ</strong></span> <span class='ocrx_word' id='word_1_337' title='bbox 1993 3050 2148 3114; x_wconf 81' lang='grc' dir='ltr'><strong>αἴτια</strong></span> <span class='ocrx_word' id='word_1_338' title='bbox 2202 3052 2534 3135; x_wconf 81' lang='grc' dir='ltr'><strong>δυναμένοις</strong></span> <span class='ocrx_word' id='word_1_339' title='bbox 2577 3051 2766 3134; x_wconf 83' lang='grc' dir='ltr'><strong>(οὗτοι</strong></span> <span class='ocrx_word' id='word_1_340' title='bbox 2811 3053 2863 3115; x_wconf 82' lang='grc' dir='ltr'><strong>δ’</strong></span> <span class='ocrx_word' id='word_1_341' title='bbox 2919 3052 2990 3117; x_wconf 77' lang='grc' dir='ltr'><strong>ἂν</strong></span> <span class='ocrx_word' id='word_1_342' title='bbox 3033 3055 3148 3117; x_wconf 83' lang='grc' dir='ltr'><strong>εἷεν</strong></span> 
     </span>
    </p>
   </div>
   <div class='ocr_carea' id='block_1_3' title="bbox 532 3218 782 3225">
    <p class='ocr_par' dir='ltr' id='par_1_3' title="bbox 532 3218 782 3225">
     <span class='ocr_line' id='line_1_29' title="bbox 532 3218 782 3225; baseline 0 2342"><span class='ocrx_word' id='word_1_343' title='bbox 532 3218 782 3225; x_wconf 95' lang='lat' dir='ltr'><strong> </strong></span> 
     </span>
    </p>
   </div>
   <div class='ocr_carea' id='block_1_4' title="bbox 526 3312 3259 4859">
    <p class='ocr_par' dir='ltr' id='par_1_4' title="bbox 528 3312 3259 4623">
     <span class='ocr_line' id='line_1_30' title="bbox 536 3312 3253 3388; baseline 0 -20"><span class='ocrx_word' id='word_1_344' title='bbox 536 3319 557 3368; x_wconf 94' lang='grc'>1</span> <span class='ocrx_word' id='word_1_345' title='bbox 598 3315 816 3386; x_wconf 75' lang='grc' dir='ltr'><strong>γεγονός.</strong></span> <span class='ocrx_word' id='word_1_346' title='bbox 877 3314 935 3365; x_wconf 85' lang='grc' dir='ltr'><strong>τὸ</strong></span> <span class='ocrx_word' id='word_1_347' title='bbox 974 3314 1137 3366; x_wconf 89' lang='lat' dir='ltr'>Lond.</span> <span class='ocrx_word' id='word_1_348' title='bbox 1178 3317 1242 3366; x_wconf 87' lang='lat' dir='ltr'><strong>O:</strong></span> <span class='ocrx_word' id='word_1_349' title='bbox 1290 3314 1525 3383; x_wconf 85' lang='grc' dir='ltr'><strong>γεγονώς.</strong></span> <span class='ocrx_word' id='word_1_350' title='bbox 1580 3312 1637 3365; x_wconf 88' lang='grc' dir='ltr'><strong>τὸ</strong></span> <span class='ocrx_word' id='word_1_351' title='bbox 1676 3314 1798 3365; x_wconf 64' lang='lat'><em>1321(</em></span> <span class='ocrx_word' id='word_1_352' title='bbox 2071 3314 2123 3367; x_wconf 79' lang='grc' dir='ltr'><strong>δὲ</strong></span> <span class='ocrx_word' id='word_1_353' title='bbox 2163 3330 2261 3367; x_wconf 90' lang='lat' dir='ltr'><strong>om.</strong></span> <span class='ocrx_word' id='word_1_354' title='bbox 2301 3316 2353 3366; x_wconf 80' lang='lat' dir='ltr'><strong>a¹</strong></span> <span class='ocrx_word' id='word_1_355' title='bbox 2639 3314 2670 3367; x_wconf 92' lang='lat'><strong>3</strong></span> <span class='ocrx_word' id='word_1_356' title='bbox 2709 3314 2771 3385; x_wconf 80' lang='grc' dir='ltr'><strong>ἠν</strong></span> <span class='ocrx_word' id='word_1_357' title='bbox 2809 3316 2862 3367; x_wconf 87' lang='grc' dir='ltr'><strong>ἐν</strong></span> <span class='ocrx_word' id='word_1_358' title='bbox 2899 3314 3098 3388; x_wconf 79' lang='grc' dir='ltr'><strong>θατέρῳ</strong></span> <span class='ocrx_word' id='word_1_359' title='bbox 3136 3320 3253 3371; x_wconf 87' lang='lat' dir='ltr'><strong>HS:</strong></span> 
     </span>
     <span class='ocr_line' id='line_1_31' title="bbox 529 3398 3252 3473; baseline 0.001 -20"><span class='ocrx_word' id='word_1_360' title='bbox 529 3422 591 3472; x_wconf 82' lang='grc' dir='ltr'><strong>ην</strong></span> <span class='ocrx_word' id='word_1_361' title='bbox 632 3399 733 3456; x_wconf 66' lang='grc' dir='ltr'><strong>ενὶῩ</strong></span> <span class='ocrx_word' id='word_1_362' title='bbox 773 3419 959 3471; x_wconf 89' lang='grc' dir='ltr'><strong>ατερωι</strong></span> <span class='ocrx_word' id='word_1_363' title='bbox 1005 3400 1081 3451; x_wconf 87' lang='lat' dir='ltr'><strong>sic</strong></span> <span class='ocrx_word' id='word_1_364' title='bbox 1117 3404 1183 3450; x_wconf 80' lang='lat' dir='ltr'><strong>V:</strong></span> <span class='ocrx_word' id='word_1_365' title='bbox 1240 3418 1303 3471; x_wconf 86' lang='grc' dir='ltr'><strong>ην</strong></span> <span class='ocrx_word' id='word_1_366' title='bbox 1354 3401 1404 3453; x_wconf 85' lang='grc' dir='ltr'><strong>ἐν</strong></span> <span class='ocrx_word' id='word_1_367' title='bbox 1450 3398 1648 3471; x_wconf 76' lang='grc' dir='ltr'><strong>θατέρῳ</strong></span> <span class='ocrx_word' id='word_1_368' title='bbox 1688 3404 1763 3453; x_wconf 86' lang='lat' dir='ltr'><strong>sic</strong></span> <span class='ocrx_word' id='word_1_369' title='bbox 1800 3404 1869 3453; x_wconf 88' lang='lat' dir='ltr'><strong>B:</strong></span> <span class='ocrx_word' id='word_1_370' title='bbox 1925 3400 1988 3470; x_wconf 78' lang='grc' dir='ltr'><strong>ἦν</strong></span> <span class='ocrx_word' id='word_1_371' title='bbox 2036 3399 2304 3472; x_wconf 78' lang='grc' dir='ltr'><strong>ἔνΙθατέρῳ</strong></span> <span class='ocrx_word' id='word_1_372' title='bbox 2345 3407 2414 3453; x_wconf 77' lang='lat'>1⁴3:</span> <span class='ocrx_word' id='word_1_373' title='bbox 2471 3402 2532 3472; x_wconf 77' lang='grc' dir='ltr'><strong>ἠν</strong></span> <span class='ocrx_word' id='word_1_374' title='bbox 2578 3402 2906 3471; x_wconf 76' lang='grc' dir='ltr'><strong>ἐνδεχόμενον</strong></span> <span class='ocrx_word' id='word_1_375' title='bbox 2954 3402 3006 3454; x_wconf 84' lang='grc' dir='ltr'><strong>ἐν</strong></span> <span class='ocrx_word' id='word_1_376' title='bbox 3052 3401 3252 3473; x_wconf 72' lang='grc' dir='ltr'><strong>θατέρῳ</strong></span> 
     </span>
     <span class='ocr_line' id='line_1_32' title="bbox 531 3486 3254 3560; baseline -0 -18"><span class='ocrx_word' id='word_1_377' title='bbox 531 3490 610 3542; x_wconf 65' lang='lat'><strong>22¹⁹</strong></span> <span class='ocrx_word' id='word_1_378' title='bbox 880 3488 1023 3556; x_wconf 72' lang='grc' dir='ltr'><strong>αὒτῷ</strong></span> <span class='ocrx_word' id='word_1_379' title='bbox 1060 3489 1270 3554; x_wconf 82' lang='lat' dir='ltr'>scripsi:</span> <span class='ocrx_word' id='word_1_380' title='bbox 1310 3486 1479 3539; x_wconf 76' lang='grc' dir='ltr'><strong>αὐτῶν</strong></span> <span class='ocrx_word' id='word_1_381' title='bbox 1518 3489 1637 3540; x_wconf 83' lang='lat' dir='ltr'>libri</span> <span class='ocrx_word' id='word_1_382' title='bbox 1911 3490 2236 3560; x_wconf 83' lang='grc' dir='ltr'><strong>ἀντικειμένῳ</strong></span> <span class='ocrx_word' id='word_1_383' title='bbox 2275 3491 2488 3557; x_wconf 84' lang='lat' dir='ltr'>scripsi:</span> <span class='ocrx_word' id='word_1_384' title='bbox 2530 3490 2883 3559; x_wconf 81' lang='grc' dir='ltr'><strong>ἀντικειμένων</strong></span> <span class='ocrx_word' id='word_1_385' title='bbox 2923 3495 2985 3543; x_wconf 82' lang='lat' dir='ltr'><strong>V:</strong></span> <span class='ocrx_word' id='word_1_386' title='bbox 3025 3493 3112 3543; x_wconf 84' lang='grc' dir='ltr'><strong>καὶ</strong></span> <span class='ocrx_word' id='word_1_387' title='bbox 3147 3497 3254 3543; x_wconf 85' lang='grc' dir='ltr'><strong>τῶν</strong></span> 
     </span>
     <span class='ocr_line' id='line_1_33' title="bbox 534 3573 3254 3645; baseline 0 -16"><span class='ocrx_word' id='word_1_388' title='bbox 534 3578 889 3645; x_wconf 81' lang='grc' dir='ltr'><strong>ἀντικειμένων</strong></span> <span class='ocrx_word' id='word_1_389' title='bbox 937 3576 1007 3626; x_wconf 69' lang='lat'><strong>8²:</strong></span> <span class='ocrx_word' id='word_1_390' title='bbox 1064 3574 1151 3626; x_wconf 84' lang='grc' dir='ltr'><strong>καὶ</strong></span> <span class='ocrx_word' id='word_1_391' title='bbox 1197 3573 1257 3625; x_wconf 88' lang='grc' dir='ltr'><strong>τὸ</strong></span> <span class='ocrx_word' id='word_1_392' title='bbox 1304 3574 1647 3643; x_wconf 81' lang='grc' dir='ltr'><strong>ἀντικείμενον</strong></span> <span class='ocrx_word' id='word_1_393' title='bbox 1696 3578 1783 3627; x_wconf 67' lang='lat'><strong>³¹·</strong></span> <span class='ocrx_word' id='word_1_394' title='bbox 2035 3576 2066 3629; x_wconf 90' lang='lat'>5</span> <span class='ocrx_word' id='word_1_395' title='bbox 2105 3595 2158 3628; x_wconf 89' lang='grc' dir='ltr'><strong>τε</strong></span> <span class='ocrx_word' id='word_1_396' title='bbox 2199 3577 2295 3629; x_wconf 90' lang='lat' dir='ltr'>del.</span> <span class='ocrx_word' id='word_1_397' title='bbox 2338 3577 2424 3628; x_wconf 76' lang='lat' dir='ltr'><strong>V²z</strong></span> <span class='ocrx_word' id='word_1_398' title='bbox 2465 3593 2564 3629; x_wconf 89' lang='lat' dir='ltr'><strong>om.</strong></span> <span class='ocrx_word' id='word_1_399' title='bbox 2605 3576 2684 3629; x_wconf 72' lang='lat'><strong>8¹²</strong></span> <span class='ocrx_word' id='word_1_400' title='bbox 2966 3577 2997 3629; x_wconf 90' lang='grc'><strong>6</strong></span> <span class='ocrx_word' id='word_1_401' title='bbox 3035 3578 3162 3629; x_wconf 86' lang='grc' dir='ltr'><strong>ἐστιν</strong></span> <span class='ocrx_word' id='word_1_402' title='bbox 3199 3578 3254 3629; x_wconf 86' lang='grc' dir='ltr'><strong>ἐν</strong></span> 
     </span>
     <span class='ocr_line' id='line_1_34' title="bbox 530 3660 3256 3733; baseline 0.002 -20"><span class='ocrx_word' id='word_1_403' title='bbox 530 3662 697 3719; x_wconf 84' lang='grc' dir='ltr'><strong>αὺτοῖς</strong></span> <span class='ocrx_word' id='word_1_404' title='bbox 746 3666 808 3713; x_wconf 77' lang='lat' dir='ltr'><strong>V:</strong></span> <span class='ocrx_word' id='word_1_405' title='bbox 866 3662 917 3712; x_wconf 90' lang='grc' dir='ltr'><strong>ἐν</strong></span> <span class='ocrx_word' id='word_1_406' title='bbox 964 3660 1130 3719; x_wconf 76' lang='grc' dir='ltr'><strong>αὐτοῖς</strong></span> <span class='ocrx_word' id='word_1_407' title='bbox 1185 3662 1510 3733; x_wconf 83' lang='grc' dir='ltr'><strong>ἐνδεχόμενόν</strong></span> <span class='ocrx_word' id='word_1_408' title='bbox 1562 3664 1691 3715; x_wconf 87' lang='grc' dir='ltr'><strong>ἐστιν</strong></span> <span class='ocrx_word' id='word_1_409' title='bbox 1740 3664 1849 3715; x_wconf 70' lang='grc' dir='ltr'><strong>ε’·-ἰ</strong></span> <span class='ocrx_word' id='word_1_410' title='bbox 1903 3664 1954 3715; x_wconf 88' lang='grc' dir='ltr'><strong>ἐν</strong></span> <span class='ocrx_word' id='word_1_411' title='bbox 1999 3662 2168 3722; x_wconf 73' lang='grc' dir='ltr'><strong>αὐτοῖς</strong></span> <span class='ocrx_word' id='word_1_412' title='bbox 2216 3668 2284 3717; x_wconf 88' lang='lat' dir='ltr'><strong>B:</strong></span> <span class='ocrx_word' id='word_1_413' title='bbox 2341 3666 2392 3716; x_wconf 84' lang='grc' dir='ltr'><strong>ἐν</strong></span> <span class='ocrx_word' id='word_1_414' title='bbox 2437 3664 2604 3722; x_wconf 74' lang='grc' dir='ltr'><strong>αὐτοῖς</strong></span> <span class='ocrx_word' id='word_1_415' title='bbox 2658 3665 2788 3717; x_wconf 87' lang='grc' dir='ltr'><strong>ἐστιν</strong></span> <span class='ocrx_word' id='word_1_416' title='bbox 2833 3668 2878 3718; x_wconf 96' lang='lat' dir='ltr'>O</span> <span class='ocrx_word' id='word_1_417' title='bbox 3189 3666 3256 3718; x_wconf 80' lang='grc' dir='ltr'><strong>τὰ</strong></span> 
     </span>
     <span class='ocr_line' id='line_1_35' title="bbox 530 3748 3254 3819; baseline 0 -17"><span class='ocrx_word' id='word_1_418' title='bbox 530 3765 629 3802; x_wconf 87' lang='lat' dir='ltr'><strong>om.</strong></span> <span class='ocrx_word' id='word_1_419' title='bbox 681 3753 726 3803; x_wconf 96' lang='lat' dir='ltr'>O</span> <span class='ocrx_word' id='word_1_420' title='bbox 1012 3748 1041 3798; x_wconf 82' lang='lat'><strong>7</strong></span> <span class='ocrx_word' id='word_1_421' title='bbox 1088 3754 1193 3801; x_wconf 82' lang='grc' dir='ltr'><strong>τῶν</strong></span> <span class='ocrx_word' id='word_1_422' title='bbox 1239 3750 1594 3817; x_wconf 81' lang='grc' dir='ltr'><strong>ἀντικειμένων</strong></span> <span class='ocrx_word' id='word_1_423' title='bbox 1642 3749 1761 3801; x_wconf 82' lang='grc' dir='ltr'><strong>ὄντα</strong></span> <span class='ocrx_word' id='word_1_424' title='bbox 1806 3750 1972 3803; x_wconf 73' lang='lat' dir='ltr'>V²a¹z</span> <span class='ocrx_word' id='word_1_425' title='bbox 2027 3758 2130 3809; x_wconf 83' lang='grc' dir='ltr'><strong>τοῖς</strong></span> <span class='ocrx_word' id='word_1_426' title='bbox 2181 3752 2532 3819; x_wconf 82' lang='grc' dir='ltr'><strong>ἀντικειμένοις</strong></span> <span class='ocrx_word' id='word_1_427' title='bbox 2579 3772 2650 3804; x_wconf 90' lang='grc' dir='ltr'><strong>ων</strong></span> <span class='ocrx_word' id='word_1_428' title='bbox 2699 3753 2774 3804; x_wconf 76' lang='lat' dir='ltr'><strong>sie</strong></span> <span class='ocrx_word' id='word_1_429' title='bbox 2821 3755 2917 3803; x_wconf 86' lang='lat' dir='ltr'><strong>V¹:</strong></span> <span class='ocrx_word' id='word_1_430' title='bbox 2965 3760 3070 3810; x_wconf 88' lang='grc' dir='ltr'><strong>τοῖς</strong></span> <span class='ocrx_word' id='word_1_431' title='bbox 3117 3752 3254 3805; x_wconf 79' lang='grc' dir='ltr'><strong>ἀντι-</strong></span> 
     </span>
     <span class='ocr_line' id='line_1_36' title="bbox 531 3824 3256 3903; baseline 0.001 -15"><span class='ocrx_word' id='word_1_432' title='bbox 531 3836 775 3903; x_wconf 80' lang='grc' dir='ltr'><strong>κειμένοις</strong></span> <span class='ocrx_word' id='word_1_433' title='bbox 820 3834 895 3887; x_wconf 82' lang='grc' dir='ltr'><strong>ὧν</strong></span> <span class='ocrx_word' id='word_1_434' title='bbox 947 3836 1002 3887; x_wconf 81' lang='lat' dir='ltr'><strong>a²</strong></span> <span class='ocrx_word' id='word_1_435' title='bbox 1352 3836 1405 3888; x_wconf 83' lang='grc' dir='ltr'><strong>τέ</strong></span> <span class='ocrx_word' id='word_1_436' title='bbox 1450 3837 1580 3889; x_wconf 83' lang='grc' dir='ltr'><strong>ἐστιν</strong></span> <span class='ocrx_word' id='word_1_437' title='bbox 1626 3838 1677 3888; x_wconf 87' lang='grc' dir='ltr'><strong>ἐν</strong></span> <span class='ocrx_word' id='word_1_438' title='bbox 1728 3838 1799 3895; x_wconf 85' lang='grc' dir='ltr'><strong>οἷς</strong></span> <span class='ocrx_word' id='word_1_439' title='bbox 1847 3839 1978 3890; x_wconf 88' lang='grc' dir='ltr'><strong>ἐστιν</strong></span> <span class='ocrx_word' id='word_1_440' title='bbox 2025 3839 2212 3891; x_wconf 74' lang='lat' dir='ltr'><strong>V²a¹²:</strong></span> <span class='ocrx_word' id='word_1_441' title='bbox 2271 3842 2322 3892; x_wconf 86' lang='grc' dir='ltr'><strong>ἐν</strong></span> <span class='ocrx_word' id='word_1_442' title='bbox 2367 3824 2614 3897; x_wconf 73' lang='grc' dir='ltr'><strong>οἶςέστιν</strong></span> <span class='ocrx_word' id='word_1_443' title='bbox 2664 3841 2754 3890; x_wconf 89' lang='lat' dir='ltr'><strong>V¹:</strong></span> <span class='ocrx_word' id='word_1_444' title='bbox 2811 3840 2864 3891; x_wconf 89' lang='grc' dir='ltr'><strong>ἐν</strong></span> <span class='ocrx_word' id='word_1_445' title='bbox 2909 3840 2980 3897; x_wconf 80' lang='grc' dir='ltr'><strong>οἶς</strong></span> <span class='ocrx_word' id='word_1_446' title='bbox 3023 3841 3078 3892; x_wconf 83' lang='grc' dir='ltr'><strong>τέ</strong></span> <span class='ocrx_word' id='word_1_447' title='bbox 3127 3842 3256 3893; x_wconf 79' lang='grc' dir='ltr'><strong>ἐστιν</strong></span> 
     </span>
     <span class='ocr_line' id='line_1_37' title="bbox 528 3923 3147 3991; baseline 0.002 -16"><span class='ocrx_word' id='word_1_448' title='bbox 528 3928 667 3975; x_wconf 85' lang='lat' dir='ltr'><strong>ESK</strong></span> <span class='ocrx_word' id='word_1_449' title='bbox 976 3923 1007 3975; x_wconf 90' lang='lat'>9</span> <span class='ocrx_word' id='word_1_450' title='bbox 1056 3942 1111 3975; x_wconf 87' lang='grc' dir='ltr'><strong>τε</strong></span> <span class='ocrx_word' id='word_1_451' title='bbox 1149 3925 1236 3975; x_wconf 79' lang='grc' dir='ltr'><strong>καὶ</strong></span> <span class='ocrx_word' id='word_1_452' title='bbox 1272 3928 1317 3978; x_wconf 96' lang='lat' dir='ltr'>O</span> <span class='ocrx_word' id='word_1_453' title='bbox 1556 3926 1635 3977; x_wconf 92' lang='grc'><strong>10.</strong></span> <span class='ocrx_word' id='word_1_454' title='bbox 1680 3926 1733 3977; x_wconf 85' lang='lat' dir='ltr'><strong>ll</strong></span> <span class='ocrx_word' id='word_1_455' title='bbox 1788 3923 1956 3977; x_wconf 80' lang='grc' dir='ltr'><strong>ὅντινα</strong></span> <span class='ocrx_word' id='word_1_456' title='bbox 2002 3926 2088 3978; x_wconf 77' lang='grc' dir='ltr'><strong>οὖν</strong></span> <span class='ocrx_word' id='word_1_457' title='bbox 2126 3926 2182 3978; x_wconf 73' lang='lat'><strong>8²</strong></span> <span class='ocrx_word' id='word_1_458' title='bbox 2399 3928 2452 3979; x_wconf 90' lang='lat' dir='ltr'><strong>ll</strong></span> <span class='ocrx_word' id='word_1_459' title='bbox 2505 3926 2768 3991; x_wconf 83' lang='grc' dir='ltr'><strong>ἐναντίων]</strong></span> <span class='ocrx_word' id='word_1_460' title='bbox 2815 3946 2844 3978; x_wconf 89' lang='grc' dir='ltr'><strong>τ</strong></span> <span class='ocrx_word' id='word_1_461' title='bbox 2879 3928 2936 3978; x_wconf 87' lang='lat' dir='ltr'><strong>in</strong></span> <span class='ocrx_word' id='word_1_462' title='bbox 2982 3927 3058 3979; x_wconf 84' lang='lat' dir='ltr'>lit.</span> <span class='ocrx_word' id='word_1_463' title='bbox 3099 3932 3147 3978; x_wconf 86' lang='lat' dir='ltr'>V</span> 
     </span>
     <span class='ocr_line' id='line_1_38' title="bbox 529 4009 3259 4082; baseline 0.001 -19"><span class='ocrx_word' id='word_1_464' title='bbox 529 4012 571 4063; x_wconf 84' lang='grc' dir='ltr'><strong>εί</strong></span> <span class='ocrx_word' id='word_1_465' title='bbox 608 4010 1068 4080; x_wconf 75' lang='grc' dir='ltr'><strong>γὰρ-ἐπιδεκτικὰ</strong></span> <span class='ocrx_word' id='word_1_466' title='bbox 1104 4014 1194 4061; x_wconf 82' lang='grc' dir='ltr'><strong>τοῦ</strong></span> <span class='ocrx_word' id='word_1_467' title='bbox 1233 4009 1457 4063; x_wconf 88' lang='grc' dir='ltr'><strong>ἐναντίου</strong></span> <span class='ocrx_word' id='word_1_468' title='bbox 1483 4011 1615 4076; x_wconf 79' lang='grc'><strong>(12)]</strong></span> <span class='ocrx_word' id='word_1_469' title='bbox 1653 4012 1721 4081; x_wconf 84' lang='grc' dir='ltr'><strong>μὴ</strong></span> <span class='ocrx_word' id='word_1_470' title='bbox 1760 4017 1850 4064; x_wconf 83' lang='grc' dir='ltr'><strong>τοῦ</strong></span> <span class='ocrx_word' id='word_1_471' title='bbox 1891 4013 2114 4065; x_wconf 85' lang='grc' dir='ltr'><strong>ἐναντίου</strong></span> <span class='ocrx_word' id='word_1_472' title='bbox 2139 4014 2217 4065; x_wconf 70' lang='lat'><strong>3²:</strong></span> <span class='ocrx_word' id='word_1_473' title='bbox 2260 4019 2350 4065; x_wconf 82' lang='grc' dir='ltr'><strong>τοῦ</strong></span> <span class='ocrx_word' id='word_1_474' title='bbox 2388 4014 2614 4067; x_wconf 83' lang='grc' dir='ltr'><strong>ἐναντίου</strong></span> <span class='ocrx_word' id='word_1_475' title='bbox 2641 4017 2726 4067; x_wconf 73' lang='grc' dir='ltr'><strong>ΕΒ</strong></span> <span class='ocrx_word' id='word_1_476' title='bbox 2935 4014 2996 4065; x_wconf 83' lang='lat'><strong>14</strong></span> <span class='ocrx_word' id='word_1_477' title='bbox 3033 4014 3095 4065; x_wconf 80' lang='lat' dir='ltr'><strong>cf.</strong></span> <span class='ocrx_word' id='word_1_478' title='bbox 3125 4030 3259 4082; x_wconf 79' lang='lat' dir='ltr'><strong>quae</strong></span> 
     </span>
     <span class='ocr_line' id='line_1_39' title="bbox 530 4097 3254 4169; baseline 0.001 -20"><span class='ocrx_word' id='word_1_479' title='bbox 530 4098 794 4165; x_wconf 80' lang='lat' dir='ltr'><strong>disputavi</strong></span> <span class='ocrx_word' id='word_1_480' title='bbox 844 4097 906 4149; x_wconf 86' lang='lat' dir='ltr'><strong>de</strong></span> <span class='ocrx_word' id='word_1_481' title='bbox 957 4099 1301 4163; x_wconf 79' lang='lat' dir='ltr'>sequentibus</span> <span class='ocrx_word' id='word_1_482' title='bbox 1348 4099 1405 4149; x_wconf 87' lang='lat' dir='ltr'><strong>in</strong></span> <span class='ocrx_word' id='word_1_483' title='bbox 1454 4100 1581 4149; x_wconf 77' lang='grc' dir='ltr'><strong>Μιιε.</strong></span> <span class='ocrx_word' id='word_1_484' title='bbox 1632 4100 1793 4151; x_wconf 87' lang='lat' dir='ltr'><strong>Rhen.</strong></span> <span class='ocrx_word' id='word_1_485' title='bbox 1830 4100 2139 4164; x_wconf 80' lang='lat' dir='ltr'>XL1V,613</span> <span class='ocrx_word' id='word_1_486' title='bbox 2161 4114 2236 4167; x_wconf 88' lang='lat' dir='ltr'><strong>sq.</strong></span> <span class='ocrx_word' id='word_1_487' title='bbox 2487 4102 2558 4169; x_wconf 83' lang='grc' dir='ltr'><strong>μὴ</strong></span> <span class='ocrx_word' id='word_1_488' title='bbox 2604 4104 2662 4168; x_wconf 88' lang='grc' dir='ltr'><strong>(μ</strong></span> <span class='ocrx_word' id='word_1_489' title='bbox 2699 4102 2816 4152; x_wconf 80' lang='lat' dir='ltr'><strong>add.</strong></span> <span class='ocrx_word' id='word_1_490' title='bbox 2857 4116 2904 4151; x_wconf 85' lang='lat' dir='ltr'><strong>v.</strong></span> <span class='ocrx_word' id='word_1_491' title='bbox 2931 4117 2973 4152; x_wconf 82' lang='lat' dir='ltr'><strong>c.</strong></span> <span class='ocrx_word' id='word_1_492' title='bbox 3017 4106 3079 4165; x_wconf 92' lang='lat' dir='ltr'><strong>V,</strong></span> <span class='ocrx_word' id='word_1_493' title='bbox 3125 4116 3254 4153; x_wconf 80' lang='lat' dir='ltr'><strong>corr.</strong></span> 
     </span>
     <span class='ocr_line' id='line_1_40' title="bbox 528 4182 3254 4257; baseline 0.001 -23"><span class='ocrx_word' id='word_1_494' title='bbox 528 4202 592 4236; x_wconf 80' lang='lat' dir='ltr'><strong>ex</strong></span> <span class='ocrx_word' id='word_1_495' title='bbox 630 4184 663 4253; x_wconf 82' lang='grc' dir='ltr'>ἢ</span> <span class='ocrx_word' id='word_1_496' title='bbox 708 4188 764 4248; x_wconf 79' lang='grc' dir='ltr'><strong>Ε,</strong></span> <span class='ocrx_word' id='word_1_497' title='bbox 810 4182 841 4254; x_wconf 81' lang='grc' dir='ltr'>ἡ</span> <span class='ocrx_word' id='word_1_498' title='bbox 881 4184 967 4249; x_wconf 75' lang='grc'><strong>8)]</strong></span> <span class='ocrx_word' id='word_1_499' title='bbox 1020 4183 1063 4234; x_wconf 81' lang='grc' dir='ltr'><strong>εἰ</strong></span> <span class='ocrx_word' id='word_1_500' title='bbox 1099 4184 1191 4253; x_wconf 84' lang='grc' dir='ltr'><strong>γὰρ</strong></span> <span class='ocrx_word' id='word_1_501' title='bbox 1238 4184 1301 4233; x_wconf 82' lang='grc' dir='ltr'><strong>τὰ</strong></span> <span class='ocrx_word' id='word_1_502' title='bbox 1348 4182 1398 4243; x_wconf 77' lang='grc' dir='ltr'><strong>ἐξ</strong></span> <span class='ocrx_word' id='word_1_503' title='bbox 1444 4184 1667 4253; x_wconf 82' lang='grc' dir='ltr'><strong>ἀνάγκης</strong></span> <span class='ocrx_word' id='word_1_504' title='bbox 1716 4184 1835 4237; x_wconf 83' lang='grc' dir='ltr'><strong>ὄντα</strong></span> <span class='ocrx_word' id='word_1_505' title='bbox 1883 4186 1936 4237; x_wconf 77' lang='grc' dir='ltr'><strong>ἐν</strong></span> <span class='ocrx_word' id='word_1_506' title='bbox 1981 4204 2076 4239; x_wconf 90' lang='grc' dir='ltr'><strong>τινι</strong></span> <span class='ocrx_word' id='word_1_507' title='bbox 2123 4188 2420 4240; x_wconf 82' lang='grc' dir='ltr'><strong>ἀνεπίδεκτα</strong></span> <span class='ocrx_word' id='word_1_508' title='bbox 2469 4192 2560 4240; x_wconf 82' lang='grc' dir='ltr'><strong>τοῦ</strong></span> <span class='ocrx_word' id='word_1_509' title='bbox 2606 4187 2829 4239; x_wconf 82' lang='grc' dir='ltr'><strong>ἐναντίου</strong></span> <span class='ocrx_word' id='word_1_510' title='bbox 2877 4186 3015 4257; x_wconf 69' lang='grc' dir='ltr'><strong>αὐτῷ</strong></span> <span class='ocrx_word' id='word_1_511' title='bbox 3051 4188 3114 4239; x_wconf 77' lang='grc' dir='ltr'><strong>τὰ</strong></span> <span class='ocrx_word' id='word_1_512' title='bbox 3149 4188 3254 4238; x_wconf 85' lang='grc' dir='ltr'><strong>ἐπι-</strong></span> 
     </span>
     <span class='ocr_line' id='line_1_41' title="bbox 528 4268 3084 4344; baseline 0.002 -21"><span class='ocrx_word' id='word_1_513' title='bbox 528 4271 737 4323; x_wconf 84' lang='grc' dir='ltr'><strong>δεκτικὰ</strong></span> <span class='ocrx_word' id='word_1_514' title='bbox 774 4270 829 4322; x_wconf 75' lang='lat' dir='ltr'><strong>a²</strong></span> <span class='ocrx_word' id='word_1_515' title='bbox 1048 4270 1107 4321; x_wconf 85' lang='lat'><strong>16</strong></span> <span class='ocrx_word' id='word_1_516' title='bbox 1148 4268 1266 4337; x_wconf 77' lang='grc' dir='ltr'><strong>κᾶν]</strong></span> <span class='ocrx_word' id='word_1_517' title='bbox 1308 4270 1369 4322; x_wconf 80' lang='grc' dir='ltr'><strong>ἂν</strong></span> <span class='ocrx_word' id='word_1_518' title='bbox 1406 4272 1485 4323; x_wconf 72' lang='lat' dir='ltr'><strong>a¹²</strong></span> <span class='ocrx_word' id='word_1_519' title='bbox 1696 4271 1748 4324; x_wconf 80' lang='grc' dir='ltr'><strong>δὲ</strong></span> <span class='ocrx_word' id='word_1_520' title='bbox 1788 4290 1832 4323; x_wconf 88' lang='grc' dir='ltr'><strong>ν.</strong></span> <span class='ocrx_word' id='word_1_521' title='bbox 1862 4290 1905 4324; x_wconf 87' lang='lat' dir='ltr'><strong>c.</strong></span> <span class='ocrx_word' id='word_1_522' title='bbox 1932 4275 2054 4325; x_wconf 83' lang='lat' dir='ltr'><strong>Va¹:</strong></span> <span class='ocrx_word' id='word_1_523' title='bbox 2095 4289 2196 4326; x_wconf 89' lang='lat' dir='ltr'><strong>om.</strong></span> <span class='ocrx_word' id='word_1_524' title='bbox 2221 4276 2277 4327; x_wconf 56' lang='grc' dir='ltr'><strong>εἳ</strong></span> <span class='ocrx_word' id='word_1_525' title='bbox 2497 4274 2572 4327; x_wconf 89' lang='lat'><strong>16.</strong></span> <span class='ocrx_word' id='word_1_526' title='bbox 2621 4277 2675 4327; x_wconf 85' lang='lat'><strong>17</strong></span> <span class='ocrx_word' id='word_1_527' title='bbox 2717 4277 2998 4344; x_wconf 78' lang='grc' dir='ltr'><strong>γενομένων</strong></span> <span class='ocrx_word' id='word_1_528' title='bbox 3039 4277 3084 4327; x_wconf 91' lang='lat'>0</span> 
     </span>
     <span class='ocr_line' id='line_1_42' title="bbox 535 4356 3184 4431; baseline 0.001 -21"><span class='ocrx_word' id='word_1_529' title='bbox 535 4358 593 4410; x_wconf 79' lang='lat'><strong>17</strong></span> <span class='ocrx_word' id='word_1_530' title='bbox 633 4356 955 4411; x_wconf 78' lang='grc' dir='ltr'><strong>κεκωλῦσθαι</strong></span> <span class='ocrx_word' id='word_1_531' title='bbox 983 4357 1203 4409; x_wconf 83' lang='lat' dir='ltr'>Usener:</span> <span class='ocrx_word' id='word_1_532' title='bbox 1243 4357 1532 4411; x_wconf 85' lang='grc' dir='ltr'><strong>κεκώλυται</strong></span> <span class='ocrx_word' id='word_1_533' title='bbox 1559 4360 1679 4413; x_wconf 84' lang='lat' dir='ltr'>libri</span> <span class='ocrx_word' id='word_1_534' title='bbox 1852 4361 1914 4413; x_wconf 87' lang='lat'><strong>18</strong></span> <span class='ocrx_word' id='word_1_535' title='bbox 1953 4363 2089 4431; x_wconf 83' lang='grc' dir='ltr'><strong>φέρει</strong></span> <span class='ocrx_word' id='word_1_536' title='bbox 2114 4366 2212 4415; x_wconf 86' lang='lat' dir='ltr'><strong>HO</strong></span> <span class='ocrx_word' id='word_1_537' title='bbox 2400 4362 2458 4415; x_wconf 89' lang='grc'><strong>19</strong></span> <span class='ocrx_word' id='word_1_538' title='bbox 2497 4362 2626 4414; x_wconf 75' lang='grc' dir='ltr'><strong>αὐτὰ</strong></span> <span class='ocrx_word' id='word_1_539' title='bbox 2650 4364 2818 4414; x_wconf 79' lang='lat' dir='ltr'>V²a¹²z</span> <span class='ocrx_word' id='word_1_540' title='bbox 2857 4362 2987 4415; x_wconf 76' lang='grc' dir='ltr'><strong>αὐτὰ</strong></span> <span class='ocrx_word' id='word_1_541' title='bbox 3025 4360 3082 4413; x_wconf 81' lang='grc' dir='ltr'><strong>ἂν</strong></span> <span class='ocrx_word' id='word_1_542' title='bbox 3109 4362 3184 4413; x_wconf 84' lang='lat' dir='ltr'><strong>V¹</strong></span> 
     </span>
     <span class='ocr_line' id='line_1_43' title="bbox 530 4442 3253 4519; baseline 0.002 -24"><span class='ocrx_word' id='word_1_543' title='bbox 530 4444 597 4496; x_wconf 80' lang='lat'><strong>20</strong></span> <span class='ocrx_word' id='word_1_544' title='bbox 635 4442 859 4513; x_wconf 71' lang='grc' dir='ltr'><strong>γενέσθαι</strong></span> <span class='ocrx_word' id='word_1_545' title='bbox 895 4446 950 4496; x_wconf 80' lang='lat' dir='ltr'><strong>a¹</strong></span> <span class='ocrx_word' id='word_1_546' title='bbox 1166 4443 1224 4496; x_wconf 83' lang='lat'><strong>21</strong></span> <span class='ocrx_word' id='word_1_547' title='bbox 1270 4445 1495 4514; x_wconf 74' lang='grc' dir='ltr'><strong>γενέσθαι</strong></span> <span class='ocrx_word' id='word_1_548' title='bbox 1533 4446 1613 4497; x_wconf 80' lang='lat' dir='ltr'><strong>a¹²</strong></span> <span class='ocrx_word' id='word_1_549' title='bbox 1825 4447 2039 4516; x_wconf 73' lang='grc' dir='ltr'><strong>τούτοις]</strong></span> <span class='ocrx_word' id='word_1_550' title='bbox 2081 4450 2218 4502; x_wconf 69' lang='grc' dir='ltr'><strong>οὗτοι</strong></span> <span class='ocrx_word' id='word_1_551' title='bbox 2263 4450 2461 4503; x_wconf 77' lang='lat' dir='ltr'>Gercke</span> <span class='ocrx_word' id='word_1_552' title='bbox 2697 4450 2746 4502; x_wconf 80' lang='grc' dir='ltr'><strong>εί</strong></span> <span class='ocrx_word' id='word_1_553' title='bbox 2785 4468 2840 4519; x_wconf 84' lang='grc' dir='ltr'><strong>γε</strong></span> <span class='ocrx_word' id='word_1_554' title='bbox 2891 4448 2994 4501; x_wconf 70' lang='grc' dir='ltr'><strong>ε”τ</strong></span> <span class='ocrx_word' id='word_1_555' title='bbox 3049 4467 3154 4501; x_wconf 78' lang='grc' dir='ltr'><strong>ουει</strong></span> <span class='ocrx_word' id='word_1_556' title='bbox 3197 4467 3253 4517; x_wconf 82' lang='grc' dir='ltr'><strong>γε</strong></span> 
     </span>
     <span class='ocr_line' id='line_1_44' title="bbox 530 4546 3064 4623; baseline 0.003 -26"><span class='ocrx_word' id='word_1_557' title='bbox 530 4548 605 4599; x_wconf 86' lang='lat' dir='ltr'><strong>sic</strong></span> <span class='ocrx_word' id='word_1_558' title='bbox 646 4553 706 4597; x_wconf 88' lang='lat' dir='ltr'><strong>V:</strong></span> <span class='ocrx_word' id='word_1_559' title='bbox 762 4546 822 4599; x_wconf 79' lang='grc' dir='ltr'><strong>οὗ</strong></span> <span class='ocrx_word' id='word_1_560' title='bbox 869 4546 916 4599; x_wconf 80' lang='grc' dir='ltr'><strong>εί</strong></span> <span class='ocrx_word' id='word_1_561' title='bbox 952 4565 1005 4615; x_wconf 82' lang='grc' dir='ltr'><strong>γε</strong></span> <span class='ocrx_word' id='word_1_562' title='bbox 1042 4550 1128 4600; x_wconf 83' lang='lat' dir='ltr'><strong>Es</strong></span> <span class='ocrx_word' id='word_1_563' title='bbox 1344 4548 1410 4599; x_wconf 74' lang='lat'><strong>23</strong></span> <span class='ocrx_word' id='word_1_564' title='bbox 1468 4548 1501 4600; x_wconf 88' lang='grc' dir='ltr'>ἅ</span> <span class='ocrx_word' id='word_1_565' title='bbox 1537 4565 1634 4601; x_wconf 91' lang='lat' dir='ltr'><strong>om.</strong></span> <span class='ocrx_word' id='word_1_566' title='bbox 1674 4551 1730 4601; x_wconf 55' lang='grc' dir='ltr'><strong>εἳ</strong></span> <span class='ocrx_word' id='word_1_567' title='bbox 1945 4553 2016 4623; x_wconf 84' lang='grc' dir='ltr'><strong>μὴ</strong></span> <span class='ocrx_word' id='word_1_568' title='bbox 2056 4556 2132 4606; x_wconf 88' lang='lat' dir='ltr'><strong>sic</strong></span> <span class='ocrx_word' id='word_1_569' title='bbox 2172 4558 2235 4605; x_wconf 88' lang='lat' dir='ltr'><strong>V:</strong></span> <span class='ocrx_word' id='word_1_570' title='bbox 2273 4554 2343 4623; x_wconf 86' lang='grc' dir='ltr'><strong>μὴ</strong></span> <span class='ocrx_word' id='word_1_571' title='bbox 2382 4553 2459 4606; x_wconf 72' lang='lat' dir='ltr'><strong>a¹⁹</strong></span> <span class='ocrx_word' id='word_1_572' title='bbox 2675 4552 2739 4604; x_wconf 79' lang='lat'><strong>24</strong></span> <span class='ocrx_word' id='word_1_573' title='bbox 2777 4557 2982 4605; x_wconf 81' lang='grc' dir='ltr'><strong>τοιαῦτα</strong></span> <span class='ocrx_word' id='word_1_574' title='bbox 3021 4556 3064 4605; x_wconf 95' lang='lat' dir='ltr'>O</span> 
     </span>
    </p>

    <p class='ocr_par' dir='ltr' id='par_1_5' title="bbox 526 4656 3254 4859">
     <span class='ocr_line' id='line_1_45' title="bbox 2684 4656 2756 4693; baseline -0.014 0"><span class='ocrx_word' id='word_1_575' title='bbox 2684 4656 2756 4693; x_wconf 87' lang='grc' dir='ltr'><strong>σει</strong></span> 
     </span>
     <span class='ocr_line' id='line_1_46' title="bbox 526 4702 3254 4780; baseline 0.002 -25"><span class='ocrx_word' id='word_1_576' title='bbox 526 4702 747 4761; x_wconf 86' lang='grc' dir='ltr'><strong>παιδείας</strong></span> <span class='ocrx_word' id='word_1_577' title='bbox 784 4704 839 4755; x_wconf 67' lang='lat'><strong>2²</strong></span> <span class='ocrx_word' id='word_1_578' title='bbox 1036 4705 1101 4757; x_wconf 82' lang='lat'><strong>26</strong></span> <span class='ocrx_word' id='word_1_579' title='bbox 1142 4705 1212 4762; x_wconf 79' lang='grc' dir='ltr'><strong>ὡς</strong></span> <span class='ocrx_word' id='word_1_580' title='bbox 1250 4722 1291 4757; x_wconf 81' lang='lat' dir='ltr'><strong>s.</strong></span> <span class='ocrx_word' id='word_1_581' title='bbox 1320 4724 1365 4758; x_wconf 88' lang='grc' dir='ltr'><strong>ν.</strong></span> <span class='ocrx_word' id='word_1_582' title='bbox 1396 4711 1442 4758; x_wconf 92' lang='lat' dir='ltr'>V</span> <span class='ocrx_word' id='word_1_583' title='bbox 1620 4709 1848 4777; x_wconf 88' lang='grc' dir='ltr'><strong>γνωρίσει</strong></span> <span class='ocrx_word' id='word_1_584' title='bbox 1887 4709 2062 4761; x_wconf 76' lang='lat' dir='ltr'>V²a¹²z</span> <span class='ocrx_word' id='word_1_585' title='bbox 2101 4709 2330 4780; x_wconf 72' lang='grc' dir='ltr'><strong>γνωρίζει</strong></span> <span class='ocrx_word' id='word_1_586' title='bbox 2368 4712 2454 4761; x_wconf 83' lang='lat' dir='ltr'><strong>V&#39;:</strong></span> <span class='ocrx_word' id='word_1_587' title='bbox 2496 4710 2750 4780; x_wconf 81' lang='grc' dir='ltr'><strong>γνωρίζειν</strong></span> <span class='ocrx_word' id='word_1_588' title='bbox 2788 4714 2826 4763; x_wconf 90' lang='lat' dir='ltr'>S</span> <span class='ocrx_word' id='word_1_589' title='bbox 3003 4709 3070 4761; x_wconf 79' lang='lat'><strong>27</strong></span> <span class='ocrx_word' id='word_1_590' title='bbox 3109 4708 3254 4761; x_wconf 79' lang='grc' dir='ltr'><strong>δυνα-</strong></span> 
     </span>
     <span class='ocr_line' id='line_1_47' title="bbox 528 4791 1083 4859; baseline 0.004 -18"><span class='ocrx_word' id='word_1_591' title='bbox 528 4792 719 4859; x_wconf 79' lang='grc' dir='ltr'><strong>μένοις]</strong></span> <span class='ocrx_word' id='word_1_592' title='bbox 766 4791 791 4843; x_wconf 86' lang='grc' dir='ltr'><strong>δ</strong></span> <span class='ocrx_word' id='word_1_593' title='bbox 829 4792 887 4843; x_wconf 89' lang='lat' dir='ltr'><strong>in</strong></span> <span class='ocrx_word' id='word_1_594' title='bbox 926 4792 1003 4843; x_wconf 85' lang='lat' dir='ltr'><strong>lit.</strong></span> <span class='ocrx_word' id='word_1_595' title='bbox 1038 4797 1083 4843; x_wconf 91' lang='lat' dir='ltr'>V</span> 
     </span>
    </p>
   </div>
  </div>
 </body>
</html>
