<?xml version="1.0" encoding="UTF-8"?>
<!DOCTYPE html PUBLIC "-//W3C//DTD XHTML 1.0 Transitional//EN"
    "http://www.w3.org/TR/xhtml1/DTD/xhtml1-transitional.dtd">
<html xmlns="http://www.w3.org/1999/xhtml" xml:lang="en" lang="en">
 <head>
  <title>
</title>
<meta http-equiv="Content-Type" content="text/html;charset=utf-8" />
  <meta name='ocr-system' content='tesseract 3.04.00' />
  <meta name='ocr-capabilities' content='ocr_page ocr_carea ocr_par ocr_line ocrx_word'/>
</head>
<body>
  <div class='ocr_page' id='page_1' title='image "./supplementumari00wissgoog_0221.png"; bbox 0 0 3684 5567; ppageno 0'>
   <div class='ocr_carea' id='block_1_1' title="bbox 1282 286 3114 355">
    <p class='ocr_par' dir='ltr' id='par_1_1' title="bbox 1282 286 3114 355">
     <span class='ocr_line' id='line_1_1' title="bbox 1282 286 3114 355; baseline -0.002 -10"><span class='ocrx_word' id='word_1_1' title='bbox 1282 288 1539 345; x_wconf 82' lang='grc' dir='ltr'>ΗΘῙΚΩΝ</span> <span class='ocrx_word' id='word_1_2' title='bbox 1580 286 2107 347; x_wconf 83' lang='grc' dir='ltr'>ΠΡΟΒΛΗΜΑἹῺΝ</span> <span class='ocrx_word' id='word_1_3' title='bbox 2147 291 2195 343; x_wconf 84' lang='grc'>2.</span> <span class='ocrx_word' id='word_1_4' title='bbox 2223 290 2256 343; x_wconf 87' lang='lat'><strong>3</strong></span> <span class='ocrx_word' id='word_1_5' title='bbox 2991 288 3114 355; x_wconf 84' lang='lat'>145</span> 
     </span>
    </p>
   </div>
   <div class='ocr_carea' id='block_1_2' title="bbox 418 462 3121 3953">
    <p class='ocr_par' dir='ltr' id='par_1_2' title="bbox 514 462 3091 860">
     <span class='ocr_line' id='line_1_2' title="bbox 518 462 3005 551; baseline -0.002 -21"><span class='ocrx_word' id='word_1_6' title='bbox 518 468 743 551; x_wconf 86' lang='grc' dir='ltr'>αἱρετὸν</span> <span class='ocrx_word' id='word_1_7' title='bbox 789 468 855 530; x_wconf 89' lang='grc' dir='ltr'>τὸ</span> <span class='ocrx_word' id='word_1_8' title='bbox 899 463 1103 539; x_wconf 86' lang='grc' dir='ltr'>καλόν,</span> <span class='ocrx_word' id='word_1_9' title='bbox 1150 469 1230 535; x_wconf 82' lang='grc' dir='ltr'>ὡς</span> <span class='ocrx_word' id='word_1_10' title='bbox 1274 466 1496 549; x_wconf 82' lang='grc' dir='ltr'>ἐκείνης</span> <span class='ocrx_word' id='word_1_11' title='bbox 1542 467 1643 548; x_wconf 86' lang='grc' dir='ltr'>μὲν</span> <span class='ocrx_word' id='word_1_12' title='bbox 1690 464 1868 549; x_wconf 81' lang='grc' dir='ltr'>οὔσης</span> <span class='ocrx_word' id='word_1_13' title='bbox 1911 465 2110 534; x_wconf 79' lang='grc' dir='ltr'>τέλους</span> <span class='ocrx_word' id='word_1_14' title='bbox 2153 488 2217 527; x_wconf 88' lang='grc' dir='ltr'>τε</span> <span class='ocrx_word' id='word_1_15' title='bbox 2261 466 2357 528; x_wconf 85' lang='grc' dir='ltr'>καὶ</span> <span class='ocrx_word' id='word_1_16' title='bbox 2401 462 2474 529; x_wconf 82' lang='grc' dir='ltr'>δι’</span> <span class='ocrx_word' id='word_1_17' title='bbox 2527 465 2708 546; x_wconf 84' lang='grc' dir='ltr'>αὑτὴν</span> <span class='ocrx_word' id='word_1_18' title='bbox 2753 465 3005 546; x_wconf 79' lang='grc' dir='ltr'>αἱρετοῦ,</span> 
     </span>
     <span class='ocr_line' id='line_1_3' title="bbox 514 564 3002 653; baseline -0.002 -21"><span class='ocrx_word' id='word_1_19' title='bbox 514 572 599 638; x_wconf 83' lang='grc' dir='ltr'>ὡς</span> <span class='ocrx_word' id='word_1_20' title='bbox 649 573 949 653; x_wconf 81' lang='grc' dir='ltr'>ποιητικοῦ</span> <span class='ocrx_word' id='word_1_21' title='bbox 1006 568 1071 631; x_wconf 89' lang='grc' dir='ltr'>δὲ</span> <span class='ocrx_word' id='word_1_22' title='bbox 1122 574 1227 653; x_wconf 84' lang='grc' dir='ltr'>τῆς</span> <span class='ocrx_word' id='word_1_23' title='bbox 1279 570 1493 652; x_wconf 79' lang='grc' dir='ltr'>ἡδονῆς</span> <span class='ocrx_word' id='word_1_24' title='bbox 1549 573 1651 631; x_wconf 80' lang='grc' dir='ltr'>τοῦ</span> <span class='ocrx_word' id='word_1_25' title='bbox 1704 570 1886 632; x_wconf 80' lang='grc' dir='ltr'>καλοῦ</span> <span class='ocrx_word' id='word_1_26' title='bbox 1937 569 2002 631; x_wconf 86' lang='grc' dir='ltr'>τὸ</span> <span class='ocrx_word' id='word_1_27' title='bbox 2055 568 2278 651; x_wconf 86' lang='grc' dir='ltr'>αἱρετὸν</span> <span class='ocrx_word' id='word_1_28' title='bbox 2333 564 2596 653; x_wconf 85' lang='grc' dir='ltr'>ἔχοντος,</span> <span class='ocrx_word' id='word_1_29' title='bbox 2657 568 2874 650; x_wconf 89' lang='grc' dir='ltr'>ὁμοίως</span> <span class='ocrx_word' id='word_1_30' title='bbox 2917 570 3002 649; x_wconf 77' lang='grc' dir='ltr'>τῷ</span> 
     </span>
     <span class='ocr_line' id='line_1_4' title="bbox 514 668 3091 757; baseline -0.002 -22"><span class='ocrx_word' id='word_1_31' title='bbox 514 675 677 757; x_wconf 81' lang='grc' dir='ltr'>καλῷ</span> <span class='ocrx_word' id='word_1_32' title='bbox 724 674 790 735; x_wconf 85' lang='grc' dir='ltr'>τὸ</span> <span class='ocrx_word' id='word_1_33' title='bbox 836 672 1076 755; x_wconf 85' lang='grc' dir='ltr'>αἰσχρὸν</span> <span class='ocrx_word' id='word_1_34' title='bbox 1124 672 1348 755; x_wconf 84' lang='grc' dir='ltr'>αἱρετὸν</span> <span class='ocrx_word' id='word_1_35' title='bbox 1392 671 1681 754; x_wconf 74' lang='grc' dir='ltr'>γίνεσθαι,</span> <span class='ocrx_word' id='word_1_36' title='bbox 1734 670 1864 733; x_wconf 86' lang='grc' dir='ltr'>ἐπεὶ</span> <span class='ocrx_word' id='word_1_37' title='bbox 1907 670 2005 733; x_wconf 82' lang='grc' dir='ltr'>καὶ</span> <span class='ocrx_word' id='word_1_38' title='bbox 2050 675 2217 733; x_wconf 80' lang='grc' dir='ltr'>τοῦτο</span> <span class='ocrx_word' id='word_1_39' title='bbox 2262 672 2557 755; x_wconf 79' lang='grc' dir='ltr'>ποιητικὸν</span> <span class='ocrx_word' id='word_1_40' title='bbox 2601 672 2833 755; x_wconf 77' lang='grc' dir='ltr'>ἡδονῆς.</span> <span class='ocrx_word' id='word_1_41' title='bbox 2924 668 3091 737; x_wconf 62' lang='grc' dir='ltr'>οἷς-ευ</span> 
     </span>
     <span class='ocr_line' id='line_1_5' title="bbox 514 771 3008 860; baseline -0.001 -23"><span class='ocrx_word' id='word_1_42' title='bbox 514 773 623 860; x_wconf 82' lang='grc' dir='ltr'>γὰρ</span> <span class='ocrx_word' id='word_1_43' title='bbox 677 776 742 839; x_wconf 87' lang='grc' dir='ltr'>τὸ</span> <span class='ocrx_word' id='word_1_44' title='bbox 788 774 1012 858; x_wconf 87' lang='grc' dir='ltr'>αἱρετὸν</span> <span class='ocrx_word' id='word_1_45' title='bbox 1058 777 1139 843; x_wconf 83' lang='grc' dir='ltr'>ὡς</span> <span class='ocrx_word' id='word_1_46' title='bbox 1184 776 1529 857; x_wconf 82' lang='grc' dir='ltr'>ποιητικοῖς,</span> <span class='ocrx_word' id='word_1_47' title='bbox 1584 773 1805 842; x_wconf 76' lang='grc' dir='ltr'>τούτοις</span> <span class='ocrx_word' id='word_1_48' title='bbox 1857 774 1923 835; x_wconf 85' lang='grc' dir='ltr'>τὸ</span> <span class='ocrx_word' id='word_1_49' title='bbox 1975 771 2269 855; x_wconf 88' lang='grc' dir='ltr'>γινόμενον</span> <span class='ocrx_word' id='word_1_50' title='bbox 2325 772 2420 836; x_wconf 85' lang='grc' dir='ltr'>ὑπ’</span> <span class='ocrx_word' id='word_1_51' title='bbox 2476 772 2667 837; x_wconf 83' lang='grc' dir='ltr'>αὐτῶν</span> <span class='ocrx_word' id='word_1_52' title='bbox 2710 779 2814 856; x_wconf 76' lang='grc' dir='ltr'>τῆς</span> <span class='ocrx_word' id='word_1_53' title='bbox 2858 771 3008 855; x_wconf 85' lang='grc' dir='ltr'>αἱρέ·</span> 
     </span>
    </p>

    <p class='ocr_par' dir='ltr' id='par_1_3' title="bbox 449 874 3115 1376">
     <span class='ocr_line' id='line_1_6' title="bbox 449 874 3010 962; baseline -0.002 -21"><span class='ocrx_word' id='word_1_54' title='bbox 449 898 479 947; x_wconf 82' lang='lat'>5</span> <span class='ocrx_word' id='word_1_55' title='bbox 520 897 672 947; x_wconf 90' lang='grc' dir='ltr'>σεως</span> <span class='ocrx_word' id='word_1_56' title='bbox 718 878 941 962; x_wconf 85' lang='grc' dir='ltr'>μέτρον.</span> <span class='ocrx_word' id='word_1_57' title='bbox 1032 876 1071 959; x_wconf 84' lang='grc' dir='ltr'>ἢ</span> <span class='ocrx_word' id='word_1_58' title='bbox 1115 875 1225 961; x_wconf 83' lang='grc' dir='ltr'>γὰρ</span> <span class='ocrx_word' id='word_1_59' title='bbox 1270 876 1337 939; x_wconf 80' lang='grc' dir='ltr'>οὐ</span> <span class='ocrx_word' id='word_1_60' title='bbox 1384 877 1502 961; x_wconf 84' lang='grc' dir='ltr'>χρὴ</span> <span class='ocrx_word' id='word_1_61' title='bbox 1550 875 1732 958; x_wconf 84' lang='grc' dir='ltr'>λέγειν</span> <span class='ocrx_word' id='word_1_62' title='bbox 1776 875 2040 958; x_wconf 78' lang='grc' dir='ltr'>γίνεσθαί</span> <span class='ocrx_word' id='word_1_63' title='bbox 2077 898 2228 945; x_wconf 92' lang='grc' dir='ltr'>τινας</span> <span class='ocrx_word' id='word_1_64' title='bbox 2273 877 2367 939; x_wconf 87' lang='grc' dir='ltr'>καὶ</span> <span class='ocrx_word' id='word_1_65' title='bbox 2413 874 2502 939; x_wconf 82' lang='grc' dir='ltr'>ἐπ’</span> <span class='ocrx_word' id='word_1_66' title='bbox 2559 877 2830 961; x_wconf 79' lang='grc' dir='ltr'><strong>αἰσχραῖς</strong></span> <span class='ocrx_word' id='word_1_67' title='bbox 2871 875 3010 958; x_wconf 86' lang='grc' dir='ltr'>πρά-</span> 
     </span>
     <span class='ocr_line' id='line_1_7' title="bbox 522 977 3009 1065; baseline -0.002 -20"><span class='ocrx_word' id='word_1_68' title='bbox 522 982 668 1051; x_wconf 73' lang='grc' dir='ltr'>ξεσιν</span> <span class='ocrx_word' id='word_1_69' title='bbox 711 982 943 1065; x_wconf 88' lang='grc' dir='ltr'>ἡδονάς,</span> <span class='ocrx_word' id='word_1_70' title='bbox 990 978 1108 1043; x_wconf 85' lang='grc' dir='ltr'>ἀλλ’</span> <span class='ocrx_word' id='word_1_71' title='bbox 1150 980 1247 1042; x_wconf 85' lang='grc' dir='ltr'>ἐπὶ</span> <span class='ocrx_word' id='word_1_72' title='bbox 1292 978 1492 1061; x_wconf 87' lang='grc' dir='ltr'>μόναις</span> <span class='ocrx_word' id='word_1_73' title='bbox 1535 984 1658 1047; x_wconf 88' lang='grc' dir='ltr'>ταῖς</span> <span class='ocrx_word' id='word_1_74' title='bbox 1703 982 1926 1055; x_wconf 88' lang='grc' dir='ltr'>καλαῖς,</span> <span class='ocrx_word' id='word_1_75' title='bbox 1971 979 2009 1062; x_wconf 83' lang='grc' dir='ltr'>ἡ</span> <span class='ocrx_word' id='word_1_76' title='bbox 2055 980 2108 1041; x_wconf 90' lang='grc' dir='ltr'>εἰ</span> <span class='ocrx_word' id='word_1_77' title='bbox 2151 980 2234 1063; x_wconf 86' lang='grc' dir='ltr'>μὴ</span> <span class='ocrx_word' id='word_1_78' title='bbox 2264 983 2455 1055; x_wconf 83' lang='grc' dir='ltr'>τοῦτο,</span> <span class='ocrx_word' id='word_1_79' title='bbox 2501 980 2744 1064; x_wconf 81' lang='grc' dir='ltr'>ἀληθῶς</span> <span class='ocrx_word' id='word_1_80' title='bbox 2787 977 3009 1063; x_wconf 84' lang='grc' dir='ltr'>αἱρετὸν</span> 
     </span>
     <span class='ocr_line' id='line_1_8' title="bbox 518 1080 3094 1169; baseline -0.003 -20"><span class='ocrx_word' id='word_1_81' title='bbox 518 1084 681 1149; x_wconf 86' lang='grc' dir='ltr'>ἔσται</span> <span class='ocrx_word' id='word_1_82' title='bbox 726 1086 823 1148; x_wconf 80' lang='grc' dir='ltr'>καὶ</span> <span class='ocrx_word' id='word_1_83' title='bbox 868 1085 933 1147; x_wconf 93' lang='lat' dir='ltr'>rb</span> <span class='ocrx_word' id='word_1_84' title='bbox 979 1083 1224 1169; x_wconf 84' lang='grc' dir='ltr'>αἰσχρὸν</span> <span class='ocrx_word' id='word_1_85' title='bbox 1278 1083 1498 1165; x_wconf 89' lang='grc' dir='ltr'>ὁμοίως</span> <span class='ocrx_word' id='word_1_86' title='bbox 1540 1088 1625 1167; x_wconf 73' lang='grc' dir='ltr'>τῷ</span> <span class='ocrx_word' id='word_1_87' title='bbox 1674 1086 1868 1167; x_wconf 80' lang='grc' dir='ltr'>καλῷ,</span> <span class='ocrx_word' id='word_1_88' title='bbox 1922 1083 1976 1145; x_wconf 90' lang='grc' dir='ltr'>εἰ</span> <span class='ocrx_word' id='word_1_89' title='bbox 2027 1084 2066 1165; x_wconf 90' lang='grc' dir='ltr'>ἡ</span> <span class='ocrx_word' id='word_1_90' title='bbox 2117 1082 2386 1166; x_wconf 82' lang='grc' dir='ltr'>γινομένη</span> <span class='ocrx_word' id='word_1_91' title='bbox 2442 1082 2538 1145; x_wconf 84' lang='grc' dir='ltr'>ὑπ’</span> <span class='ocrx_word' id='word_1_92' title='bbox 2595 1083 2784 1147; x_wconf 86' lang='grc' dir='ltr'>αὐτῶν</span> <span class='ocrx_word' id='word_1_93' title='bbox 2830 1080 3012 1165; x_wconf 85' lang='grc' dir='ltr'>ἡδονὴ</span> <span class='ocrx_word' id='word_1_94' title='bbox 3039 1094 3094 1137; x_wconf 75' lang='lat'>85</span> 
     </span>
     <span class='ocr_line' id='line_1_9' title="bbox 518 1184 3115 1272; baseline -0.001 -22"><span class='ocrx_word' id='word_1_95' title='bbox 518 1193 623 1272; x_wconf 79' lang='grc' dir='ltr'>τῆς</span> <span class='ocrx_word' id='word_1_96' title='bbox 667 1187 949 1272; x_wconf 88' lang='grc' dir='ltr'>αἱρέσεως</span> <span class='ocrx_word' id='word_1_97' title='bbox 995 1187 1186 1250; x_wconf 83' lang='grc' dir='ltr'>αὐτῶν</span> <span class='ocrx_word' id='word_1_98' title='bbox 1236 1184 1243 1271; x_wconf 81' lang='grc'><strong>1</strong></span> <span class='ocrx_word' id='word_1_99' title='bbox 1293 1187 1464 1250; x_wconf 90' lang='grc' dir='ltr'>αἰτία.</span> <span class='ocrx_word' id='word_1_100' title='bbox 1539 1188 1592 1250; x_wconf 87' lang='grc' dir='ltr'>εἰ</span> <span class='ocrx_word' id='word_1_101' title='bbox 1636 1187 1700 1249; x_wconf 85' lang='grc' dir='ltr'>δὲ</span> <span class='ocrx_word' id='word_1_102' title='bbox 1744 1191 1914 1249; x_wconf 80' lang='grc' dir='ltr'>τοῦτο</span> <span class='ocrx_word' id='word_1_103' title='bbox 1962 1184 2196 1263; x_wconf 80' lang='grc' dir='ltr'>ἄτοπον,</span> <span class='ocrx_word' id='word_1_104' title='bbox 2243 1186 2548 1269; x_wconf 75' lang='grc' dir='ltr'>προξενοῢν</span> <span class='ocrx_word' id='word_1_105' title='bbox 2593 1188 2730 1270; x_wconf 86' lang='grc' dir='ltr'>ἡμῖν</span> <span class='ocrx_word' id='word_1_106' title='bbox 2776 1190 2966 1248; x_wconf 83' lang='grc' dir='ltr'>πᾶσαν</span> <span class='ocrx_word' id='word_1_107' title='bbox 3011 1192 3115 1247; x_wconf 80' lang='grc'>278</span> 
     </span>
     <span class='ocr_line' id='line_1_10' title="bbox 518 1288 3008 1376; baseline -0.001 -23"><span class='ocrx_word' id='word_1_108' title='bbox 518 1290 715 1376; x_wconf 77' lang='grc' dir='ltr'>πρᾶξιν</span> <span class='ocrx_word' id='word_1_109' title='bbox 760 1291 1010 1376; x_wconf 81' lang='grc' dir='ltr'>αἰσχρὰν</span> <span class='ocrx_word' id='word_1_110' title='bbox 1068 1295 1149 1360; x_wconf 81' lang='grc' dir='ltr'>ὡς</span> <span class='ocrx_word' id='word_1_111' title='bbox 1193 1290 1357 1355; x_wconf 81' lang='grc' dir='ltr'>οὐδὲν</span> <span class='ocrx_word' id='word_1_112' title='bbox 1404 1288 1639 1353; x_wconf 86' lang='grc' dir='ltr'>ἔλαττον</span> <span class='ocrx_word' id='word_1_113' title='bbox 1694 1294 1799 1373; x_wconf 78' lang='grc' dir='ltr'>τῆς</span> <span class='ocrx_word' id='word_1_114' title='bbox 1850 1292 2035 1372; x_wconf 73' lang='grc' dir='ltr'>καλῆς</span> <span class='ocrx_word' id='word_1_115' title='bbox 2086 1290 2319 1374; x_wconf 88' lang='grc' dir='ltr'>αἱρετὴν</span> <span class='ocrx_word' id='word_1_116' title='bbox 2371 1288 2436 1373; x_wconf 81' lang='grc' dir='ltr'>(ἢ</span> <span class='ocrx_word' id='word_1_117' title='bbox 2481 1290 2577 1352; x_wconf 83' lang='grc' dir='ltr'>καὶ</span> <span class='ocrx_word' id='word_1_118' title='bbox 2639 1288 2903 1374; x_wconf 82' lang='grc' dir='ltr'>μᾶλλον),</span> <span class='ocrx_word' id='word_1_119' title='bbox 2957 1288 3008 1351; x_wconf 86' lang='grc' dir='ltr'>εἰ</span> 
     </span>
    </p>

    <p class='ocr_par' dir='ltr' id='par_1_4' title="bbox 418 1390 3096 1891">
     <span class='ocr_line' id='line_1_11' title="bbox 418 1390 3009 1478; baseline -0.001 -22"><span class='ocrx_word' id='word_1_120' title='bbox 418 1415 483 1462; x_wconf 88' lang='lat'>10</span> <span class='ocrx_word' id='word_1_121' title='bbox 518 1394 615 1457; x_wconf 85' lang='grc' dir='ltr'>καὶ</span> <span class='ocrx_word' id='word_1_122' title='bbox 660 1397 877 1475; x_wconf 81' lang='grc' dir='ltr'>μᾶλλον</span> <span class='ocrx_word' id='word_1_123' title='bbox 923 1394 1069 1478; x_wconf 75' lang='grc' dir='ltr'>αὕτη</span> <span class='ocrx_word' id='word_1_124' title='bbox 1116 1396 1212 1458; x_wconf 85' lang='grc' dir='ltr'>καὶ</span> <span class='ocrx_word' id='word_1_125' title='bbox 1256 1394 1479 1458; x_wconf 87' lang='grc' dir='ltr'>πλείοσι</span> <span class='ocrx_word' id='word_1_126' title='bbox 1533 1395 1958 1478; x_wconf 80' lang='grc' dir='ltr'>παρασκευάζει</span> <span class='ocrx_word' id='word_1_127' title='bbox 2002 1393 2105 1462; x_wconf 84' lang='grc' dir='ltr'>τὰς</span> <span class='ocrx_word' id='word_1_128' title='bbox 2148 1394 2381 1477; x_wconf 89' lang='grc' dir='ltr'>ἡδονάς,</span> <span class='ocrx_word' id='word_1_129' title='bbox 2428 1391 2552 1456; x_wconf 86' lang='grc' dir='ltr'>οὐδ’</span> <span class='ocrx_word' id='word_1_130' title='bbox 2611 1390 2678 1455; x_wconf 79' lang='grc' dir='ltr'>ἂν</span> <span class='ocrx_word' id='word_1_131' title='bbox 2723 1393 2790 1456; x_wconf 84' lang='grc' dir='ltr'>τὸ</span> <span class='ocrx_word' id='word_1_132' title='bbox 2834 1392 3009 1455; x_wconf 83' lang='grc' dir='ltr'>καλὸν</span> 
     </span>
     <span class='ocr_line' id='line_1_12' title="bbox 516 1495 3094 1581; baseline -0.003 -21"><span class='ocrx_word' id='word_1_133' title='bbox 516 1496 608 1581; x_wconf 81' lang='grc' dir='ltr'>εἴη</span> <span class='ocrx_word' id='word_1_134' title='bbox 654 1498 748 1561; x_wconf 84' lang='grc' dir='ltr'>διὰ</span> <span class='ocrx_word' id='word_1_135' title='bbox 792 1498 895 1580; x_wconf 85' lang='grc' dir='ltr'>τὴν</span> <span class='ocrx_word' id='word_1_136' title='bbox 939 1498 1156 1581; x_wconf 84' lang='grc' dir='ltr'>ἡδονὴν</span> <span class='ocrx_word' id='word_1_137' title='bbox 1204 1500 1431 1581; x_wconf 85' lang='grc' dir='ltr'>αἱρετὸν</span> <span class='ocrx_word' id='word_1_138' title='bbox 1488 1500 1571 1567; x_wconf 84' lang='grc' dir='ltr'>ὡς</span> <span class='ocrx_word' id='word_1_139' title='bbox 1619 1497 1846 1579; x_wconf 81' lang='grc' dir='ltr'>ἐκείνης</span> <span class='ocrx_word' id='word_1_140' title='bbox 1889 1496 2204 1581; x_wconf 90' lang='grc' dir='ltr'>ποιητικόν.</span> <span class='ocrx_word' id='word_1_141' title='bbox 2293 1496 2344 1559; x_wconf 90' lang='grc' dir='ltr'>εἰ</span> <span class='ocrx_word' id='word_1_142' title='bbox 2389 1496 2454 1559; x_wconf 86' lang='grc' dir='ltr'>δὲ</span> <span class='ocrx_word' id='word_1_143' title='bbox 2501 1498 2592 1559; x_wconf 87' lang='grc' dir='ltr'>δεῖ</span> <span class='ocrx_word' id='word_1_144' title='bbox 2639 1497 2742 1579; x_wconf 86' lang='grc' dir='ltr'>μὲν</span> <span class='ocrx_word' id='word_1_145' title='bbox 2787 1495 2930 1559; x_wconf 79' lang='grc' dir='ltr'>εἶναι</span> <span class='ocrx_word' id='word_1_146' title='bbox 2973 1496 3012 1579; x_wconf 85' lang='grc' dir='ltr'><strong>ἢ</strong></span> <span class='ocrx_word' id='word_1_147' title='bbox 3065 1511 3094 1553; x_wconf 71' lang='lat'><strong>5</strong></span> 
     </span>
     <span class='ocr_line' id='line_1_13' title="bbox 519 1597 3014 1685; baseline -0 -22"><span class='ocrx_word' id='word_1_148' title='bbox 519 1600 613 1664; x_wconf 82' lang='grc' dir='ltr'>διὰ</span> <span class='ocrx_word' id='word_1_149' title='bbox 656 1602 761 1683; x_wconf 84' lang='grc' dir='ltr'>τὴν</span> <span class='ocrx_word' id='word_1_150' title='bbox 807 1602 1022 1684; x_wconf 81' lang='grc' dir='ltr'>ἡδονὴν</span> <span class='ocrx_word' id='word_1_151' title='bbox 1076 1601 1141 1663; x_wconf 93' lang='lat' dir='ltr'>rb</span> <span class='ocrx_word' id='word_1_152' title='bbox 1188 1601 1363 1663; x_wconf 89' lang='grc' dir='ltr'>καλὸν</span> <span class='ocrx_word' id='word_1_153' title='bbox 1410 1600 1665 1685; x_wconf 84' lang='grc' dir='ltr'>αἱρετόν,</span> <span class='ocrx_word' id='word_1_154' title='bbox 1721 1601 1760 1683; x_wconf 80' lang='grc' dir='ltr'><strong>ἢ</strong></span> <span class='ocrx_word' id='word_1_155' title='bbox 1807 1599 1902 1662; x_wconf 83' lang='grc' dir='ltr'>διὰ</span> <span class='ocrx_word' id='word_1_156' title='bbox 1955 1600 2021 1662; x_wconf 86' lang='lat' dir='ltr'>rb</span> <span class='ocrx_word' id='word_1_157' title='bbox 2078 1600 2254 1663; x_wconf 87' lang='grc' dir='ltr'>καλὸν</span> <span class='ocrx_word' id='word_1_158' title='bbox 2307 1600 2409 1683; x_wconf 84' lang='grc' dir='ltr'>τὴν</span> <span class='ocrx_word' id='word_1_159' title='bbox 2464 1600 2705 1682; x_wconf 83' lang='grc' dir='ltr'>ἡδονήν,</span> <span class='ocrx_word' id='word_1_160' title='bbox 2763 1600 2842 1684; x_wconf 87' lang='grc' dir='ltr'>μὴ</span> <span class='ocrx_word' id='word_1_161' title='bbox 2891 1597 3014 1663; x_wconf 85' lang='grc' dir='ltr'>ἔστι</span> 
     </span>
     <span class='ocr_line' id='line_1_14' title="bbox 521 1700 3012 1787; baseline 0 -21"><span class='ocrx_word' id='word_1_162' title='bbox 521 1704 585 1766; x_wconf 86' lang='grc' dir='ltr'>δὲ</span> <span class='ocrx_word' id='word_1_163' title='bbox 631 1704 694 1766; x_wconf 91' lang='lat' dir='ltr'>rb</span> <span class='ocrx_word' id='word_1_164' title='bbox 740 1706 916 1766; x_wconf 84' lang='grc' dir='ltr'>καλὸν</span> <span class='ocrx_word' id='word_1_165' title='bbox 962 1704 1056 1766; x_wconf 84' lang='grc' dir='ltr'>διὰ</span> <span class='ocrx_word' id='word_1_166' title='bbox 1101 1705 1205 1786; x_wconf 88' lang='grc' dir='ltr'>τὴν</span> <span class='ocrx_word' id='word_1_167' title='bbox 1250 1705 1485 1787; x_wconf 83' lang='grc' dir='ltr'>ἡδονήν,</span> <span class='ocrx_word' id='word_1_168' title='bbox 1530 1702 1622 1786; x_wconf 81' lang='grc' dir='ltr'>εἴη</span> <span class='ocrx_word' id='word_1_169' title='bbox 1672 1700 1739 1765; x_wconf 80' lang='grc' dir='ltr'>ἂν</span> <span class='ocrx_word' id='word_1_170' title='bbox 1785 1705 1822 1786; x_wconf 92' lang='grc' dir='ltr'>ἡ</span> <span class='ocrx_word' id='word_1_171' title='bbox 1871 1704 2050 1786; x_wconf 83' lang='grc' dir='ltr'>ἡδονὴ</span> <span class='ocrx_word' id='word_1_172' title='bbox 2107 1704 2171 1765; x_wconf 85' lang='grc' dir='ltr'>τὸ</span> <span class='ocrx_word' id='word_1_173' title='bbox 2219 1703 2442 1787; x_wconf 85' lang='grc' dir='ltr'>αἱρετὸν</span> <span class='ocrx_word' id='word_1_174' title='bbox 2489 1702 2646 1787; x_wconf 83' lang='grc' dir='ltr'>παρὰ</span> <span class='ocrx_word' id='word_1_175' title='bbox 2687 1707 2788 1766; x_wconf 81' lang='grc' dir='ltr'>τοῦ</span> <span class='ocrx_word' id='word_1_176' title='bbox 2833 1705 3012 1767; x_wconf 80' lang='grc' dir='ltr'>καλοῦ</span> 
     </span>
     <span class='ocr_line' id='line_1_15' title="bbox 519 1804 3096 1891; baseline -0.002 -22"><span class='ocrx_word' id='word_1_177' title='bbox 519 1807 910 1890; x_wconf 84' lang='grc' dir='ltr'>λαμβάνουσα.</span> <span class='ocrx_word' id='word_1_178' title='bbox 1002 1805 1068 1869; x_wconf 89' lang='grc' dir='ltr'>οὐ</span> <span class='ocrx_word' id='word_1_179' title='bbox 1114 1806 1221 1891; x_wconf 81' lang='grc' dir='ltr'>γὰρ</span> <span class='ocrx_word' id='word_1_180' title='bbox 1268 1807 1338 1890; x_wconf 85' lang='grc' dir='ltr'>δὴ</span> <span class='ocrx_word' id='word_1_181' title='bbox 1385 1806 1591 1870; x_wconf 85' lang='grc' dir='ltr'>ταύτὸν</span> <span class='ocrx_word' id='word_1_182' title='bbox 1637 1807 1759 1869; x_wconf 84' lang='grc' dir='ltr'>οἶόν</span> <span class='ocrx_word' id='word_1_183' title='bbox 1812 1829 1876 1868; x_wconf 87' lang='grc' dir='ltr'>τε</span> <span class='ocrx_word' id='word_1_184' title='bbox 1920 1804 2102 1887; x_wconf 87' lang='grc' dir='ltr'>λέγειν</span> <span class='ocrx_word' id='word_1_185' title='bbox 2145 1804 2290 1868; x_wconf 81' lang='grc' dir='ltr'>εἶναι</span> <span class='ocrx_word' id='word_1_186' title='bbox 2335 1807 2398 1868; x_wconf 86' lang='grc' dir='ltr'>τὸ</span> <span class='ocrx_word' id='word_1_187' title='bbox 2443 1807 2618 1869; x_wconf 87' lang='grc' dir='ltr'>καλόν</span> <span class='ocrx_word' id='word_1_188' title='bbox 2664 1829 2726 1869; x_wconf 91' lang='grc' dir='ltr'>τε</span> <span class='ocrx_word' id='word_1_189' title='bbox 2770 1806 2866 1868; x_wconf 85' lang='grc' dir='ltr'>καὶ</span> <span class='ocrx_word' id='word_1_190' title='bbox 2909 1807 3013 1889; x_wconf 83' lang='grc' dir='ltr'>τὴν</span> <span class='ocrx_word' id='word_1_191' title='bbox 3041 1822 3096 1863; x_wconf 86' lang='grc' dir='ltr'>ιο</span> 
     </span>
    </p>

    <p class='ocr_par' dir='ltr' id='par_1_5' title="bbox 421 1907 3096 2407">
     <span class='ocr_line' id='line_1_16' title="bbox 421 1907 3015 1995; baseline -0.001 -22"><span class='ocrx_word' id='word_1_192' title='bbox 421 1930 481 1979; x_wconf 85' lang='lat'>15</span> <span class='ocrx_word' id='word_1_193' title='bbox 520 1911 765 1993; x_wconf 82' lang='grc' dir='ltr'>ἡδονήν,</span> <span class='ocrx_word' id='word_1_194' title='bbox 819 1908 913 1994; x_wconf 86' lang='grc' dir='ltr'>ἐφ’</span> <span class='ocrx_word' id='word_1_195' title='bbox 970 1911 1053 1973; x_wconf 85' lang='grc' dir='ltr'>ὧν</span> <span class='ocrx_word' id='word_1_196' title='bbox 1100 1911 1453 1995; x_wconf 85' lang='grc' dir='ltr'>συνυπάρχει</span> <span class='ocrx_word' id='word_1_197' title='bbox 1506 1932 1570 1973; x_wconf 89' lang='grc' dir='ltr'>τε</span> <span class='ocrx_word' id='word_1_198' title='bbox 1614 1911 1710 1973; x_wconf 87' lang='grc' dir='ltr'>καὶ</span> <span class='ocrx_word' id='word_1_199' title='bbox 1756 1910 1880 1992; x_wconf 80' lang='grc' dir='ltr'>ἅμα</span> <span class='ocrx_word' id='word_1_200' title='bbox 1925 1908 2076 1972; x_wconf 85' lang='grc' dir='ltr'>ἐστὶν</span> <span class='ocrx_word' id='word_1_201' title='bbox 2123 1908 2413 1991; x_wconf 86' lang='grc' dir='ltr'>ἀλλήλοις.</span> <span class='ocrx_word' id='word_1_202' title='bbox 2503 1909 2554 1971; x_wconf 90' lang='grc' dir='ltr'>εἰ</span> <span class='ocrx_word' id='word_1_203' title='bbox 2597 1910 2704 1993; x_wconf 84' lang='grc' dir='ltr'>γὰρ</span> <span class='ocrx_word' id='word_1_204' title='bbox 2748 1907 2841 1993; x_wconf 83' lang='grc' dir='ltr'>εἴη</span> <span class='ocrx_word' id='word_1_205' title='bbox 2885 1908 3015 1972; x_wconf 84' lang='grc' dir='ltr'>ταύ-</span> 
     </span>
     <span class='ocr_line' id='line_1_17' title="bbox 517 2011 3013 2097; baseline 0 -21"><span class='ocrx_word' id='word_1_206' title='bbox 517 2015 616 2076; x_wconf 85' lang='grc' dir='ltr'>τὸν</span> <span class='ocrx_word' id='word_1_207' title='bbox 660 2013 855 2081; x_wconf 84' lang='grc' dir='ltr'>αὐτοῖς</span> <span class='ocrx_word' id='word_1_208' title='bbox 897 2013 963 2075; x_wconf 87' lang='lat' dir='ltr'>rb</span> <span class='ocrx_word' id='word_1_209' title='bbox 1010 2014 1185 2088; x_wconf 82' lang='grc' dir='ltr'>εἶναι,</span> <span class='ocrx_word' id='word_1_210' title='bbox 1240 2015 1336 2077; x_wconf 78' lang='grc' dir='ltr'>καὶ</span> <span class='ocrx_word' id='word_1_211' title='bbox 1391 2013 1777 2097; x_wconf 85' lang='grc' dir='ltr'>ἀντιστρέφειν</span> <span class='ocrx_word' id='word_1_212' title='bbox 1832 2011 1979 2076; x_wconf 82' lang='grc' dir='ltr'>αὐτὰ</span> <span class='ocrx_word' id='word_1_213' title='bbox 2029 2012 2303 2093; x_wconf 86' lang='grc' dir='ltr'>ἀλλήλοις</span> <span class='ocrx_word' id='word_1_214' title='bbox 2359 2012 2609 2096; x_wconf 85' lang='grc' dir='ltr'>ἀνάγκη,</span> <span class='ocrx_word' id='word_1_215' title='bbox 2665 2014 2745 2081; x_wconf 84' lang='grc' dir='ltr'>ὥς</span> <span class='ocrx_word' id='word_1_216' title='bbox 2791 2016 2902 2075; x_wconf 85' lang='grc' dir='ltr'>πᾶν</span> <span class='ocrx_word' id='word_1_217' title='bbox 2948 2013 3013 2076; x_wconf 83' lang='grc' dir='ltr'>τὸ</span> 
     </span>
     <span class='ocr_line' id='line_1_18' title="bbox 520 2113 3096 2201; baseline -0.002 -20"><span class='ocrx_word' id='word_1_218' title='bbox 520 2117 694 2181; x_wconf 86' lang='grc' dir='ltr'>καλὸν</span> <span class='ocrx_word' id='word_1_219' title='bbox 741 2116 800 2179; x_wconf 84' lang='grc' dir='ltr'>ἐν</span> <span class='ocrx_word' id='word_1_220' title='bbox 858 2121 942 2201; x_wconf 79' lang='grc' dir='ltr'>τῷ</span> <span class='ocrx_word' id='word_1_221' title='bbox 990 2118 1167 2179; x_wconf 87' lang='grc' dir='ltr'>καλὸν</span> <span class='ocrx_word' id='word_1_222' title='bbox 1214 2116 1358 2179; x_wconf 79' lang='grc' dir='ltr'>εἶναι</span> <span class='ocrx_word' id='word_1_223' title='bbox 1402 2119 1499 2181; x_wconf 89' lang='grc' dir='ltr'>καὶ</span> <span class='ocrx_word' id='word_1_224' title='bbox 1543 2117 1608 2179; x_wconf 85' lang='grc' dir='ltr'>τὸ</span> <span class='ocrx_word' id='word_1_225' title='bbox 1653 2116 1765 2199; x_wconf 78' lang='grc' dir='ltr'>ἡδὺ</span> <span class='ocrx_word' id='word_1_226' title='bbox 1810 2114 1956 2180; x_wconf 80' lang='grc' dir='ltr'>εἶναι</span> <span class='ocrx_word' id='word_1_227' title='bbox 2003 2113 2160 2200; x_wconf 86' lang='grc' dir='ltr'>ἔχειν</span> <span class='ocrx_word' id='word_1_228' title='bbox 2205 2115 2300 2178; x_wconf 85' lang='grc' dir='ltr'>καὶ</span> <span class='ocrx_word' id='word_1_229' title='bbox 2347 2119 2460 2178; x_wconf 85' lang='grc' dir='ltr'>πᾶν</span> <span class='ocrx_word' id='word_1_230' title='bbox 2505 2115 2570 2177; x_wconf 88' lang='grc' dir='ltr'>τὸ</span> <span class='ocrx_word' id='word_1_231' title='bbox 2629 2115 2739 2198; x_wconf 80' lang='grc' dir='ltr'>ἡδὺ</span> <span class='ocrx_word' id='word_1_232' title='bbox 2787 2116 2910 2197; x_wconf 81' lang='grc' dir='ltr'>ἅμα</span> <span class='ocrx_word' id='word_1_233' title='bbox 2952 2137 3016 2177; x_wconf 89' lang='grc' dir='ltr'>τε</span> <span class='ocrx_word' id='word_1_234' title='bbox 3045 2132 3096 2175; x_wconf 76' lang='lat'>15</span> 
     </span>
     <span class='ocr_line' id='line_1_19' title="bbox 521 2203 3015 2305; baseline -0.001 -22"><span class='ocrx_word' id='word_1_235' title='bbox 521 2220 632 2305; x_wconf 84' lang='grc' dir='ltr'>ἡδὺ</span> <span class='ocrx_word' id='word_1_236' title='bbox 679 2219 826 2283; x_wconf 77' lang='grc' dir='ltr'>εἶναι</span> <span class='ocrx_word' id='word_1_237' title='bbox 880 2203 977 2283; x_wconf 82' lang='grc' dir='ltr'>καὶ</span> <span class='ocrx_word' id='word_1_238' title='bbox 1022 2218 1217 2283; x_wconf 89' lang='grc' dir='ltr'>καλόν.</span> <span class='ocrx_word' id='word_1_239' title='bbox 1306 2221 1360 2283; x_wconf 88' lang='grc' dir='ltr'>εἰ</span> <span class='ocrx_word' id='word_1_240' title='bbox 1404 2221 1467 2283; x_wconf 83' lang='grc' dir='ltr'>δὲ</span> <span class='ocrx_word' id='word_1_241' title='bbox 1519 2221 1728 2304; x_wconf 82' lang='grc' dir='ltr'>ψεῦδος</span> <span class='ocrx_word' id='word_1_242' title='bbox 1780 2220 1844 2282; x_wconf 90' lang='lat' dir='ltr'>rb</span> <span class='ocrx_word' id='word_1_243' title='bbox 1899 2218 2084 2302; x_wconf 89' lang='grc' dir='ltr'>λέγειν</span> <span class='ocrx_word' id='word_1_244' title='bbox 2139 2224 2329 2283; x_wconf 83' lang='grc' dir='ltr'>πᾶσαν</span> <span class='ocrx_word' id='word_1_245' title='bbox 2383 2220 2596 2303; x_wconf 83' lang='grc' dir='ltr'>ἡδονὴν</span> <span class='ocrx_word' id='word_1_246' title='bbox 2652 2218 2796 2282; x_wconf 79' lang='grc' dir='ltr'>εἶναι</span> <span class='ocrx_word' id='word_1_247' title='bbox 2838 2220 3015 2282; x_wconf 86' lang='grc' dir='ltr'>καλὸν</span> 
     </span>
     <span class='ocr_line' id='line_1_20' title="bbox 522 2318 3003 2407; baseline -0.001 -21"><span class='ocrx_word' id='word_1_248' title='bbox 522 2326 605 2405; x_wconf 77' lang='grc' dir='ltr'>τῷ</span> <span class='ocrx_word' id='word_1_249' title='bbox 656 2324 835 2406; x_wconf 87' lang='grc' dir='ltr'>μηδὲν</span> <span class='ocrx_word' id='word_1_250' title='bbox 866 2320 1100 2385; x_wconf 89' lang='grc' dir='ltr'>ἔλαττον</span> <span class='ocrx_word' id='word_1_251' title='bbox 1147 2323 1287 2405; x_wconf 82' lang='grc' dir='ltr'>ὁρᾶν</span> <span class='ocrx_word' id='word_1_252' title='bbox 1332 2321 1433 2389; x_wconf 81' lang='grc' dir='ltr'>τὰς</span> <span class='ocrx_word' id='word_1_253' title='bbox 1461 2322 1673 2405; x_wconf 82' lang='grc' dir='ltr'>ἡδονὰς</span> <span class='ocrx_word' id='word_1_254' title='bbox 1718 2320 2017 2403; x_wconf 86' lang='grc' dir='ltr'>γινομένας</span> <span class='ocrx_word' id='word_1_255' title='bbox 2061 2318 2152 2385; x_wconf 81' lang='grc' dir='ltr'>ἐπ’</span> <span class='ocrx_word' id='word_1_256' title='bbox 2196 2322 2470 2407; x_wconf 85' lang='grc' dir='ltr'>αἰσχραῖς</span> <span class='ocrx_word' id='word_1_257' title='bbox 2512 2321 2835 2403; x_wconf 79' lang='grc' dir='ltr'>ἐνεργείαις,</span> <span class='ocrx_word' id='word_1_258' title='bbox 2881 2320 3003 2384; x_wconf 84' lang='grc' dir='ltr'>οὐδ’</span> 
     </span>
    </p>

    <p class='ocr_par' dir='ltr' id='par_1_6' title="bbox 420 2423 3099 2923">
     <span class='ocr_line' id='line_1_21' title="bbox 420 2423 3099 2509; baseline -0.001 -22"><span class='ocrx_word' id='word_1_259' title='bbox 420 2446 487 2493; x_wconf 83' lang='lat'>20</span> <span class='ocrx_word' id='word_1_260' title='bbox 522 2424 592 2487; x_wconf 81' lang='grc' dir='ltr'>ἂν</span> <span class='ocrx_word' id='word_1_261' title='bbox 636 2424 749 2509; x_wconf 90' lang='grc' dir='ltr'>&lt;αἱ&gt;</span> <span class='ocrx_word' id='word_1_262' title='bbox 793 2424 891 2487; x_wconf 81' lang='grc' dir='ltr'>ἐπὶ</span> <span class='ocrx_word' id='word_1_263' title='bbox 932 2429 1056 2494; x_wconf 91' lang='grc' dir='ltr'>ταῖς</span> <span class='ocrx_word' id='word_1_264' title='bbox 1102 2429 1303 2493; x_wconf 86' lang='grc' dir='ltr'>καλαῖς</span> <span class='ocrx_word' id='word_1_265' title='bbox 1346 2425 1656 2509; x_wconf 81' lang='grc' dir='ltr'>ἐνεργείαις</span> <span class='ocrx_word' id='word_1_266' title='bbox 1700 2424 1904 2507; x_wconf 84' lang='grc' dir='ltr'>ἡδοναὶ</span> <span class='ocrx_word' id='word_1_267' title='bbox 1948 2424 2238 2507; x_wconf 79' lang='grc' dir='ltr'>γινόμεναι</span> <span class='ocrx_word' id='word_1_268' title='bbox 2282 2426 2342 2488; x_wconf 91' lang='grc' dir='ltr'>αἱ</span> <span class='ocrx_word' id='word_1_269' title='bbox 2373 2423 2544 2488; x_wconf 84' lang='grc' dir='ltr'>αὐταὶ</span> <span class='ocrx_word' id='word_1_270' title='bbox 2587 2424 2700 2487; x_wconf 86' lang='grc' dir='ltr'>εἷεν</span> <span class='ocrx_word' id='word_1_271' title='bbox 2745 2430 2866 2495; x_wconf 89' lang='grc' dir='ltr'>ταῖς</span> <span class='ocrx_word' id='word_1_272' title='bbox 2911 2424 3006 2509; x_wconf 87' lang='grc' dir='ltr'>ἐφ’</span> <span class='ocrx_word' id='word_1_273' title='bbox 3043 2441 3099 2483; x_wconf 75' lang='lat'>2⁰</span> 
     </span>
     <span class='ocr_line' id='line_1_22' title="bbox 524 2525 3016 2612; baseline -0 -20"><span class='ocrx_word' id='word_1_274' title='bbox 524 2529 614 2598; x_wconf 84' lang='grc' dir='ltr'>αἶς</span> <span class='ocrx_word' id='word_1_275' title='bbox 656 2529 905 2611; x_wconf 88' lang='grc' dir='ltr'>γίνονται</span> <span class='ocrx_word' id='word_1_276' title='bbox 956 2526 1283 2612; x_wconf 75' lang='grc' dir='ltr'>ἐνεργείαις.</span> <span class='ocrx_word' id='word_1_277' title='bbox 1371 2527 1435 2590; x_wconf 85' lang='grc' dir='ltr'>τὸ</span> <span class='ocrx_word' id='word_1_278' title='bbox 1480 2526 1588 2610; x_wconf 85' lang='grc' dir='ltr'>γὰρ</span> <span class='ocrx_word' id='word_1_279' title='bbox 1634 2528 1783 2608; x_wconf 77' lang='grc' dir='ltr'>ὁμοῦ</span> <span class='ocrx_word' id='word_1_280' title='bbox 1830 2527 1934 2608; x_wconf 88' lang='grc' dir='ltr'>μὲν</span> <span class='ocrx_word' id='word_1_281' title='bbox 1988 2527 2173 2609; x_wconf 85' lang='grc' dir='ltr'>λέγειν</span> <span class='ocrx_word' id='word_1_282' title='bbox 2229 2528 2331 2598; x_wconf 82' lang='grc' dir='ltr'>τὰς</span> <span class='ocrx_word' id='word_1_283' title='bbox 2383 2529 2596 2611; x_wconf 83' lang='grc' dir='ltr'>ἡδονὰς</span> <span class='ocrx_word' id='word_1_284' title='bbox 2652 2525 2829 2610; x_wconf 90' lang='grc' dir='ltr'>μόνας</span> <span class='ocrx_word' id='word_1_285' title='bbox 2871 2528 3016 2591; x_wconf 86' lang='grc' dir='ltr'>εἶναι</span> 
     </span>
     <span class='ocr_line' id='line_1_23' title="bbox 525 2627 3016 2716; baseline -0.001 -21"><span class='ocrx_word' id='word_1_286' title='bbox 525 2632 595 2695; x_wconf 84' lang='grc' dir='ltr'>δι’</span> <span class='ocrx_word' id='word_1_287' title='bbox 652 2632 832 2700; x_wconf 83' lang='grc' dir='ltr'>αὑτὰς</span> <span class='ocrx_word' id='word_1_288' title='bbox 875 2631 1125 2714; x_wconf 87' lang='grc' dir='ltr'>αἱρετάς,</span> <span class='ocrx_word' id='word_1_289' title='bbox 1172 2636 1286 2693; x_wconf 85' lang='grc' dir='ltr'>τῶν</span> <span class='ocrx_word' id='word_1_290' title='bbox 1334 2627 1383 2693; x_wconf 84' lang='grc' dir='ltr'>δ’</span> <span class='ocrx_word' id='word_1_291' title='bbox 1440 2628 1632 2693; x_wconf 81' lang='grc' dir='ltr'>ἄλλων</span> <span class='ocrx_word' id='word_1_292' title='bbox 1678 2631 1920 2715; x_wconf 79' lang='grc' dir='ltr'>αἱρετῶν</span> <span class='ocrx_word' id='word_1_293' title='bbox 1966 2630 2208 2695; x_wconf 77' lang='grc' dir='ltr'>ἕκαστον</span> <span class='ocrx_word' id='word_1_294' title='bbox 2254 2629 2350 2716; x_wconf 83' lang='grc' dir='ltr'>ἐφ’</span> <span class='ocrx_word' id='word_1_295' title='bbox 2401 2630 2536 2694; x_wconf 82' lang='grc' dir='ltr'>ὅσον</span> <span class='ocrx_word' id='word_1_296' title='bbox 2581 2631 2663 2700; x_wconf 89' lang='grc' dir='ltr'>εἰς</span> <span class='ocrx_word' id='word_1_297' title='bbox 2706 2632 2919 2714; x_wconf 83' lang='grc' dir='ltr'>ἡδονήν</span> <span class='ocrx_word' id='word_1_298' title='bbox 2964 2654 3016 2693; x_wconf 88' lang='grc' dir='ltr'>τι</span> 
     </span>
     <span class='ocr_line' id='line_1_24' title="bbox 525 2730 3015 2819; baseline -0 -22"><span class='ocrx_word' id='word_1_299' title='bbox 525 2736 808 2807; x_wconf 85' lang='grc' dir='ltr'>συντελεῖ,</span> <span class='ocrx_word' id='word_1_300' title='bbox 853 2733 949 2796; x_wconf 84' lang='grc' dir='ltr'>ἐπὶ</span> <span class='ocrx_word' id='word_1_301' title='bbox 992 2738 1264 2797; x_wconf 86' lang='grc' dir='ltr'>τοσοῦτον</span> <span class='ocrx_word' id='word_1_302' title='bbox 1311 2734 1408 2797; x_wconf 86' lang='grc' dir='ltr'>καὶ</span> <span class='ocrx_word' id='word_1_303' title='bbox 1451 2736 1517 2797; x_wconf 84' lang='grc' dir='ltr'>τὸ</span> <span class='ocrx_word' id='word_1_304' title='bbox 1562 2734 1786 2817; x_wconf 87' lang='grc' dir='ltr'>αἱρετὸν</span> <span class='ocrx_word' id='word_1_305' title='bbox 1830 2730 2020 2819; x_wconf 84' lang='grc' dir='ltr'>ἔχειν,</span> <span class='ocrx_word' id='word_1_306' title='bbox 2081 2735 2228 2818; x_wconf 78' lang='grc' dir='ltr'>ὁμοῦ</span> <span class='ocrx_word' id='word_1_307' title='bbox 2277 2736 2341 2798; x_wconf 84' lang='grc' dir='ltr'>δὲ</span> <span class='ocrx_word' id='word_1_308' title='bbox 2383 2736 2449 2797; x_wconf 88' lang='lat' dir='ltr'>rb</span> <span class='ocrx_word' id='word_1_309' title='bbox 2499 2735 2600 2816; x_wconf 82' lang='grc' dir='ltr'>μὲν</span> <span class='ocrx_word' id='word_1_310' title='bbox 2647 2734 2821 2797; x_wconf 87' lang='grc' dir='ltr'>καλὸν</span> <span class='ocrx_word' id='word_1_311' title='bbox 2866 2735 3015 2818; x_wconf 89' lang='grc' dir='ltr'>αἱρε-</span> 
     </span>
     <span class='ocr_line' id='line_1_25' title="bbox 523 2835 3098 2923; baseline -0.001 -24"><span class='ocrx_word' id='word_1_312' title='bbox 523 2837 619 2899; x_wconf 83' lang='grc' dir='ltr'>τὸν</span> <span class='ocrx_word' id='word_1_313' title='bbox 666 2836 809 2899; x_wconf 82' lang='grc' dir='ltr'>εἶναι</span> <span class='ocrx_word' id='word_1_314' title='bbox 851 2835 1034 2918; x_wconf 88' lang='grc' dir='ltr'>λέγειν</span> <span class='ocrx_word' id='word_1_315' title='bbox 1091 2839 1172 2905; x_wconf 81' lang='grc' dir='ltr'>ὡς</span> <span class='ocrx_word' id='word_1_316' title='bbox 1216 2837 1510 2920; x_wconf 89' lang='grc' dir='ltr'>ποιητικὸν</span> <span class='ocrx_word' id='word_1_317' title='bbox 1556 2838 1801 2920; x_wconf 78' lang='grc' dir='ltr'>ἡδονῆς,</span> <span class='ocrx_word' id='word_1_318' title='bbox 1860 2836 2066 2921; x_wconf 80' lang='grc' dir='ltr'>μηκέτι</span> <span class='ocrx_word' id='word_1_319' title='bbox 2120 2838 2186 2900; x_wconf 85' lang='grc' dir='ltr'>δὲ</span> <span class='ocrx_word' id='word_1_320' title='bbox 2231 2838 2325 2901; x_wconf 87' lang='grc' dir='ltr'>καὶ</span> <span class='ocrx_word' id='word_1_321' title='bbox 2379 2838 2444 2900; x_wconf 88' lang='grc' dir='ltr'>τὸ</span> <span class='ocrx_word' id='word_1_322' title='bbox 2489 2837 2731 2923; x_wconf 82' lang='grc' dir='ltr'>αἰσχρὸν</span> <span class='ocrx_word' id='word_1_323' title='bbox 2776 2837 3016 2922; x_wconf 83' lang='grc' dir='ltr'>φάσκειν</span> <span class='ocrx_word' id='word_1_324' title='bbox 3043 2853 3098 2896; x_wconf 74' lang='lat'>25</span> 
     </span>
    </p>

    <p class='ocr_par' dir='ltr' id='par_1_7' title="bbox 420 2938 3121 3436">
     <span class='ocr_line' id='line_1_26' title="bbox 420 2938 3011 3027; baseline 0.001 -25"><span class='ocrx_word' id='word_1_325' title='bbox 420 2960 485 3010; x_wconf 76' lang='lat'>25</span> <span class='ocrx_word' id='word_1_326' title='bbox 524 2940 748 3025; x_wconf 85' lang='grc' dir='ltr'>αἱρετὸν</span> <span class='ocrx_word' id='word_1_327' title='bbox 794 2940 1051 3021; x_wconf 77' lang='grc' dir='ltr'>γίνεσθαι</span> <span class='ocrx_word' id='word_1_328' title='bbox 1094 2940 1189 3003; x_wconf 84' lang='grc' dir='ltr'>διὰ</span> <span class='ocrx_word' id='word_1_329' title='bbox 1230 2941 1334 3023; x_wconf 80' lang='grc' dir='ltr'>τὴν</span> <span class='ocrx_word' id='word_1_330' title='bbox 1376 2938 1677 3023; x_wconf 87' lang='grc' dir='ltr'>γινομένην</span> <span class='ocrx_word' id='word_1_331' title='bbox 1721 2941 1936 3023; x_wconf 85' lang='grc' dir='ltr'>ἡδονὴν</span> <span class='ocrx_word' id='word_1_332' title='bbox 1982 2938 2077 3002; x_wconf 86' lang='grc' dir='ltr'>ὑπ’</span> <span class='ocrx_word' id='word_1_333' title='bbox 2119 2940 2318 3017; x_wconf 83' lang='grc' dir='ltr'>αὐτοῦ,</span> <span class='ocrx_word' id='word_1_334' title='bbox 2365 2940 2476 3025; x_wconf 78' lang='grc' dir='ltr'>οὐχ</span> <span class='ocrx_word' id='word_1_335' title='bbox 2521 2940 2956 3024; x_wconf 83' lang='grc' dir='ltr'>ὁμολογούμενα</span> <span class='ocrx_word' id='word_1_336' title='bbox 3004 2938 3011 3027; x_wconf 91' lang='grc' dir='ltr'>Ι</span> 
     </span>
     <span class='ocr_line' id='line_1_27' title="bbox 524 3041 3121 3128; baseline 0 -21"><span class='ocrx_word' id='word_1_337' title='bbox 524 3042 833 3126; x_wconf 84' lang='grc' dir='ltr'>λεγόντων,</span> <span class='ocrx_word' id='word_1_338' title='bbox 887 3041 1008 3105; x_wconf 88' lang='grc' dir='ltr'>ἀλλ’</span> <span class='ocrx_word' id='word_1_339' title='bbox 1064 3043 1366 3112; x_wconf 78' lang='grc' dir='ltr'>ἀπιθάνως</span> <span class='ocrx_word' id='word_1_340' title='bbox 1416 3042 1785 3127; x_wconf 83' lang='grc' dir='ltr'>ἀρνουμένων</span> <span class='ocrx_word' id='word_1_341' title='bbox 1838 3042 1925 3112; x_wconf 85' lang='grc' dir='ltr'>οἷς</span> <span class='ocrx_word' id='word_1_342' title='bbox 1971 3047 2343 3128; x_wconf 79' lang='grc' dir='ltr'>συγχωροῦσι</span> <span class='ocrx_word' id='word_1_343' title='bbox 2397 3044 2492 3106; x_wconf 83' lang='grc' dir='ltr'>διὰ</span> <span class='ocrx_word' id='word_1_344' title='bbox 2536 3048 2652 3106; x_wconf 84' lang='grc' dir='ltr'>τῶν</span> <span class='ocrx_word' id='word_1_345' title='bbox 2696 3044 2974 3127; x_wconf 83' lang='grc' dir='ltr'>αἱρέσεων</span> <span class='ocrx_word' id='word_1_346' title='bbox 3021 3051 3121 3107; x_wconf 80' lang='grc'>279</span> 
     </span>
     <span class='ocr_line' id='line_1_28' title="bbox 524 3142 3016 3231; baseline -0 -21"><span class='ocrx_word' id='word_1_347' title='bbox 524 3148 709 3215; x_wconf 76' lang='grc' dir='ltr'>οὕτως</span> <span class='ocrx_word' id='word_1_348' title='bbox 752 3142 927 3229; x_wconf 86' lang='grc' dir='ltr'>ἔχειν.</span> <span class='ocrx_word' id='word_1_349' title='bbox 1016 3144 1207 3215; x_wconf 87' lang='grc' dir='ltr'>οὐδεὶς</span> <span class='ocrx_word' id='word_1_350' title='bbox 1256 3146 1365 3231; x_wconf 77' lang='grc' dir='ltr'>γὰρ</span> <span class='ocrx_word' id='word_1_351' title='bbox 1427 3147 1508 3229; x_wconf 86' lang='grc' dir='ltr'>μὴ</span> <span class='ocrx_word' id='word_1_352' title='bbox 1564 3150 1763 3209; x_wconf 81' lang='grc' dir='ltr'>τοῦτον</span> <span class='ocrx_word' id='word_1_353' title='bbox 1819 3147 2362 3229; x_wconf 86' lang='grc' dir='ltr'>παρεσκευασμένος</span> <span class='ocrx_word' id='word_1_354' title='bbox 2417 3147 2513 3209; x_wconf 86' lang='grc' dir='ltr'>τὸν</span> <span class='ocrx_word' id='word_1_355' title='bbox 2567 3146 2776 3231; x_wconf 87' lang='grc' dir='ltr'>τρόπον</span> <span class='ocrx_word' id='word_1_356' title='bbox 2833 3148 3016 3216; x_wconf 75' lang='grc' dir='ltr'>οὕτως</span> 
     </span>
     <span class='ocr_line' id='line_1_29' title="bbox 522 3232 3100 3336; baseline -0.002 -23"><span class='ocrx_word' id='word_1_357' title='bbox 522 3250 744 3313; x_wconf 82' lang='grc' dir='ltr'>ἀτόπου</span> <span class='ocrx_word' id='word_1_358' title='bbox 792 3232 1129 3331; x_wconf 69' lang='grc' dir='ltr'>προΐσταται</span> <span class='ocrx_word' id='word_1_359' title='bbox 1182 3249 1371 3332; x_wconf 77' lang='grc' dir='ltr'>δόξης.</span> <span class='ocrx_word' id='word_1_360' title='bbox 1460 3251 1524 3312; x_wconf 83' lang='grc' dir='ltr'>τὸ</span> <span class='ocrx_word' id='word_1_361' title='bbox 1578 3248 1683 3332; x_wconf 80' lang='grc' dir='ltr'>γὰρ</span> <span class='ocrx_word' id='word_1_362' title='bbox 1740 3248 1928 3331; x_wconf 85' lang='grc' dir='ltr'>λέγειν</span> <span class='ocrx_word' id='word_1_363' title='bbox 1983 3248 2085 3317; x_wconf 79' lang='grc' dir='ltr'>τὰς</span> <span class='ocrx_word' id='word_1_364' title='bbox 2138 3248 2240 3331; x_wconf 88' lang='grc' dir='ltr'>μὲν</span> <span class='ocrx_word' id='word_1_365' title='bbox 2295 3249 2390 3311; x_wconf 87' lang='grc' dir='ltr'>ἐπὶ</span> <span class='ocrx_word' id='word_1_366' title='bbox 2445 3254 2570 3318; x_wconf 90' lang='grc' dir='ltr'>ταῖς</span> <span class='ocrx_word' id='word_1_367' title='bbox 2613 3253 2817 3319; x_wconf 89' lang='grc' dir='ltr'>καλαῖς</span> <span class='ocrx_word' id='word_1_368' title='bbox 2870 3250 3016 3336; x_wconf 87' lang='grc' dir='ltr'>ἐνερ-</span> <span class='ocrx_word' id='word_1_369' title='bbox 3071 3266 3100 3309; x_wconf 73' lang='grc' dir='ltr'><strong>ὅ</strong></span> 
     </span>
     <span class='ocr_line' id='line_1_30' title="bbox 522 3350 3015 3436; baseline 0.001 -21"><span class='ocrx_word' id='word_1_370' title='bbox 522 3352 701 3436; x_wconf 88' lang='grc' dir='ltr'>γείαις</span> <span class='ocrx_word' id='word_1_371' title='bbox 750 3350 1047 3434; x_wconf 84' lang='grc' dir='ltr'>γινομένας</span> <span class='ocrx_word' id='word_1_372' title='bbox 1112 3352 1324 3435; x_wconf 82' lang='grc' dir='ltr'>ἡδονὰς</span> <span class='ocrx_word' id='word_1_373' title='bbox 1378 3353 1696 3436; x_wconf 84' lang='grc' dir='ltr'>εἰλικρινεῖς</span> <span class='ocrx_word' id='word_1_374' title='bbox 1747 3374 1807 3413; x_wconf 86' lang='grc' dir='ltr'>τε</span> <span class='ocrx_word' id='word_1_375' title='bbox 1861 3350 2006 3413; x_wconf 86' lang='grc' dir='ltr'>εἶναι</span> <span class='ocrx_word' id='word_1_376' title='bbox 2060 3353 2156 3414; x_wconf 87' lang='grc' dir='ltr'>καὶ</span> <span class='ocrx_word' id='word_1_377' title='bbox 2219 3352 2496 3436; x_wconf 79' lang='grc' dir='ltr'>ἀμίκτους</span> <span class='ocrx_word' id='word_1_378' title='bbox 2557 3356 2684 3423; x_wconf 90' lang='grc' dir='ltr'>ταῖς</span> <span class='ocrx_word' id='word_1_379' title='bbox 2737 3353 3015 3423; x_wconf 84' lang='grc' dir='ltr'>ἐναντίαις</span> 
     </span>
    </p>

    <p class='ocr_par' dir='ltr' id='par_1_8' title="bbox 418 3451 3100 3953">
     <span class='ocr_line' id='line_1_31' title="bbox 418 3451 3013 3542; baseline 0.002 -25"><span class='ocrx_word' id='word_1_380' title='bbox 418 3476 487 3524; x_wconf 85' lang='lat'>30</span> <span class='ocrx_word' id='word_1_381' title='bbox 525 3454 752 3531; x_wconf 84' lang='grc' dir='ltr'>λύπαις,</span> <span class='ocrx_word' id='word_1_382' title='bbox 796 3454 893 3517; x_wconf 88' lang='grc' dir='ltr'>καὶ</span> <span class='ocrx_word' id='word_1_383' title='bbox 938 3454 1033 3516; x_wconf 82' lang='grc' dir='ltr'>διὰ</span> <span class='ocrx_word' id='word_1_384' title='bbox 1061 3459 1229 3519; x_wconf 81' lang='grc' dir='ltr'>τοῦτο</span> <span class='ocrx_word' id='word_1_385' title='bbox 1262 3456 1356 3519; x_wconf 86' lang='grc' dir='ltr'>καὶ</span> <span class='ocrx_word' id='word_1_386' title='bbox 1402 3454 1503 3523; x_wconf 82' lang='grc' dir='ltr'>τὰς</span> <span class='ocrx_word' id='word_1_387' title='bbox 1540 3452 1839 3538; x_wconf 85' lang='grc' dir='ltr'>ποιητικὰς</span> <span class='ocrx_word' id='word_1_388' title='bbox 1883 3451 2076 3515; x_wconf 79' lang='grc' dir='ltr'>αὐτῶν</span> <span class='ocrx_word' id='word_1_389' title='bbox 2121 3454 2406 3538; x_wconf 85' lang='grc' dir='ltr'>ἐνεργείας</span> <span class='ocrx_word' id='word_1_390' title='bbox 2451 3453 2609 3541; x_wconf 87' lang='grc' dir='ltr'>ἔχειν</span> <span class='ocrx_word' id='word_1_391' title='bbox 2655 3457 2719 3519; x_wconf 83' lang='grc' dir='ltr'>τὸ</span> <span class='ocrx_word' id='word_1_392' title='bbox 2765 3456 3013 3542; x_wconf 88' lang='grc' dir='ltr'>αἱρετόν,</span> 
     </span>
     <span class='ocr_line' id='line_1_32' title="bbox 522 3554 3100 3645; baseline -0.001 -24"><span class='ocrx_word' id='word_1_393' title='bbox 522 3558 624 3626; x_wconf 80' lang='grc' dir='ltr'>τὰς</span> <span class='ocrx_word' id='word_1_394' title='bbox 668 3554 720 3619; x_wconf 87' lang='grc' dir='ltr'>δ’</span> <span class='ocrx_word' id='word_1_395' title='bbox 776 3556 871 3619; x_wconf 81' lang='grc' dir='ltr'>ἐπὶ</span> <span class='ocrx_word' id='word_1_396' title='bbox 915 3563 1039 3626; x_wconf 86' lang='grc' dir='ltr'>ταῖς</span> <span class='ocrx_word' id='word_1_397' title='bbox 1071 3559 1339 3642; x_wconf 84' lang='grc' dir='ltr'>αἰσχραῖς</span> <span class='ocrx_word' id='word_1_398' title='bbox 1383 3557 1573 3640; x_wconf 79' lang='grc' dir='ltr'>ὀλίγον</span> <span class='ocrx_word' id='word_1_399' title='bbox 1621 3556 1872 3641; x_wconf 82' lang='grc' dir='ltr'>ἐχούσας</span> <span class='ocrx_word' id='word_1_400' title='bbox 1915 3557 1982 3619; x_wconf 87' lang='lat' dir='ltr'>rb</span> <span class='ocrx_word' id='word_1_401' title='bbox 2024 3556 2229 3640; x_wconf 87' lang='grc' dir='ltr'>τέρπον</span> <span class='ocrx_word' id='word_1_402' title='bbox 2275 3558 2463 3621; x_wconf 82' lang='grc' dir='ltr'>πολλὰ</span> <span class='ocrx_word' id='word_1_403' title='bbox 2502 3556 2660 3645; x_wconf 87' lang='grc' dir='ltr'>ἔχειν</span> <span class='ocrx_word' id='word_1_404' title='bbox 2707 3561 2803 3622; x_wconf 84' lang='grc' dir='ltr'>καὶ</span> <span class='ocrx_word' id='word_1_405' title='bbox 2834 3562 3017 3625; x_wconf 86' lang='grc' dir='ltr'>πλείω</span> <span class='ocrx_word' id='word_1_406' title='bbox 3044 3578 3100 3620; x_wconf 86' lang='grc' dir='ltr'>ιο</span> 
     </span>
     <span class='ocr_line' id='line_1_33' title="bbox 522 3656 3016 3746; baseline 0.002 -23"><span class='ocrx_word' id='word_1_407' title='bbox 522 3662 593 3725; x_wconf 85' lang='grc' dir='ltr'>τὰ</span> <span class='ocrx_word' id='word_1_408' title='bbox 644 3663 961 3740; x_wconf 81' lang='grc' dir='ltr'>λυποῦντα,</span> <span class='ocrx_word' id='word_1_409' title='bbox 1028 3662 1115 3724; x_wconf 87' lang='grc' dir='ltr'>διὸ</span> <span class='ocrx_word' id='word_1_410' title='bbox 1172 3661 1321 3745; x_wconf 87' lang='grc' dir='ltr'>μηδὲ</span> <span class='ocrx_word' id='word_1_411' title='bbox 1376 3660 1477 3729; x_wconf 78' lang='grc' dir='ltr'>τὰς</span> <span class='ocrx_word' id='word_1_412' title='bbox 1530 3661 1818 3744; x_wconf 88' lang='grc' dir='ltr'>ἐνεργείας</span> <span class='ocrx_word' id='word_1_413' title='bbox 1871 3656 2016 3723; x_wconf 82' lang='grc' dir='ltr'>εἶναι</span> <span class='ocrx_word' id='word_1_414' title='bbox 2076 3660 2179 3729; x_wconf 86' lang='grc' dir='ltr'>τὰς</span> <span class='ocrx_word' id='word_1_415' title='bbox 2231 3660 2495 3730; x_wconf 88' lang='grc' dir='ltr'>τοιαύτας</span> <span class='ocrx_word' id='word_1_416' title='bbox 2553 3663 2784 3746; x_wconf 81' lang='grc' dir='ltr'>αἱρετὰς</span> <span class='ocrx_word' id='word_1_417' title='bbox 2838 3661 3016 3736; x_wconf 83' lang='grc' dir='ltr'>οὔσας</span> 
     </span>
     <span class='ocr_line' id='line_1_34' title="bbox 524 3762 3018 3853; baseline 0.002 -26"><span class='ocrx_word' id='word_1_418' title='bbox 524 3764 821 3848; x_wconf 82' lang='grc' dir='ltr'>ποιητικὰς</span> <span class='ocrx_word' id='word_1_419' title='bbox 866 3764 1052 3846; x_wconf 89' lang='grc' dir='ltr'>λύπης</span> <span class='ocrx_word' id='word_1_420' title='bbox 1098 3767 1316 3845; x_wconf 80' lang='grc' dir='ltr'>μᾶλλον</span> <span class='ocrx_word' id='word_1_421' title='bbox 1362 3764 1399 3846; x_wconf 84' lang='grc' dir='ltr'><strong>ἣ</strong></span> <span class='ocrx_word' id='word_1_422' title='bbox 1446 3765 1680 3848; x_wconf 77' lang='grc' dir='ltr'>ἡδονῆς,</span> <span class='ocrx_word' id='word_1_423' title='bbox 1728 3767 1856 3832; x_wconf 85' lang='grc' dir='ltr'>πῶς</span> <span class='ocrx_word' id='word_1_424' title='bbox 1900 3762 1968 3826; x_wconf 78' lang='grc' dir='ltr'>οὐ</span> <span class='ocrx_word' id='word_1_425' title='bbox 2016 3764 2490 3848; x_wconf 88' lang='grc' dir='ltr'>συνδιαιρούντων</span> <span class='ocrx_word' id='word_1_426' title='bbox 2535 3766 2657 3829; x_wconf 86' lang='grc' dir='ltr'>ἐστὶ</span> <span class='ocrx_word' id='word_1_427' title='bbox 2700 3771 2823 3836; x_wconf 90' lang='grc' dir='ltr'>ταῖς</span> <span class='ocrx_word' id='word_1_428' title='bbox 2869 3767 3018 3853; x_wconf 86' lang='grc' dir='ltr'>ἐνερ-</span> 
     </span>
     <span class='ocr_line' id='line_1_35' title="bbox 521 3864 3018 3953; baseline 0.002 -23"><span class='ocrx_word' id='word_1_429' title='bbox 521 3868 699 3951; x_wconf 89' lang='grc' dir='ltr'>γείαις</span> <span class='ocrx_word' id='word_1_430' title='bbox 751 3864 846 3950; x_wconf 84' lang='grc' dir='ltr'>ἐφ’</span> <span class='ocrx_word' id='word_1_431' title='bbox 902 3866 993 3935; x_wconf 84' lang='grc' dir='ltr'>αἷς</span> <span class='ocrx_word' id='word_1_432' title='bbox 1045 3867 1293 3949; x_wconf 85' lang='grc' dir='ltr'>γίνονται</span> <span class='ocrx_word' id='word_1_433' title='bbox 1346 3866 1448 3934; x_wconf 82' lang='grc' dir='ltr'>τὰς</span> <span class='ocrx_word' id='word_1_434' title='bbox 1502 3867 1715 3950; x_wconf 81' lang='grc' dir='ltr'>ἡδονὰς</span> <span class='ocrx_word' id='word_1_435' title='bbox 1768 3868 1866 3929; x_wconf 90' lang='grc' dir='ltr'>καὶ</span> <span class='ocrx_word' id='word_1_436' title='bbox 1919 3865 2053 3951; x_wconf 81' lang='grc' dir='ltr'>οὐχ’</span> <span class='ocrx_word' id='word_1_437' title='bbox 2121 3868 2404 3951; x_wconf 85' lang='grc' dir='ltr'>ὁμοειδεῖς</span> <span class='ocrx_word' id='word_1_438' title='bbox 2459 3869 2902 3953; x_wconf 87' lang='grc' dir='ltr'>φυλασσόντων;</span> <span class='ocrx_word' id='word_1_439' title='bbox 2966 3873 3018 3935; x_wconf 92' lang='grc' dir='ltr'>εἰ</span> 
     </span>
    </p>
   </div>
   <div class='ocr_carea' id='block_1_3' title="bbox 416 4024 792 4032">
    <p class='ocr_par' dir='ltr' id='par_1_9' title="bbox 416 4024 792 4032">
     <span class='ocr_line' id='line_1_36' title="bbox 416 4024 792 4032; baseline 0 1535"><span class='ocrx_word' id='word_1_440' title='bbox 416 4024 792 4032; x_wconf 95' lang='lat' dir='ltr'> </span> 
     </span>
    </p>
   </div>
   <div class='ocr_carea' id='block_1_4' title="bbox 415 4111 3129 4977">
    <p class='ocr_par' dir='ltr' id='par_1_10' title="bbox 415 4111 3129 4977">
     <span class='ocr_line' id='line_1_37' title="bbox 423 4111 3124 4194; baseline 0.001 -25"><span class='ocrx_word' id='word_1_441' title='bbox 423 4118 445 4169; x_wconf 93' lang='lat'>1</span> <span class='ocrx_word' id='word_1_442' title='bbox 487 4135 545 4169; x_wconf 91' lang='grc' dir='ltr'>το</span> <span class='ocrx_word' id='word_1_443' title='bbox 582 4114 740 4169; x_wconf 80' lang='grc' dir='ltr'>καλον</span> <span class='ocrx_word' id='word_1_444' title='bbox 766 4118 813 4166; x_wconf 89' lang='lat' dir='ltr'>V</span> <span class='ocrx_word' id='word_1_445' title='bbox 990 4113 1231 4185; x_wconf 81' lang='grc' dir='ltr'>μενούσης</span> <span class='ocrx_word' id='word_1_446' title='bbox 1268 4134 1301 4167; x_wconf 79' lang='lat' dir='ltr'><strong>a</strong></span> <span class='ocrx_word' id='word_1_447' title='bbox 1468 4111 1527 4167; x_wconf 74' lang='grc' dir='ltr'>δι’</span> <span class='ocrx_word' id='word_1_448' title='bbox 1555 4114 1711 4186; x_wconf 76' lang='grc' dir='ltr'>αὑτὴν</span> <span class='ocrx_word' id='word_1_449' title='bbox 1749 4135 1779 4167; x_wconf 75' lang='lat' dir='ltr'><strong>a</strong></span> <span class='ocrx_word' id='word_1_450' title='bbox 1806 4119 1919 4182; x_wconf 88' lang='lat' dir='ltr'>Sp.:</span> <span class='ocrx_word' id='word_1_451' title='bbox 1958 4112 2016 4168; x_wconf 70' lang='grc' dir='ltr'>δι’</span> <span class='ocrx_word' id='word_1_452' title='bbox 2045 4116 2202 4187; x_wconf 68' lang='grc' dir='ltr'>αὐτῆς</span> <span class='ocrx_word' id='word_1_453' title='bbox 2225 4119 2354 4171; x_wconf 75' lang='lat' dir='ltr'>S¹F2</span> <span class='ocrx_word' id='word_1_454' title='bbox 2392 4117 2471 4172; x_wconf 82' lang='grc' dir='ltr'>διὰ</span> <span class='ocrx_word' id='word_1_455' title='bbox 2507 4118 2664 4190; x_wconf 74' lang='grc' dir='ltr'>αὐτὴν</span> <span class='ocrx_word' id='word_1_456' title='bbox 2688 4124 2736 4171; x_wconf 97' lang='lat' dir='ltr'>V</span> <span class='ocrx_word' id='word_1_457' title='bbox 2914 4119 2945 4172; x_wconf 83' lang='lat'>2</span> <span class='ocrx_word' id='word_1_458' title='bbox 2986 4120 3124 4194; x_wconf 78' lang='grc' dir='ltr'>ἔχον·</span> 
     </span>
     <span class='ocr_line' id='line_1_38' title="bbox 415 4200 3056 4278; baseline 0.002 -22"><span class='ocrx_word' id='word_1_459' title='bbox 415 4222 496 4262; x_wconf 83' lang='grc' dir='ltr'>τες</span> <span class='ocrx_word' id='word_1_460' title='bbox 523 4223 556 4257; x_wconf 74' lang='lat' dir='ltr'><strong>a</strong></span> <span class='ocrx_word' id='word_1_461' title='bbox 716 4203 748 4257; x_wconf 83' lang='lat'><strong>3</strong></span> <span class='ocrx_word' id='word_1_462' title='bbox 786 4203 981 4273; x_wconf 82' lang='grc' dir='ltr'>αἱρετὸν</span> <span class='ocrx_word' id='word_1_463' title='bbox 1008 4219 1107 4256; x_wconf 87' lang='lat' dir='ltr'>om.</span> <span class='ocrx_word' id='word_1_464' title='bbox 1134 4223 1165 4256; x_wconf 77' lang='lat' dir='ltr'><strong>a</strong></span> <span class='ocrx_word' id='word_1_465' title='bbox 1191 4208 1280 4271; x_wconf 99' lang='lat' dir='ltr'>Sp.</span> <span class='ocrx_word' id='word_1_466' title='bbox 1448 4204 1481 4255; x_wconf 91' lang='lat'>4</span> <span class='ocrx_word' id='word_1_467' title='bbox 1518 4200 1597 4256; x_wconf 71' lang='grc' dir='ltr'>ὕπ’</span> <span class='ocrx_word' id='word_1_468' title='bbox 1627 4206 1684 4256; x_wconf 91' lang='lat' dir='ltr'>in</span> <span class='ocrx_word' id='word_1_469' title='bbox 1721 4204 1799 4255; x_wconf 86' lang='lat' dir='ltr'>lit.</span> <span class='ocrx_word' id='word_1_470' title='bbox 1828 4208 1878 4255; x_wconf 89' lang='lat' dir='ltr'>V</span> <span class='ocrx_word' id='word_1_471' title='bbox 2044 4204 2075 4256; x_wconf 87' lang='lat'><strong>6</strong></span> <span class='ocrx_word' id='word_1_472' title='bbox 2113 4204 2145 4273; x_wconf 82' lang='grc' dir='ltr'>ἡ</span> <span class='ocrx_word' id='word_1_473' title='bbox 2185 4206 2228 4258; x_wconf 82' lang='grc' dir='ltr'>εἰ</span> <span class='ocrx_word' id='word_1_474' title='bbox 2266 4206 2337 4275; x_wconf 87' lang='grc' dir='ltr'>μὴ</span> <span class='ocrx_word' id='word_1_475' title='bbox 2368 4205 2599 4260; x_wconf 78' lang='lat' dir='ltr'>v²SBFa</span> <span class='ocrx_word' id='word_1_476' title='bbox 2623 4210 2736 4276; x_wconf 87' lang='lat' dir='ltr'>Sp.:</span> <span class='ocrx_word' id='word_1_477' title='bbox 2775 4208 2852 4278; x_wconf 77' lang='grc' dir='ltr'>εἴη</span> <span class='ocrx_word' id='word_1_478' title='bbox 2888 4207 2960 4277; x_wconf 82' lang='grc' dir='ltr'>μὴ</span> <span class='ocrx_word' id='word_1_479' title='bbox 2983 4210 3056 4261; x_wconf 86' lang='lat' dir='ltr'>V¹</span> 
     </span>
     <span class='ocr_line' id='line_1_39' title="bbox 417 4289 3057 4366; baseline 0.002 -23"><span class='ocrx_word' id='word_1_480' title='bbox 417 4289 601 4362; x_wconf 74' lang='grc' dir='ltr'>ἀληθὲς</span> <span class='ocrx_word' id='word_1_481' title='bbox 625 4310 657 4343; x_wconf 74' lang='lat' dir='ltr'><strong>a</strong></span> <span class='ocrx_word' id='word_1_482' title='bbox 680 4294 768 4359; x_wconf 90' lang='lat' dir='ltr'>Sp.</span> <span class='ocrx_word' id='word_1_483' title='bbox 912 4293 943 4345; x_wconf 91' lang='grc'>9</span> <span class='ocrx_word' id='word_1_484' title='bbox 981 4290 1012 4360; x_wconf 87' lang='grc' dir='ltr'>ἢ</span> <span class='ocrx_word' id='word_1_485' title='bbox 1042 4293 1128 4345; x_wconf 80' lang='grc' dir='ltr'>καὶ</span> <span class='ocrx_word' id='word_1_486' title='bbox 1154 4291 1342 4361; x_wconf 78' lang='grc' dir='ltr'>μᾶλλον</span> <span class='ocrx_word' id='word_1_487' title='bbox 1369 4292 1486 4345; x_wconf 81' lang='lat' dir='ltr'>add.</span> <span class='ocrx_word' id='word_1_488' title='bbox 1514 4292 1598 4355; x_wconf 76' lang='lat'>132,</span> <span class='ocrx_word' id='word_1_489' title='bbox 1624 4297 1761 4345; x_wconf 81' lang='lat' dir='ltr'>recte</span> <span class='ocrx_word' id='word_1_490' title='bbox 1788 4292 1852 4344; x_wconf 79' lang='lat' dir='ltr'>cf.</span> <span class='ocrx_word' id='word_1_491' title='bbox 1886 4290 2071 4356; x_wconf 84' lang='lat'>151,29</span> <span class='ocrx_word' id='word_1_492' title='bbox 2224 4294 2271 4346; x_wconf 91' lang='grc'>9.</span> <span class='ocrx_word' id='word_1_493' title='bbox 2297 4294 2362 4347; x_wconf 89' lang='grc'>10</span> <span class='ocrx_word' id='word_1_494' title='bbox 2385 4294 2427 4347; x_wconf 78' lang='grc' dir='ltr'>εἰ</span> <span class='ocrx_word' id='word_1_495' title='bbox 2452 4295 2561 4366; x_wconf 81' lang='grc' dir='ltr'>καὶ]</span> <span class='ocrx_word' id='word_1_496' title='bbox 2589 4297 2622 4366; x_wconf 80' lang='grc' dir='ltr'>ἢ</span> <span class='ocrx_word' id='word_1_497' title='bbox 2649 4298 2734 4349; x_wconf 84' lang='grc' dir='ltr'>καὶ</span> <span class='ocrx_word' id='word_1_498' title='bbox 2760 4314 2814 4349; x_wconf 79' lang='lat' dir='ltr'>a:</span> <span class='ocrx_word' id='word_1_499' title='bbox 2855 4296 2896 4348; x_wconf 80' lang='grc' dir='ltr'>εἰ</span> <span class='ocrx_word' id='word_1_500' title='bbox 2921 4296 3057 4349; x_wconf 78' lang='lat' dir='ltr'>infra</span> 
     </span>
     <span class='ocr_line' id='line_1_40' title="bbox 422 4377 3124 4452; baseline 0.001 -21"><span class='ocrx_word' id='word_1_501' title='bbox 422 4380 486 4432; x_wconf 92' lang='lat'>10</span> <span class='ocrx_word' id='word_1_502' title='bbox 520 4377 648 4451; x_wconf 78' lang='grc' dir='ltr'>αὕτη</span> <span class='ocrx_word' id='word_1_503' title='bbox 672 4380 817 4432; x_wconf 79' lang='lat' dir='ltr'>V²B:</span> <span class='ocrx_word' id='word_1_504' title='bbox 857 4398 983 4451; x_wconf 86' lang='grc' dir='ltr'>αυτη</span> <span class='ocrx_word' id='word_1_505' title='bbox 1015 4382 1111 4433; x_wconf 84' lang='lat' dir='ltr'>V&#39;:</span> <span class='ocrx_word' id='word_1_506' title='bbox 1150 4380 1278 4451; x_wconf 80' lang='grc' dir='ltr'>αὐτὴ</span> <span class='ocrx_word' id='word_1_507' title='bbox 1316 4383 1387 4433; x_wconf 81' lang='lat' dir='ltr'>Sa</span> <span class='ocrx_word' id='word_1_508' title='bbox 1423 4383 1537 4447; x_wconf 85' lang='lat' dir='ltr'>Sp.:</span> <span class='ocrx_word' id='word_1_509' title='bbox 1576 4380 1704 4451; x_wconf 75' lang='grc' dir='ltr'>αὐτῆ</span> <span class='ocrx_word' id='word_1_510' title='bbox 1730 4384 1773 4433; x_wconf 85' lang='lat' dir='ltr'><strong>F</strong></span> <span class='ocrx_word' id='word_1_511' title='bbox 1973 4383 2338 4452; x_wconf 75' lang='grc' dir='ltr'>παρασκευάζει</span> <span class='ocrx_word' id='word_1_512' title='bbox 2376 4383 2763 4452; x_wconf 74' lang='grc' dir='ltr'>(παρασκευάζοι</span> <span class='ocrx_word' id='word_1_513' title='bbox 2787 4382 2933 4436; x_wconf 82' lang='lat' dir='ltr'>v²13²</span> <span class='ocrx_word' id='word_1_514' title='bbox 2967 4384 3124 4451; x_wconf 78' lang='lat' dir='ltr'>infra)</span> 
     </span>
     <span class='ocr_line' id='line_1_41' title="bbox 417 4466 3125 4542; baseline 0.002 -24"><span class='ocrx_word' id='word_1_515' title='bbox 417 4468 505 4526; x_wconf 82' lang='grc' dir='ltr'>τὰς</span> <span class='ocrx_word' id='word_1_516' title='bbox 528 4466 769 4521; x_wconf 73' lang='lat' dir='ltr'>S²v²B⁹a</span> <span class='ocrx_word' id='word_1_517' title='bbox 792 4468 953 4521; x_wconf 72' lang='lat' dir='ltr'>infra:</span> <span class='ocrx_word' id='word_1_518' title='bbox 993 4469 1459 4542; x_wconf 77' lang='grc' dir='ltr'>παρασκευάζοντας</span> <span class='ocrx_word' id='word_1_519' title='bbox 1488 4469 1663 4522; x_wconf 85' lang='lat' dir='ltr'>V¹S¹F</span> <span class='ocrx_word' id='word_1_520' title='bbox 1848 4469 1905 4521; x_wconf 90' lang='lat' dir='ltr'>ll</span> <span class='ocrx_word' id='word_1_521' title='bbox 1946 4470 2033 4521; x_wconf 76' lang='grc' dir='ltr'>καὶ</span> <span class='ocrx_word' id='word_1_522' title='bbox 2068 4470 2100 4537; x_wconf 81' lang='grc' dir='ltr'>ἢ</span> <span class='ocrx_word' id='word_1_523' title='bbox 2129 4488 2160 4522; x_wconf 80' lang='lat' dir='ltr'><strong>a</strong></span> <span class='ocrx_word' id='word_1_524' title='bbox 2194 4474 2282 4538; x_wconf 90' lang='lat' dir='ltr'>Sp.</span> <span class='ocrx_word' id='word_1_525' title='bbox 2465 4471 2526 4523; x_wconf 80' lang='lat'>12</span> <span class='ocrx_word' id='word_1_526' title='bbox 2565 4471 2598 4539; x_wconf 82' lang='grc' dir='ltr'>η</span> <span class='ocrx_word' id='word_1_527' title='bbox 2625 4476 2672 4521; x_wconf 89' lang='lat' dir='ltr'>V</span> <span class='ocrx_word' id='word_1_528' title='bbox 2856 4470 2918 4523; x_wconf 84' lang='lat'>13</span> <span class='ocrx_word' id='word_1_529' title='bbox 2955 4471 2987 4541; x_wconf 82' lang='grc' dir='ltr'>ἡ</span> <span class='ocrx_word' id='word_1_530' title='bbox 3025 4486 3125 4523; x_wconf 87' lang='lat' dir='ltr'>om.</span> 
     </span>
     <span class='ocr_line' id='line_1_42' title="bbox 418 4555 3124 4625; baseline 0.001 -19"><span class='ocrx_word' id='word_1_531' title='bbox 418 4572 449 4606; x_wconf 83' lang='lat' dir='ltr'><strong>a</strong></span> <span class='ocrx_word' id='word_1_532' title='bbox 486 4558 571 4623; x_wconf 88' lang='lat' dir='ltr'>Sp.</span> <span class='ocrx_word' id='word_1_533' title='bbox 755 4555 935 4625; x_wconf 79' lang='grc' dir='ltr'>ἡδονὴ]</span> <span class='ocrx_word' id='word_1_534' title='bbox 973 4555 1006 4625; x_wconf 88' lang='grc' dir='ltr'><strong>ὴ</strong></span> <span class='ocrx_word' id='word_1_535' title='bbox 1046 4572 1085 4609; x_wconf 88' lang='lat' dir='ltr'>s.</span> <span class='ocrx_word' id='word_1_536' title='bbox 1116 4576 1165 4607; x_wconf 82' lang='lat' dir='ltr'>v.</span> <span class='ocrx_word' id='word_1_537' title='bbox 1191 4560 1240 4607; x_wconf 90' lang='lat' dir='ltr'>V</span> <span class='ocrx_word' id='word_1_538' title='bbox 1440 4556 1501 4609; x_wconf 89' lang='lat'>16</span> <span class='ocrx_word' id='word_1_539' title='bbox 1538 4556 1625 4610; x_wconf 81' lang='lat' dir='ltr'>alt.</span> <span class='ocrx_word' id='word_1_540' title='bbox 1664 4555 1723 4608; x_wconf 85' lang='grc' dir='ltr'>τὸ</span> <span class='ocrx_word' id='word_1_541' title='bbox 1749 4560 1825 4609; x_wconf 81' lang='lat' dir='ltr'>Fa</span> <span class='ocrx_word' id='word_1_542' title='bbox 1851 4558 1964 4625; x_wconf 84' lang='lat' dir='ltr'>Sp.:</span> <span class='ocrx_word' id='word_1_543' title='bbox 2011 4576 2065 4611; x_wconf 82' lang='grc' dir='ltr'>τε</span> <span class='ocrx_word' id='word_1_544' title='bbox 2093 4562 2186 4611; x_wconf 89' lang='lat' dir='ltr'>VB</span> <span class='ocrx_word' id='word_1_545' title='bbox 2227 4558 2362 4611; x_wconf 80' lang='lat' dir='ltr'>infra</span> <span class='ocrx_word' id='word_1_546' title='bbox 2541 4560 2611 4611; x_wconf 81' lang='lat'>20</span> <span class='ocrx_word' id='word_1_547' title='bbox 2647 4559 2697 4610; x_wconf 83' lang='grc' dir='ltr'>αἱ</span> <span class='ocrx_word' id='word_1_548' title='bbox 2735 4563 2856 4612; x_wconf 81' lang='lat' dir='ltr'><strong>ante</strong></span> <span class='ocrx_word' id='word_1_549' title='bbox 2893 4560 2972 4611; x_wconf 83' lang='grc' dir='ltr'>ἐπὶ</span> <span class='ocrx_word' id='word_1_550' title='bbox 3009 4559 3124 4611; x_wconf 77' lang='lat' dir='ltr'>add.</span> 
     </span>
     <span class='ocr_line' id='line_1_43' title="bbox 419 4640 3126 4715; baseline 0.002 -22"><span class='ocrx_word' id='word_1_551' title='bbox 419 4640 533 4694; x_wconf 77' lang='lat' dir='ltr'>v²13</span> <span class='ocrx_word' id='word_1_552' title='bbox 572 4642 711 4695; x_wconf 80' lang='lat' dir='ltr'>infra</span> <span class='ocrx_word' id='word_1_553' title='bbox 887 4642 1084 4713; x_wconf 82' lang='grc' dir='ltr'>ἡδοναὶ]</span> <span class='ocrx_word' id='word_1_554' title='bbox 1137 4662 1188 4696; x_wconf 88' lang='grc' dir='ltr'>αι</span> <span class='ocrx_word' id='word_1_555' title='bbox 1230 4645 1289 4696; x_wconf 91' lang='lat' dir='ltr'>in</span> <span class='ocrx_word' id='word_1_556' title='bbox 1326 4644 1403 4696; x_wconf 88' lang='lat' dir='ltr'>lit.</span> <span class='ocrx_word' id='word_1_557' title='bbox 1441 4647 1490 4694; x_wconf 93' lang='lat' dir='ltr'>V</span> <span class='ocrx_word' id='word_1_558' title='bbox 1669 4644 1720 4696; x_wconf 86' lang='grc' dir='ltr'>αἱ</span> <span class='ocrx_word' id='word_1_559' title='bbox 1756 4642 1902 4696; x_wconf 71' lang='grc' dir='ltr'>αὐταὶ</span> <span class='ocrx_word' id='word_1_560' title='bbox 1925 4644 2164 4698; x_wconf 80' lang='lat' dir='ltr'>V²SFBa</span> <span class='ocrx_word' id='word_1_561' title='bbox 2199 4649 2286 4713; x_wconf 89' lang='lat' dir='ltr'>Sp.</span> <span class='ocrx_word' id='word_1_562' title='bbox 2326 4646 2485 4699; x_wconf 77' lang='lat' dir='ltr'>infra:</span> <span class='ocrx_word' id='word_1_563' title='bbox 2531 4645 2678 4699; x_wconf 81' lang='grc' dir='ltr'>αὗται</span> <span class='ocrx_word' id='word_1_564' title='bbox 2704 4650 2751 4697; x_wconf 92' lang='lat' dir='ltr'>V</span> <span class='ocrx_word' id='word_1_565' title='bbox 2927 4644 3046 4715; x_wconf 78' lang='grc' dir='ltr'>εἶεν]</span> <span class='ocrx_word' id='word_1_566' title='bbox 3079 4646 3126 4698; x_wconf 75' lang='lat' dir='ltr'>Ie</span> 
     </span>
     <span class='ocr_line' id='line_1_44' title="bbox 418 4727 3129 4801; baseline 0.003 -21"><span class='ocrx_word' id='word_1_567' title='bbox 418 4729 473 4780; x_wconf 90' lang='lat' dir='ltr'>in</span> <span class='ocrx_word' id='word_1_568' title='bbox 508 4730 584 4781; x_wconf 82' lang='lat' dir='ltr'>lit.</span> <span class='ocrx_word' id='word_1_569' title='bbox 624 4734 673 4781; x_wconf 93' lang='lat' dir='ltr'>V</span> <span class='ocrx_word' id='word_1_570' title='bbox 851 4730 917 4782; x_wconf 84' lang='lat'>22</span> <span class='ocrx_word' id='word_1_571' title='bbox 956 4730 1115 4784; x_wconf 75' lang='grc' dir='ltr'>αὒτὰσ</span> <span class='ocrx_word' id='word_1_572' title='bbox 1149 4736 1201 4783; x_wconf 89' lang='lat' dir='ltr'>V</span> <span class='ocrx_word' id='word_1_573' title='bbox 1379 4730 1444 4783; x_wconf 72' lang='lat'>*26</span> <span class='ocrx_word' id='word_1_574' title='bbox 1490 4732 1637 4795; x_wconf 71' lang='grc' dir='ltr'>ἐστινς</span> <span class='ocrx_word' id='word_1_575' title='bbox 1676 4727 1785 4784; x_wconf 73' lang='grc' dir='ltr'>ἀλλ’</span> <span class='ocrx_word' id='word_1_576' title='bbox 1828 4732 1959 4784; x_wconf 85' lang='lat' dir='ltr'>vict.</span> <span class='ocrx_word' id='word_1_577' title='bbox 2137 4730 2246 4786; x_wconf 74' lang='grc' dir='ltr'>ἀλλ’</span> <span class='ocrx_word' id='word_1_578' title='bbox 2285 4732 2543 4791; x_wconf 75' lang='grc' dir='ltr'>ἀπιθάνως</span> <span class='ocrx_word' id='word_1_579' title='bbox 2580 4736 2696 4801; x_wconf 90' lang='lat' dir='ltr'>Sp.:</span> <span class='ocrx_word' id='word_1_580' title='bbox 2740 4732 2867 4787; x_wconf 79' lang='grc' dir='ltr'>ἀλλὰ</span> <span class='ocrx_word' id='word_1_581' title='bbox 2902 4732 3129 4793; x_wconf 80' lang='grc' dir='ltr'>πιθανῶς</span> 
     </span>
     <span class='ocr_line' id='line_1_45' title="bbox 419 4816 3126 4893; baseline 0.002 -25"><span class='ocrx_word' id='word_1_582' title='bbox 419 4820 542 4883; x_wconf 82' lang='lat' dir='ltr'><strong>v(et</strong></span> <span class='ocrx_word' id='word_1_583' title='bbox 577 4818 848 4881; x_wconf 56' lang='lat' dir='ltr'>iustam&amp;</span> <span class='ocrx_word' id='word_1_584' title='bbox 888 4816 993 4872; x_wconf 71' lang='grc' dir='ltr'>ἀλλ’</span> <span class='ocrx_word' id='word_1_585' title='bbox 1034 4818 1291 4878; x_wconf 76' lang='grc' dir='ltr'>ἀπιθανῶς</span> <span class='ocrx_word' id='word_1_586' title='bbox 1328 4824 1397 4874; x_wconf 80' lang='lat' dir='ltr'>Sa</span> <span class='ocrx_word' id='word_1_587' title='bbox 1577 4820 1633 4871; x_wconf 89' lang='grc'>31</span> <span class='ocrx_word' id='word_1_588' title='bbox 1694 4820 1902 4893; x_wconf 84' lang='grc' dir='ltr'>τερπνὸν</span> <span class='ocrx_word' id='word_1_589' title='bbox 1939 4839 1968 4871; x_wconf 83' lang='lat' dir='ltr'><strong>a</strong></span> <span class='ocrx_word' id='word_1_590' title='bbox 2007 4824 2094 4889; x_wconf 88' lang='lat' dir='ltr'>Sp.</span> <span class='ocrx_word' id='word_1_591' title='bbox 2275 4821 2340 4873; x_wconf 87' lang='lat'>33</span> <span class='ocrx_word' id='word_1_592' title='bbox 2379 4828 2488 4879; x_wconf 86' lang='grc' dir='ltr'>πῶς</span> <span class='ocrx_word' id='word_1_593' title='bbox 2525 4820 2584 4874; x_wconf 69' lang='grc' dir='ltr'>οὔ</span> <span class='ocrx_word' id='word_1_594' title='bbox 2620 4820 3034 4893; x_wconf 79' lang='grc' dir='ltr'>συνδιαιρούντων</span> <span class='ocrx_word' id='word_1_595' title='bbox 3071 4824 3126 4874; x_wconf 86' lang='lat' dir='ltr'>in</span> 
     </span>
     <span class='ocr_line' id='line_1_46' title="bbox 420 4904 2445 4977; baseline 0.001 -21"><span class='ocrx_word' id='word_1_596' title='bbox 420 4904 495 4957; x_wconf 89' lang='lat' dir='ltr'>lit.</span> <span class='ocrx_word' id='word_1_597' title='bbox 533 4904 603 4958; x_wconf 81' lang='lat'>13¹</span> <span class='ocrx_word' id='word_1_598' title='bbox 638 4906 774 4959; x_wconf 68' lang='lat' dir='ltr'><strong>vict„</strong></span> <span class='ocrx_word' id='word_1_599' title='bbox 812 4909 903 4975; x_wconf 89' lang='lat' dir='ltr'>Sp.</span> <span class='ocrx_word' id='word_1_600' title='bbox 943 4908 1101 4961; x_wconf 77' lang='lat' dir='ltr'>infra:</span> <span class='ocrx_word' id='word_1_601' title='bbox 1146 4908 1380 4962; x_wconf 76' lang='grc' dir='ltr'>ὁπωσοῦν</span> <span class='ocrx_word' id='word_1_602' title='bbox 1418 4906 1742 4977; x_wconf 82' lang='grc' dir='ltr'>διαιρούντων</span> <span class='ocrx_word' id='word_1_603' title='bbox 1782 4910 1900 4961; x_wconf 79' lang='lat' dir='ltr'>libri</span> <span class='ocrx_word' id='word_1_604' title='bbox 2079 4909 2203 4977; x_wconf 79' lang='grc' dir='ltr'>ἐστι]</span> <span class='ocrx_word' id='word_1_605' title='bbox 2242 4910 2320 4960; x_wconf 83' lang='grc' dir='ltr'>ἐπὶ</span> <span class='ocrx_word' id='word_1_606' title='bbox 2356 4912 2445 4976; x_wconf 83' lang='lat' dir='ltr'>Sp.</span> 
     </span>
    </p>
   </div>
   <div class='ocr_carea' id='block_1_5' title="bbox 522 4998 2732 5064">
    <p class='ocr_par' dir='ltr' id='par_1_11' title="bbox 522 4998 2732 5064">
     <span class='ocr_line' id='line_1_47' title="bbox 522 4998 2732 5064; baseline 0.003 -11"><span class='ocrx_word' id='word_1_607' title='bbox 522 5014 671 5063; x_wconf 82' lang='lat' dir='ltr'>Suppl.</span> <span class='ocrx_word' id='word_1_608' title='bbox 700 5015 833 5053; x_wconf 73' lang='grc' dir='ltr'>Δτίοι.</span> <span class='ocrx_word' id='word_1_609' title='bbox 862 5014 903 5053; x_wconf 91' lang='lat'>11</span> <span class='ocrx_word' id='word_1_610' title='bbox 931 5012 959 5053; x_wconf 81' lang='lat'><strong>2</strong></span> <span class='ocrx_word' id='word_1_611' title='bbox 1014 5016 1137 5055; x_wconf 76' lang='lat' dir='ltr'>Alex.</span> <span class='ocrx_word' id='word_1_612' title='bbox 1165 5017 1322 5064; x_wconf 69' lang='lat' dir='ltr'>scripta</span> <span class='ocrx_word' id='word_1_613' title='bbox 1352 5016 1529 5054; x_wconf 72' lang='lat' dir='ltr'>minora.</span> <span class='ocrx_word' id='word_1_614' title='bbox 2651 4998 2732 5060; x_wconf 82' lang='lat'>10</span> 
     </span>
    </p>
   </div>
  </div>
 </body>
</html>
