3684 5567
1291 260 1549 318 ΗΘῙΚΩΝ
1591 259 2122 319 ΠΡΟΒΛΗΜΑΊῺΝ
2162 262 2368 316 23-24
3063 260 3179 325 147

585 440 687 507 τὰς
742 436 814 502 δι’
870 439 1048 506 αὑτὰς
1102 439 1352 522 αἱρετάς.
1443 442 1524 507 ὡς
1566 437 1675 521 γὰρ
1720 439 1771 500 εἰ
1824 436 1897 521 ἦν
1951 439 1990 520 ἡ
2047 437 2387 521 οἰκοδομικὴ
2443 437 2624 512 οἰκία,
2683 434 2752 498 δι’
2808 436 2879 517 ἥν
2924 432 3078 496 ἐστιν

580 542 801 626 αἱρετή,
848 538 918 625 ἧν
963 539 1033 604 ἄν
1078 539 1151 604 δι’
1192 541 1371 623 αὐτὴν
1404 542 1627 625 αἱρετή,
1672 540 1860 609 οὕτως
1903 540 2000 603 καὶ
2044 544 2158 603 τῶν
2203 540 2425 624 ἀρετῶν
2457 540 2695 622 ἑκάστη,
2739 540 2793 601 εἰ
2837 535 2987 601 ἔστιν
3034 536 3072 618 ἢ

584 640 731 725 αὐτὴ
779 643 967 729 τούτῳ
1012 642 1084 707 δι’
1144 642 1179 707 ὅ
1220 644 1372 707 ἐστιν
1419 644 1651 728 αἱρετή,
1702 642 1797 727 εἴη
1842 642 1912 705 ἂν
1957 641 2030 706 δι’
2085 642 2264 726 αὑτὴν
2309 643 2542 727 αἱρετή,
2587 642 2686 705 καὶ
2729 637 2816 703 ἔτι
2862 641 3078 722 μᾶλλον
3109 652 3160 695 15

580 745 676 807 καὶ
721 748 1143 831 φανερώτερον,
1190 746 1241 810 εἰ
1284 745 1525 810 ἕκαστον
1572 750 1687 809 τῶν
1731 743 1860 809 κατ’
1901 744 2078 814 αὐτὰς
2123 742 2254 830 ἔχοι
2295 744 2626 827 τὸζαὶρετὸν
2673 743 2732 806 ἐν
2773 743 2936 827 αὑτῷ
2982 742 3078 805 καὶ

512 866 542 915 5
584 847 665 930 μὴ
710 846 805 910 διὰ
850 850 956 932 τὴν
1002 848 1095 913 ἐπ’
1150 850 1293 913 ἄλλο
1340 873 1393 912 τι
1437 850 1763 934 ἀναφοράν,
1810 851 1892 917 ὡς
1937 848 1974 931 ἡ
2021 848 2192 917 οἰκία,
2240 845 2310 910 δι’
2367 848 2437 933 ἣν
2483 848 2522 932 ἡ
2567 847 2904 930 οἰκοδομικὴ
2951 842 3078 931 ἔχει

588 951 652 1013 τὸ
708 950 965 1035 αἱρετόν,
1027 952 1121 1015 διὰ
1174 952 1284 1038 γὰρ
1338 953 1443 1037 τὴν
1496 952 1797 1035 γινομένην
1853 949 1953 1013 ἀπ’
2006 949 2186 1033 αὐτῆς
2246 949 2464 1033 σκέπην
2518 946 2812 1034 χειμῶνός
2867 970 2930 1011 τε
2981 950 3078 1011 καὶ
3106 962 3162 1005 2⁰

590 1052 815 1137 θέρους.
906 1053 993 1117 ὅτι
1040 1056 1105 1119 δὲ
1148 1057 1207 1119 αἱ
1254 1056 1451 1139 ἀρεταὶ
1494 1057 1555 1119 αἱ
1599 1055 1766 1119 αὐταὶ
1811 1054 2033 1121 τούτοις
2076 1051 2152 1115 δι’
2208 1052 2247 1115 ἃ
2290 1051 2520 1136 αἱρετὰς
2565 1050 2742 1119 αὐτὰς
2787 1050 2936 1114 εἶναί
2975 1074 3079 1133 φα·

588 1178 713 1237 μεν,
757 1158 933 1240 δῆλον
980 1158 1047 1221 ἐκ
1076 1162 1179 1221 τοῦ
1224 1157 1369 1223 εἶναι
1417 1159 1522 1241 μὲν
1567 1157 1745 1226 αὐτὰς
1776 1155 2099 1240 μεσότητας
2142 1155 2353 1219 παθῶν
2399 1178 2464 1218 τε
2505 1155 2602 1218 καὶ
2647 1154 2930 1240 πράξεων,
2975 1154 3080 1238 τὴν

586 1258 688 1341 μὲν
746 1260 979 1345 ἀνδρίαν
1042 1258 1228 1345 φόβου
1289 1285 1351 1325 τε
1402 1262 1500 1324 καὶ
1554 1260 1837 1345 θάρρους,
1899 1261 2005 1342 τὴν
2065 1260 2131 1321 δὲ
2185 1256 2564 1342 σωφροσύνην
2624 1258 2811 1341 λύπης
2870 1280 2934 1319 τε
2987 1257 3083 1320 καὶ
3109 1272 3164 1315 25

490 1382 550 1429 10
586 1362 802 1445 ἡδονῆς
830 1366 947 1425 τῶν
993 1359 1065 1425 δι’
1109 1364 1284 1447 ἁφῆς,
1330 1364 1432 1448 τὴν
1474 1364 1539 1427 δὲ
1578 1360 2026 1446 ἐλευθεριότητα
2071 1360 2292 1430 δόσεως
2335 1363 2431 1424 καὶ
2461 1360 2694 1445 λήψεως
2739 1364 3082 1445 χρημάτων,

588 1466 619 1529 ὁ
665 1464 715 1527 δ’
771 1464 947 1535 αὐτὸς
989 1468 1085 1530 καὶ
1128 1467 1223 1529 ἐπὶ
1268 1472 1384 1529 τῶν
1430 1466 1623 1531 ἄλλων
1669 1464 1866 1548 λόγος,
1917 1463 1926 1547 Ι
1975 1465 2126 1528 ὥστε
2171 1466 2225 1529 εἰ
2265 1465 2326 1527 ἐν
2373 1464 2593 1533 τούτοις
2637 1464 2700 1527 τὸ
2747 1463 2891 1527 εἶναι
2938 1463 3035 1526 αὐ·
3083 1471 3187 1529 282

582 1573 735 1643 ταῖς,
792 1566 864 1631 δι’
922 1568 967 1631 ἅ
1004 1568 1145 1631 εἰσιν
1190 1570 1441 1654 αἱρεταί,
1495 1568 1608 1632 εἶεν
1656 1568 1771 1650 [δ’]
1819 1566 1889 1631 ἂν
1935 1565 2006 1629 δι’
2063 1565 2242 1635 αὑτὰς
2283 1567 2533 1651 αἱρεταί,
2591 1568 2684 1631 καὶ
2730 1564 2813 1629 ἔτι
2860 1569 3077 1647 μᾶλλον

585 1666 661 1732 δι’
716 1670 923 1745 αὑτάς,
979 1670 1067 1735 ὅτι
1113 1673 1193 1755 μὴ
1241 1670 1312 1735 δι’
1368 1672 1513 1735 ἄλλο
1556 1695 1609 1734 τι
1663 1673 1801 1753 ἡμῖν
1847 1670 2070 1755 αἱρεταὶ
2122 1670 2182 1731 αἱ
2231 1668 2542 1754 μεσότητες
2587 1670 2648 1733 αἱ
2693 1670 2822 1753 περὶ
2866 1668 3085 1753 φόβους

585 1794 647 1835 τε
702 1774 796 1835 καὶ
858 1774 1075 1858 θάρρη,
1131 1774 1281 1838 ἀλλὰ
1334 1773 1407 1837 δι’
1462 1775 1643 1857 αὑτὴν
1698 1774 1936 1857 ἑκάστη.
2026 1773 2092 1836 τὸ
2143 1771 2250 1856 γὰρ
2303 1772 2364 1835 ἐν
2419 1774 2580 1858 αὑτῷ
2634 1774 2728 1836 καὶ
2781 1777 2857 1856 τῇ
2905 1772 3084 1837 αὑτοῦ
3139 1788 3167 1830 5

489 1895 549 1943 15
587 1874 758 1957 φύσει
801 1877 866 1939 τὸ
913 1878 1141 1961 αἱρετὸν
1188 1875 1358 1962 ἔχον,
1405 1882 1572 1941 τοῦτο
1618 1874 1691 1939 δι’
1746 1877 1889 1939 αὑτὸ
1934 1874 2192 1960 αἱρετόν,
2249 1880 2505 1939 τοιαῦται
2552 1876 2617 1939 δὲ
2660 1878 2720 1939 αἱ
2769 1875 3084 1961 μεσότητες

584 1980 644 2041 αἱ
690 1980 821 2062 περὶ
864 1978 967 2048 τὰς
1011 1980 1159 2043 κατὰ
1202 1978 1368 2064 φύσιν
1414 1982 1553 2062 ἡμῖν
1600 1978 1851 2063 πράξεις.
1941 1978 2156 2041 τούτων
2203 1978 2268 2041 δὲ
2313 1978 2498 2047 οὕτως
2542 1978 2830 2062 ἐχόντων,
2883 1981 2935 2043 εἰ
2981 1981 3084 2062 μὲν

586 2086 707 2151 τοῖς
752 2082 1089 2166 ἀνθρώποις
1131 2085 1170 2166 ἡ
1204 2082 1464 2165 σωτηρία
1507 2087 1612 2165 τῆς
1656 2106 1717 2145 τε
1763 2086 2060 2164 πολιτικῆς
2105 2082 2403 2150 κοινωνίας
2446 2082 2541 2144 καὶ
2585 2086 2688 2165 τῆς
2718 2083 3088 2167 οἰκονομικῆς
3116 2098 3170 2141 ιο

589 2184 672 2267 μὴ
716 2181 787 2247 δι’
845 2185 993 2249 αὑτὰ
1036 2186 1256 2270 αἱρετά,
1311 2185 1460 2249 ἀλλὰ
1507 2183 1579 2248 δι’
1633 2184 1775 2249 ἄλλο
1820 2210 1894 2261 τι,
1947 2183 2070 2247 οὐδ’
2127 2184 2196 2247 ἂν
2242 2186 2281 2268 ἡ
2329 2184 2682 2267 δικαιοσύνη,
2729 2183 2875 2249 οὖσα
2921 2186 3088 2267 μεσό-

586 2310 689 2368 της
733 2288 952 2351 τούτων
1008 2287 1070 2349 ἐν
1116 2288 1203 2356 οἷς
1258 2288 1381 2351 ἐστι
1425 2290 1463 2371 ἢ
1522 2289 1781 2373 σωτηρία
1838 2292 1954 2351 τῶν
1999 2286 2462 2371 προειρημένων,
2517 2285 2609 2371 εἴη
2662 2285 2732 2349 ἂν
2777 2287 2851 2350 δι’
2907 2289 3089 2372 αὐτὴν

483 2410 550 2457 20
588 2391 819 2474 αἱρετή,
871 2388 1007 2455 καθ’
1064 2390 1163 2460 οὓς
1217 2390 1370 2455 τοῦτ’
1426 2392 1577 2455 ἐστὶν
1633 2394 1671 2473 ἡ
1728 2390 2083 2474 δικαιοσύνη.
2172 2390 2224 2452 εἰ
2277 2390 2342 2452 δέ
2387 2389 2538 2453 ἐστιν
2593 2391 2632 2472 ἡ
2685 2390 2951 2454 κοινωνία
2996 2392 3092 2454 καὶ
3120 2407 3172 2449 15

588 2494 627 2577 ἡ
674 2494 933 2577 σωτηρία
978 2494 1188 2577 ταύτης
1234 2492 1306 2557 δι’
1362 2494 1542 2577 αὑτὴν
1587 2498 1707 2563 τοῖς
1751 2494 2084 2577 ἀνθρώποις
2127 2492 2354 2576 αἱρετή,
2405 2489 2497 2574 εἴη
2545 2489 2611 2553 ἂν
2657 2492 2754 2555 καὶ
2797 2494 2836 2575 ἡ
2883 2495 3090 2557 δικαιο·

590 2597 731 2680 σύνη
787 2597 1124 2680 δεικνυμένη
1181 2596 1251 2659 δι’
1308 2596 1488 2680 αὑτὴν
1534 2596 1757 2681 αἱρετή,
1813 2594 1965 2659 καθό
2019 2595 2141 2657 ἐστι
2198 2594 2448 2676 μεσότης
2501 2596 2595 2657 καὶ
2644 2594 2839 2679 ἰσότης
2882 2601 2983 2659 τοῦ
3029 2620 3092 2660 τε

588 2700 647 2762 ἐν
692 2704 817 2768 ταῖς
861 2704 1063 2783 νομαῖς
1108 2701 1200 2765 καὶ
1248 2704 1347 2763 τοῦ
1392 2699 1453 2763 ἐν
1498 2704 1617 2768 τοῖς
1662 2701 2122 2781 συναλλάγμασιν
2169 2696 2316 2775 ἴσου,
2363 2698 2422 2760 ἐν
2468 2698 2556 2767 οἷς
2599 2700 2637 2781 ἡ
2685 2700 2941 2783 σωτηρία
2987 2705 3091 2784 τῆς

588 2806 887 2887 πολιτικῆς
943 2827 1008 2866 τε
1052 2805 1147 2867 καὶ
1193 2805 1427 2887 πρώτης
1470 2802 1789 2870 κοινωνίας.
1880 2800 2032 2864 ἀλλὰ
2076 2800 2190 2883 μὴν
2247 2799 2332 2863 ὅτι
2386 2797 2458 2863 δι’
2515 2802 2655 2865 αὑτὸ
2701 2807 2822 2871 τοῖς
2866 2803 3089 2888 ἀνθρώ·
3119 2820 3175 2862 2⁰

483 2926 548 2975 25
588 2929 716 2975 ποις
760 2907 987 2989 αἱρετὸν
1032 2908 1069 2990 ἡ
1117 2907 1416 2983 κοινωνία,
1460 2910 1672 2989 γνῶναι
1717 2903 2025 2989 πρόχειρον
2072 2901 2188 2965 ἀπό
2233 2926 2296 2966 τε
2340 2908 2443 2966 τοῦ
2487 2904 2635 2966 κατὰ
2679 2904 2848 2989 φύσιν
2894 2906 3089 2976 αὐτοῖς

590 3008 735 3073 εἶναι
778 3011 881 3093 τὴν
927 3009 1255 3086 κοινωνίαν,
1308 3006 1377 3072 ού
1424 3013 1664 3091 σημεῖον
1718 3010 2122 3093 φανερώτατον
2178 3007 2241 3069 τὸ
2289 3006 2476 3091 τούτῳ
2533 3008 2782 3090 μάλιστα
2833 3013 2948 3071 τῶν
2992 3009 3088 3074 ἄλ-

588 3114 704 3175 λων
752 3110 921 3195 ζῴων
975 3112 1073 3174 τὸν
1118 3110 1427 3195 ἄνθρωπον
1472 3111 1790 3195 διαφέρειν,
1851 3109 1884 3172 δ
1931 3108 2103 3191 μόνον
2151 3108 2302 3172 ἐστὶν
2357 3108 2518 3193 αὐτῷ
2573 3110 2862 3194 χρήσιμον
2907 3112 2968 3175 ἐν
3013 3120 3088 3196 τῇ
3117 3130 3171 3171 ει

592 3215 735 3298 πρὸς
778 3215 1067 3298 ἀλλήλους
1122 3214 1406 3297 κοινωνία.
1498 3211 1639 3276 ἴδιον
1687 3214 1789 3295 μὲν
1834 3212 1944 3297 γὰρ
2000 3213 2031 3275 ό
2088 3210 2258 3294 λόγος
2301 3212 2509 3287 αὐτοῦ,
2564 3212 2766 3276 τούτου
2812 3215 2878 3277 δὲ
2921 3218 3090 3301 χρεία

588 3318 730 3401 πρὸς
776 3316 1017 3399 μήνυσιν
1062 3322 1180 3385 τοῖς
1224 3316 1469 3400 πλησίον
1514 3321 1629 3379 τῶν
1673 3316 1831 3379 ἰδίων
1879 3316 2184 3399 νοημάτων
2231 3336 2292 3379 τε
2337 3318 2432 3378 καὶ
2478 3317 2705 3379 παθῶν.
2797 3318 3029 3403 ἐναργὲς
3077 3318 3084 3405 Ι

483 3439 551 3488 3ο
590 3420 655 3482 δὲ
699 3424 867 3482 τοῦτο
912 3421 1009 3483 καὶ
1053 3418 1121 3482 ἐκ
1163 3422 1264 3482 τοῦ
1312 3419 1465 3501 μηδὲ
1508 3416 1601 3479 ἐπ’
1658 3418 1848 3501 ὀλίγον
1895 3417 2175 3481 δύνασθαι
2231 3422 2334 3502 ζῆν
2380 3416 2691 3502 ἄνθρωπον
2737 3418 2911 3503 μόνον
2956 3444 3043 3503 γε·
3085 3430 3190 3486 283

586 3525 840 3605 νόμενον.
929 3520 1073 3585 διότι
1118 3521 1183 3583 δὲ
1226 3520 1285 3582 ἐν
1332 3521 1599 3605 κοινωνίᾳ
1659 3524 1743 3605 τῷ
1790 3520 2090 3605 ἀνθρώπῳ
2146 3522 2211 3584 τὸ
2257 3520 2401 3583 εἶναι
2445 3522 2542 3584 καὶ
2588 3523 2619 3584 ὁ
2667 3521 2835 3605 λόγος
2881 3524 3087 3588 τούτου

587 3628 789 3712 χάριν,
843 3624 1047 3709 ἀρίστη
1104 3624 1171 3687 δὲ
1216 3625 1311 3687 καὶ
1355 3624 1685 3709 τελειοτάτη
1741 3628 1858 3686 τῶν
1911 3622 2058 3688 κατὰ
2110 3622 2279 3707 λόγον
2331 3624 2642 3709 γινομένων
2689 3631 3001 3690 κοινωνιῶν
3048 3630 3086 3712 ἡ
3141 3646 3170 3689 ὅ

486 3909 509 3959 1
550 3908 709 3960 αυτὰσ
734 3912 781 3957 V
976 3906 1069 3975 ὡς]
1108 3924 1132 3965 ς
1167 3907 1223 3959 in
1260 3908 1337 3958 lit.
1363 3909 1410 3958 V
1610 3906 1651 3958 εἰ
1688 3906 1749 3975 ἦν
1786 3906 2056 3976 ἡεοτίρείι
2095 3906 2137 3959 εἰ
2172 3906 2234 3974 ἣν
2269 3907 2301 3977 ἡ
2330 3906 2425 3959 V²:
2464 3906 2570 3980 εἴην
2598 3909 2692 3960 V¹:
2733 3908 2775 3961 εἰ
2810 3908 2873 3979 ἦν
2905 3910 3050 3964 BS²a
3076 3914 3190 3981 Sp.:

480 3996 544 4066 ἦν
580 3997 791 4048 FS¹ML
980 3994 1013 4047 3
1058 4013 1187 4065 αυτη
1220 3995 1296 4046 V¹
1333 3996 1483 4061 (corr.
1514 3992 1608 4060 Ψ)
1792 3994 1962 4064 αιρετὴ
1999 3996 2075 4047 V¹
2110 3996 2261 4062 (corr.
2288 3996 2381 4061 Ψ)
2572 3998 2730 4067 αυτὴν
2759 4000 2826 4047 V¹
2854 3999 3004 4065 (corr.
3031 3998 3126 4066 ν’)

480 4083 514 4134 4
558 4083 757 4153 αἱρετὴν
804 4085 892 4150 Sp.
1083 4083 1134 4134 ἐν
1171 4082 1313 4155 αὑτῷ·
1348 4081 1447 4133 V':
1487 4082 1539 4134 ἐν
1577 4081 1717 4151 αὐτῷ
1753 4083 1980 4135 V¹BSF:
2020 4082 2110 4135 ἐπ’
2147 4082 2288 4153 αὐτῷ
2325 4080 2434 4153 (ἐφ’
2474 4084 2612 4155 αὐτῷ
2650 4087 2784 4137 coni.
2823 4086 2938 4153 Sp.)
2977 4090 3198 4141 MLSFa

480 4174 571 4239 Sp.
750 4171 781 4223 6
827 4171 943 4240 τὴν]
1000 4190 1027 4221 ν
1074 4172 1129 4223 in
1174 4172 1253 4223 lit.
1296 4174 1341 4222 V
1512 4170 1542 4221 7
1580 4188 1656 4239 pr.
1703 4171 1753 4223 αἱ
1797 4171 1855 4223 in
1902 4173 1978 4223 lit.
2015 4176 2064 4223 V
2243 4172 2275 4224 ἃ
2313 4174 2428 4239 Sp.:
2467 4172 2494 4224 ὃ
2531 4173 2648 4225 libri
2833 4174 2895 4226 10
2949 4175 3075 4245 τῶν]
3123 4183 3197 4228 ῶν

479 4261 537 4312 in
572 4260 648 4312 lit.
686 4264 735 4311 V
903 4260 988 4311 καὶ
1012 4261 1069 4311 in
1096 4260 1175 4312 lit.
1196 4264 1245 4311 V
1428 4260 1483 4311 11
1527 4258 1699 4324 αὐτὸς]
1738 4259 1764 4312 ὸ
1794 4261 1848 4311 in
1886 4260 1964 4311 lit.
1985 4263 2032 4310 V
2211 4258 2363 4325 ὥστε]
2403 4259 2478 4312 ὥσ
2513 4262 2570 4313 in
2593 4260 2668 4313 lit.
2692 4265 2741 4312 V
2925 4263 2984 4315 12
3023 4260 3073 4315 δ’
3097 4265 3197 4317 del.

479 4346 547 4400 Β2
570 4348 658 4415 Sp.
822 4348 881 4400 13
908 4366 1061 4407 αυτας
1082 4349 1151 4400 Vl
1173 4348 1321 4414 (corr.
1344 4346 1439 4413 V²)
1617 4346 1805 4417 αἱρεταὶ
1827 4346 1997 4399 v²S²a
2020 4350 2134 4414 Sp.:
2174 4348 2368 4417 αἱρετὸν
2386 4349 2672 4403 V¹FS¹ML
2842 4351 2904 4402 14
2943 4352 3100 4421 αυτὴν
3125 4352 3197 4403 V¹

480 4436 631 4501 (corr.
661 4433 753 4500 ν’)
965 4434 1024 4487 τὸ
1059 4435 1153 4505 γὰρ
1190 4450 1232 4487 s.
1260 4452 1305 4486 v.
1332 4440 1381 4487 V
1592 4434 1733 4505 αὐτῷ’
1769 4439 1818 4486 V
2033 4434 2187 4487 αὐτοῦ
2213 4441 2262 4488 V
2480 4436 2542 4489 15
2579 4436 2703 4489 αυτό
2745 4439 2809 4488 V¹
2850 4438 2999 4504 (corr.
3027 4438 3123 4506 V')

484 4522 545 4574 17
602 4521 859 4592 σωτηρία]
917 4528 1038 4575 ante
1084 4542 1116 4575 α
1160 4538 1270 4575 una
1318 4522 1419 4575 litt.
1468 4538 1615 4575 erasa
1652 4527 1700 4573 V
1936 4524 1997 4577 18
2053 4524 2180 4577 αὑτὰ
2228 4525 2388 4591 (αυτὰ
2425 4524 2528 4591 V¹)
2574 4525 2775 4595 αἱρετά]
2825 4524 2981 4596 αὖτὴν
3028 4527 3196 4598 αἱρετή

478 4608 645 4665 B²S²a
680 4612 768 4677 Sp.
987 4609 1047 4663 19
1095 4610 1127 4681 ἡ
1175 4626 1275 4663 om.
1315 4628 1347 4662 a
1382 4612 1472 4677 Sp.
1684 4612 1840 4681 αυτὴν
1881 4616 1926 4663 V
2142 4612 2203 4665 21
2257 4614 2412 4683 αυτὴν
2450 4613 2522 4663 V¹
2563 4612 2726 4679 (corr.
2764 4612 2870 4681 va)

478 4696 579 4767 εἴη]
618 4696 667 4751 εἰ
698 4699 755 4750 in
790 4698 868 4752 lit.
906 4702 955 4750 V
1170 4698 1235 4750 22
1273 4698 1429 4767 αυτὴν
1458 4699 1529 4751 V¹
1568 4698 1720 4764 (corr.
1751 4698 1845 4765 V2)
2057 4704 2148 4755 τοῦ
2183 4720 2238 4753 τε
2267 4704 2384 4753 VB:
2423 4700 2674 4753 τουτέστιν
2713 4702 2936 4754 SFMLa
2971 4704 3059 4769 Sp.

478 4784 545 4837 23
582 4785 753 4854 νόμοις
788 4804 820 4838 a
1032 4786 1099 4838 26
1135 4784 1301 4856 τούτῳ
1338 4784 1410 4838 13²
1446 4787 1526 4853 (in
1562 4785 1664 4852 lit.)
1702 4788 1880 4841 SFMa
1915 4789 2032 4855 Spa
2069 4787 2266 4842 τούτων
2303 4788 2428 4855 (των
2467 4804 2510 4841 s.
2541 4788 2608 4855 ν.)
2647 4787 2788 4840 VF':
2824 4792 2976 4843 τοῦτο
3015 4794 3058 4842 L

479 4872 561 4924 26.
600 4872 667 4925 27
706 4872 901 4942 ἄλλων]
940 4873 974 4927 ἄ
1009 4876 1066 4927 in
1104 4874 1178 4927 lit.
1220 4880 1267 4925 V
2146 4890 2172 4917 ⁰

2671 4963 2800 5026 10“ἔς
