3684 5567
1278 240 1537 297 ΗΘΙΚΩΝ
1576 237 2105 297 ΠΡΟΒΛΗΜΑῚῺΝ
2141 243 2280 295 7-9
3007 238 3129 303 129

528 416 613 485 οἷς
671 417 781 479 εἰσι
834 418 928 480 καὶ
984 418 1037 479 οἱ
1097 416 1373 500 ἐρῶντες,
1436 415 1493 477 οἳ
1536 416 1587 478 εἰ
1632 416 1697 478 τὸ
1744 416 2062 497 ἐρασθῆναι
2118 412 2210 477 ἐπ’
2263 413 2460 483 αὐτοῖς
2503 412 2637 499 (ὡς)
2690 414 2754 476 τὸ
2811 412 3018 496 ἐρῶσιν
3075 426 3103 467 5

532 518 894 593 παύσασθαι,
970 518 1199 587 ἑκόντες
1271 517 1339 581 ἂν
1414 516 1529 580 εἶεν
1607 517 1677 580 τὰ
1748 516 1900 579 κατὰ
1972 518 2067 579 τὸν
2142 514 2332 600 ἔρωτα
2401 519 2762 601 πράττοντες.
2874 515 3026 578 ἀλλὰ

530 622 627 685 καὶ
669 622 737 685 ἐκ
780 626 895 684 τῶν
943 621 1285 705 ἀρχομένων
1342 620 1688 704 ἁμαρτάνειν
1744 620 1939 702 δῆλον.
2029 618 2218 686 οὐδεὶς
2266 619 2376 704 γὰρ
2429 620 2619 683 αὐτῶν
2677 620 2900 701 ἀγνοῶν
2955 618 3025 680 τὰ

530 725 681 787 κακὰ
727 724 813 787 ὅτι
844 726 997 787 κακά
1041 724 1193 787 ἐστιν
1238 722 1329 785 ἐπ’
1370 722 1519 786 αὐτὰ
1562 723 1665 805 τὴν
1714 722 1904 806 ἀρχὴν
1951 718 2206 807 ἔρχεται.
2272 723 2481 791 πάντες
2524 726 2660 804 γοῦν
2704 720 3022 806 ἀρχόμενοι
3050 736 3106 777 10

459 848 490 895 5
528 827 816 891 αἰδοῦνται
860 829 955 890 καὶ
1000 827 1305 890 λανθάνειν
1354 825 1715 899 σπεύδουσιν,
1761 826 1858 887 καὶ
1902 827 1984 893 ὡς
2031 825 2110 906 μὴ
2157 825 2253 887 καὶ
2298 824 2559 909 δεύτερον
2604 825 2910 908 πράξοντες
2956 823 3028 887 τὰ

532 931 707 1015 ὅμοια
751 929 892 993 εἶσιν
938 932 1031 993 ἐπ’
1081 930 1247 1004 αὐτά,
1294 927 1666 1009 πεπεισμένοι
1713 927 2118 1012 βλαβήσεσῦαί
2157 952 2208 990 τι
2255 926 2356 989 ἀπ’
2396 928 2610 1005 αὐτῶν,
2656 927 2906 998 εἴκοντες
2947 931 3024 1009 τῇ

530 1036 745 1117 ἡδονῇ,
805 1033 873 1095 ού
928 1033 1113 1096 πίστει
1166 1037 1269 1095 τοῦ
1321 1030 1703 1116 αἱρετωτέραν
1760 1032 1956 1098 αὐτοῖς
2009 1029 2181 1104 εἶναι,
2237 1030 2386 1092 ἀλλὰ
2439 1036 2524 1115 τῷ
2583 1032 2666 1115 μὴ
2714 1032 3027 1116 βούλεσθαι
3056 1046 3108 1087 Ιὸ

531 1138 885 1221 πονήσαντες
929 1136 1117 1218 ὀλίγον
1166 1136 1457 1219 ἀντισχεῖν
1502 1136 1645 1217 πρὸς
1688 1131 1888 1215 αὐτήν.
1978 1136 2082 1195 τοῦ
2127 1133 2192 1195 δὲ
2235 1133 2446 1216 ταύτην
2491 1136 2621 1219 περὶ
2666 1140 2781 1197 τῶν
2827 1138 3022 1198 κακῶν

533 1238 689 1323 ἔχειν
732 1240 837 1323 τὴν
870 1239 1157 1324 πρόληψιν
1204 1241 1286 1305 ὡς
1317 1236 1533 1300 ἔννοιαν
1580 1236 1771 1300 αὐτῶν
1818 1233 1975 1321 ἔχειν
2007 1236 2183 1298 ὁποῖά
2227 1236 2378 1300 ἐστιν
2409 1236 2594 1298 αἰτίαν
2641 1239 2874 1322 πρώτην
2922 1238 3024 1321 μὲν

429 1363 492 1410 10
526 1344 631 1427 τὴν
686 1343 854 1424 φύσιν
906 1340 1143 1427 ἔχουσιν
1196 1340 1293 1421 (οὐ
1337 1338 1445 1422 γὰρ
1490 1337 1819 1422 ἀνεννόητοι
1873 1342 1990 1401 τῶν
2037 1335 2348 1423 βελτιόνων
2403 1340 2456 1401 οἱ
2517 1340 2760 1424 μηδέπω
2816 1342 3026 1403 παντά-

535 1466 705 1509 πασιν
747 1444 1209 1527 διεστραμμένοι,
1256 1442 1403 1505 ἀλλὰ
1448 1443 1549 1511 τὰς
1578 1444 1769 1511 κοινάς
1813 1464 1878 1504 τε
1909 1442 2004 1503 καὶ
2035 1440 2280 1525 φυσικὰς
2325 1445 2608 1515 σώζοντες
2654 1444 2896 1512 ἐννοίας·
2945 1442 3032 1506 ὅτι
3057 1458 3116 1500 2⁰

532 1548 639 1632 γὰρ
673 1549 817 1632 πρὸς
861 1546 931 1609 τὰ
964 1547 1171 1630 βελτίω
1218 1545 1477 1609 νένευκεν
1522 1547 1559 1628 ἢ
1594 1544 1763 1627 φύσις
1804 1544 2075 1619 ἑκάστου,
2122 1542 2298 1627 δῆλόν
2330 1545 2482 1607 ἐστιν
2529 1548 2596 1609 ἐκ
2629 1551 2728 1609 τοῦ
2773 1546 2868 1609 καὶ
2899 1546 3033 1613 τοὺς

536 1651 596 1713 ἐν
642 1652 1051 1735 ἁμαρτήμασιν
1100 1647 1267 1718 ὄντας
1313 1648 1428 1733 ἤδη
1476 1648 1726 1711 ἐπαινεῖν
1774 1644 1859 1711 ἔτι
1904 1648 2036 1715 τοὺς
2081 1648 2196 1733 οὐχ
2242 1648 2702 1732 ἁμαρτάνοντας,
2757 1650 2853 1713 καὶ
2899 1648 3030 1717 τοὺς

534 1756 962 1839 ἁμαρτάνοντας
1007 1754 1140 1821 τοὺς
1184 1753 1379 1815 αὑτῶν
1424 1754 1630 1819 παῖδας
1676 1752 1759 1833 μὴ
1806 1752 1902 1814 ἐπὶ
1945 1751 2019 1813 τὰ
2062 1748 2211 1814 αὐτὰ
2255 1750 2472 1833 ἄγειν),
2529 1754 2698 1836 ἱκανὴ
2727 1754 2810 1816 οδὲ
2853 1754 2949 1816 καὶ
2994 1755 3116 1837 ἠὲὃ

431 1878 492 1927 15
528 1859 700 1940 κοινὴ
726 1858 898 1941 φήμη
943 1880 1008 1919 τε
1052 1858 1148 1919 καὶ
1180 1855 1463 1940 πρόληψις
1510 1860 1625 1917 τῶν
1668 1854 1998 1938 ἀνθρώπων
2043 1855 2148 1937 τὴν
2181 1859 2296 1918 τῶν
2343 1860 2537 1918 κακῶν
2570 1856 2812 1919 ἀτοπίαν
2860 1856 3032 1919 ὁποία

534 1962 613 2031 τίς
658 1960 781 2023 ἐστι
826 1959 1067 2029 διδάξαι.
1157 1958 1307 2022 ἀλλὰ
1352 1960 1449 2022 καὶ
1502 1960 1555 2020 οἱ
1604 1956 1771 2040 νόμοι
1816 1962 1994 2023 ταῦτα
2038 1957 2412 2042 κηρύττοντες
2461 1958 2467 2043 Ι
2518 1961 2702 2023 ἱκανοὶ
2746 1960 2818 2024 τὰ
2864 1961 2987 2046 βελ·
3032 1967 3139 2024 248

532 2064 635 2127 τίω
682 2066 988 2127 διδάσκειν.
1072 2063 1216 2145 πρὸς
1260 2063 1324 2124 δὲ
1368 2060 1589 2130 τούτοις
1636 2060 1980 2123 διδάσκαλοί
2020 2083 2080 2123 τε
2124 2062 2221 2123 καὶ
2267 2064 2625 2145 παιδαγωγοὶ
2670 2067 2880 2133 πάντες
2924 2088 3036 2127 κοι-

533 2172 647 2235 νῶς
698 2166 769 2231 τὰ
826 2166 981 2229 κακὰ
1032 2165 1262 2249 φεύγειν
1315 2169 1725 2249 παραινοῦντες
1777 2164 1884 2227 οὐκ
1947 2164 2323 2247 ἀνεννοήτους
2381 2170 2495 2228 τῶν
2551 2166 2858 2251 βελτιόνων
2905 2168 3037 2237 τοὺς

533 2271 693 2339 νέους
748 2270 919 2333 ἐῶσιν
973 2268 1135 2332 εἶναι.
1228 2270 1323 2332 καὶ
1378 2267 1467 2330 ὅτι
1524 2269 1628 2351 μὲν
1675 2267 1781 2330 οὐκ
1833 2267 2032 2349 ἀγνοίᾳ
2085 2271 2201 2330 τῶν
2257 2274 2452 2331 κακῶν
2507 2269 2579 2332 τὰ
2625 2271 3035 2355 ἁμαρτήματα,
3091 2286 3118 2327 5

427 2394 493 2441 20
527 2375 701 2457 δῆλον
749 2374 815 2436 ἐκ
843 2372 1062 2435 τούτων
1092 2394 1154 2434 τε
1187 2373 1281 2434 καὶ
1312 2376 1427 2433 τῶν
1458 2370 1764 2433 τοιούτων.
1834 2368 1922 2431 ὅτι
1967 2371 2034 2432 δὲ
2067 2372 2149 2453 μὴ
2196 2372 2292 2455 βία
2325 2374 2670 2456 πράττουσιν
2717 2374 2788 2436 τὰ
2820 2379 3033 2458 φαῦλα,

532 2480 709 2561 δῆλον
754 2476 821 2539 ἐκ
866 2480 966 2538 τοῦ
1012 2476 1223 2543 αὐτοὺς
1266 2474 1411 2537 εἶναι
1456 2474 1590 2543 τοὺς
1635 2475 1989 2557 πράττοντας
2034 2473 2202 2551 αὐτά,
2257 2476 2354 2538 καὶ
2399 2476 2547 2539 κατὰ
2591 2477 2694 2560 τὴν
2743 2476 2802 2546 ἐξ
2846 2478 3035 2541 αὑτῶν

534 2580 719 2665 ὁρμὴν
764 2584 935 2642 κινεῖν
990 2578 1087 2639 ἐπὶ
1140 2577 1242 2646 τὰς
1286 2578 1555 2645 τοιαύτας
1609 2576 1841 2659 πράξεις
1896 2577 1968 2639 τὰ
2013 2578 2284 2662 ὀργανικὰ
2341 2577 2488 2663 μέρη
2545 2582 2644 2643 καὶ
2690 2581 3035 2666 βουλευομέ·
3067 2598 3120 2641 10

535 2706 664 2752 νους
704 2684 838 2767 περὶ
883 2682 1076 2745 αὐτῶν
1130 2682 1226 2744 καὶ
1272 2680 1763 2765 προαιρουμένους
1808 2680 1975 2743 αὐτά.
2063 2684 2117 2744 εἰ
2159 2682 2267 2764 γὰρ
2321 2684 2375 2745 οἱ
2432 2683 2873 2768 προαιρούμενοι
2920 2687 3038 2771 βιά-

535 2792 746 2862 ζονται,
790 2787 935 2855 τίνες
980 2784 1049 2849 ἂν
1096 2785 1209 2849 εἶεν
1254 2786 1309 2847 οἱ
1358 2786 1439 2869 μὴ
1487 2784 1848 2868 βιαζόμενοι;
1907 2786 1958 2847 εἰ
2004 2784 2068 2847 δὲ
2113 2784 2173 2847 ἐν
2227 2784 2340 2853 ἕξει
2385 2790 2500 2847 τῶν
2548 2787 3036 2872 ἁμαρτανομένων

430 2910 495 2959 25
531 2890 827 2973 γενόμενοι
867 2890 1015 2972 μήτε
1054 2889 1347 2951 αἰδοῦνται
1384 2888 1593 2957 αὑτοὺς
1639 2909 1676 2944 et·
1724 2909 1760 2944 ν
1809 2909 1847 2944 et·
1895 2892 2010 2951 τῶν
2043 2893 2238 2951 κακῶν
2283 2894 2610 2972 φρονοῦσιν,
2655 2891 2821 2954 οὐδὲν
2869 2896 3037 2954 τοῦτο

537 2996 680 3079 πρὸς
722 2995 789 3057 τὸ
834 2994 981 3057 εἶναι
1024 2993 1173 3056 αὐτὰ
1218 2991 1481 3055 ἀκούσια.
1572 2997 1673 3055 τοῦ
1718 2992 1827 3077 γὰρ
1873 2993 1933 3055 ἐν
1979 2993 2162 3075 ταύτῃ
2207 2997 2283 3075 τῇ
2331 2992 2445 3062 ἕξει
2487 2994 2786 3076 γενέσθαι,
2843 2998 2924 3064 ὡς
2966 2995 3038 3058 τὰ

534 3097 685 3161 κακὰ
730 3098 812 3181 μὴ
860 3096 1284 3180 ὑπολαμβάνειν
1330 3097 1427 3159 καὶ
1481 3095 1680 3163 αὑτοῖς
1724 3094 1868 3159 εἶναι
1915 3096 2085 3167 κακά,
2131 3094 2296 3158 αὐτοὶ
2340 3094 2532 3171 αἴτιοι,
2581 3098 2678 3161 ὅτε
2719 3097 2772 3181 γ’
2815 3097 2887 3183 ἦν
2935 3096 3026 3161 ἐπ’

533 3200 729 3269 αὐτοῖς
782 3202 864 3285 μὴ
918 3201 1185 3284 πράττειν
1242 3203 1420 3261 ταῦτα
1476 3198 1552 3261 δι’
1607 3198 1646 3261 ἃ
1698 3198 1995 3281 γεγόνασιν
2051 3202 2296 3261 τοιοῦτοι
2354 3201 2434 3282 μὴ
2491 3199 2898 3285 φυλαξάμενοι.
2987 3203 3038 3265 εἰ
3065 3219 3122 3260 20

535 3304 599 3366 δὲ
644 3302 991 3389 ἀρχομένοις
1046 3303 1149 3385 μὲν
1196 3302 1389 3370 αὐτοῖς
1442 3307 1557 3364 τῶν
1604 3304 2040 3387 ἁμαρτημάτων
2096 3301 2202 3364 οὐκ
2255 3301 2518 3385 ἐφαίνετο
2571 3304 2644 3367 τὰ
2689 3306 2839 3369 κακὰ
2885 3308 3033 3390 ὠφέ-

431 3426 499 3473 30
534 3408 675 3487 λιμά
717 3428 780 3467 τε
824 3408 919 3469 καὶ
964 3406 1193 3489 αἱρετά,
1250 3404 1637 3489 προελθοῦσιν
1683 3406 1747 3467 δὲ
1792 3405 1852 3467 ἐν
1899 3404 2093 3473 αὐτοῖς
2139 3406 2238 3467 καὶ
2284 3402 2355 3468 δι’
2414 3406 2685 3487 ἀμέλειαν
2731 3409 2922 3471 αὑτῶν
2969 3409 3028 3471 ἐν

535 3510 648 3579 ἕξει
676 3508 1000 3593 γενομένοις
1048 3509 1329 3593 μοχθηρᾷ
1380 3507 1505 3592 [τὰ]
1545 3512 1781 3571 τοιαῦτα
1826 3510 2108 3591 φαίνεται,
2156 3510 2383 3577 ἑαυτοῖς
2413 3507 2482 3571 ἂν
2515 3506 2628 3571 εἶεν
2661 3515 2765 3594 τῆς
2794 3508 2894 3573 ἀπ’
2939 3510 3033 3575 αὐ·
3065 3527 3122 3569 25

434 3809 457 3860 1
501 3810 712 3880 ἐρῶντις
732 3808 834 3861 Βά
852 3810 967 3874 sp.=
1006 3793 1296 3877 ιρώἐῶντες
1332 3809 1409 3859 sie
1431 3812 1493 3859 v=
1533 3807 1824 3876 ἐρωτῶντες
1847 3810 1916 3861 B¹
2098 3808 2168 3866 ὡς
2203 3808 2405 3861 addidi:
2445 3808 2549 3861 ἐστι
2585 3808 2670 3862 καὶ
2696 3809 2812 3861 add.
2839 3808 2942 3861 B²a
2967 3811 3054 3877 sp.

430 3899 460 3949 6
498 3896 615 3949 εἶσιν
654 3896 793 3963 (εἰσιν
834 3894 925 3964 V)]
964 3896 1088 3947 ἴασιν
1126 3897 1262 3948 coni.
1291 3898 1379 3963 Sp.
1419 3895 1639 3947 fortasse
1677 3901 1813 3948 recte
1982 3896 2296 3965 πεπεισμένοι
2333 3896 2422 3965 μὲν
2461 3895 2801 3967 βλαβήσεσθαι
2835 3896 2941 3949 B²a
2978 3899 3068 3963 Sp.

431 3983 647 4041 εἴκοντες
683 3982 735 4035 δὲ
760 3984 827 4054 τῇ
852 4003 881 4035 a
906 3985 996 4049 Sp.
1140 3984 1172 4036 8
1210 3982 1390 4053 αὐτήν]
1428 4002 1491 4053 ην
1518 3985 1574 4035 in
1599 3985 1674 4036 lit.
1700 3988 1749 4036 V
1845 3982 1854 3987 ’
1897 3983 1928 4035 9
1966 3983 2180 4052 ἔννοιαν]
2219 3983 2413 4037 εὔνοιαν
2439 4002 2471 4035 a
2497 3987 2587 4052 Sp.
2734 3985 2800 4037 10
2836 3982 3148 4054 ἀΙνεννόητοι

431 4074 532 4140 (νεν
558 4074 612 4125 in
640 4072 741 4138 lit.)
768 4076 808 4123 V
968 4071 1015 4123 οἱ
1053 4072 1265 4141 μηδέπω
1300 4075 1344 4124 Β
1384 4074 1501 4139 Sp.:
1541 4072 1588 4124 οἱ
1624 4072 1695 4142 μὴ
1722 4071 1860 4125 δέπω
1897 4071 1992 4141 (μὴ
2027 4090 2069 4123 a.
2097 4072 2167 4137 v.)
2195 4076 2258 4123 V:
2303 4070 2433 4143 ὄρμη
2460 4071 2596 4123 δέπω
2623 4090 2655 4124 a
2817 4072 2879 4124 15
2917 4072 3085 4141 κοινὴ]
3114 4072 3146 4142 ὴ

430 4160 488 4211 in
511 4159 587 4211 lit.
609 4162 658 4211 V
807 4159 866 4210 17
894 4156 1086 4217 τούτοις
1105 4160 1220 4226 Sp.:
1246 4158 1455 4217 τούτους
1478 4160 1598 4212 libri
1748 4160 1807 4211 19
1836 4158 2196 4230 ἁμαρτήματα]
2223 4164 2340 4212 tert.
2367 4178 2399 4211 α
2426 4161 2482 4211 in
2507 4160 2584 4212 lit.
2612 4163 2658 4212 V
2805 4159 2874 4211 20
2909 4158 3006 4227 ὅτι]
3036 4178 3062 4211 ο
3088 4162 3146 4212 in

428 4247 574 4301 lit.v
727 4246 779 4299 δὲ
818 4246 887 4316 μὴ
928 4262 1055 4299 corr.
1086 4264 1151 4299 ex
1188 4247 1260 4317 μὴ
1299 4246 1351 4299 δὲ
1372 4252 1435 4299 V:
1474 4247 1526 4299 δὲ
1552 4247 1623 4316 μὴ
1662 4247 1712 4299 δὲ
1737 4251 1816 4300 Ba
1844 4249 1934 4315 Sp.
2088 4248 2194 4318 βίᾳ]
2235 4248 2264 4317 β
2303 4249 2360 4299 in
2385 4249 2534 4300 lit.v
2707 4246 2770 4297 21
2823 4246 3006 4305 αὐτοὺς
3049 4248 3144 4311 (αἰ-

430 4335 585 4398 τίους)
612 4334 757 4387 Diels
901 4334 967 4387 22
994 4332 1187 4405 ὀργΙικά
1214 4335 1304 4401 (κὰ
1330 4336 1387 4387 in
1412 4336 1515 4402 lit.)
1537 4337 1613 4387 sic
1635 4339 1684 4386 V
1826 4335 1894 4387 23
1920 4333 2360 4407 προαιρουμένους]
2389 4351 2463 4403 pr.
2494 4353 2522 4386 υ
2547 4336 2603 4387 in
2633 4334 2709 4387 lit.
2735 4338 2780 4385 V
2924 4335 2991 4386 24
3027 4333 3148 4402 εἷεν]

430 4440 457 4472 ν
477 4424 532 4475 in
556 4423 632 4476 lit.
651 4425 694 4473 V
837 4422 901 4491 εἰ]
929 4423 1123 4475 oiVict.
1270 4424 1335 4475 25
1361 4423 1545 4481 αὐτοὺς
1562 4426 1679 4491 Sp.:
1705 4422 1890 4481 αὐτοὺς
1902 4428 1966 4475 V:
1997 4439 2097 4476 om.
2119 4443 2150 4476 a
2291 4429 2395 4476 τῶν
2424 4428 2601 4474 κακῶν
2629 4426 2890 4492 φρονοῦσιν
2903 4422 3144 4475 VFB¹S¹:

430 4510 579 4580 (μήτε
616 4512 725 4583 περὶ
760 4515 865 4563 τῶν
902 4518 1081 4562 κακῶν
1121 4509 1194 4568 ὡς
1227 4510 1397 4569 αὺτοῖς
1435 4508 1620 4574 ὄν>των
1658 4529 1709 4562 κ.
1748 4528 1832 4581 φρ.
1870 4511 2151 4563 Schwartz:
2198 4512 2262 4563 τὰ
2297 4511 2436 4563 κακὰ
2473 4511 2792 4579 πράττοντες,
2838 4516 2942 4561 τῶν
2983 4508 3035 4561 δὲ
3072 4508 3149 4575 (τε

432 4598 539 4665 Sp.)
577 4599 751 4667 νόμων
777 4602 1190 4669 καταφρονοῦσιν,
1232 4600 1295 4651 τὰ
1331 4601 1471 4651 κακοὶ
1514 4599 1609 4671 οὺχ
1645 4598 1913 4669 ἡγούμενοι
1957 4599 2082 4652 εἶναι
2117 4600 2257 4652 κακά
2282 4598 2448 4651 B²S²a
2471 4601 2560 4665 Sp.
2727 4596 2792 4648 27
2832 4596 3005 4649 αὐτοῖσ
3031 4601 3080 4648 V

433 4684 571 4738 αὐτοὶ
592 4688 673 4739 Ba
698 4689 814 4753 Sp.:
852 4686 1025 4739 αὒτοῖσ
1052 4690 1115 4739 V:
1154 4686 1327 4745 αὐτοῖς
1349 4690 1430 4741 FS
1594 4686 1679 4739 ὅτε
1702 4682 1753 4755 γ’
1781 4686 1842 4755 ἦν
1874 4687 2159 4739 Schwartz:
2199 4685 2282 4739 ὅτε
2315 4686 2415 4755 μὴν
2442 4686 2665 4739 VBFS¹:
2706 4684 2752 4736 εἴ
2783 4702 2836 4753 γε
2861 4684 2965 4737 B²a
2989 4688 3079 4752 Sp.

435 4772 499 4825 28
535 4772 592 4825 τὸ
631 4774 701 4845 μὴ
738 4776 969 4847 πράττειν
996 4772 1097 4826 13²2
1120 4776 1210 4839 Sp.
1371 4769 1432 4826 δι’
1460 4774 1493 4825 ἃ
1516 4774 1771 4844 γεγόνασιν
1810 4775 2026 4841 scripsi:
2065 4773 2398 4843 διαγεγόνασιν
2425 4773 2676 4827 VB¹S¹F2
2716 4771 2771 4824 ὃν
2811 4771 3148 4842 ὃιαγεγόνασιν

433 4859 597 4913 B²S²a
631 4864 719 4929 Sp.
883 4862 943 4915 31
989 4858 1227 4933 μοχθηρᾷ
1261 4861 1545 4915 Schwartz:
1588 4860 1824 4934 μοχθηρὰ
1865 4862 2114 4915 VFB¹S¹:
2153 4861 2325 4933 αἱρετοὶ
2360 4860 2529 4914 B²S²a
2564 4862 2652 4925 Sp.
2811 4860 2876 4911 τὰ
2915 4860 3081 4913 delevi

537 4968 682 5019 snppl.
712 4971 843 5011 Arist.
871 4970 915 5010 11
941 4966 969 5009 2
1024 4970 1149 5009 Alex.
1178 4972 1339 5019 scripta
1368 4971 1547 5009 minora.
2710 4949 2750 5012 9
