3684 5567
1439 259 1723 324 ΒιΒΛιοΝ
1769 259 2044 324 ΠΡΩΤΟΝ
2084 271 2221 324 7-3
3116 266 3191 336 17

572 446 746 514 σώζει
803 445 906 526 τὴν
963 441 1110 505 κατὰ
1163 443 1234 504 τὸ
1285 441 1428 525 πρός
1472 467 1523 506 τι
1580 443 1779 527 σχέσιν
1835 443 2139 526 οὐδέτερον
2196 442 2411 505 αὐτῶν.
2499 445 2593 507 καὶ
2650 445 2714 506 τὸ
2771 444 2973 507 λευκὸν
3020 442 3085 504 δὲ

570 548 666 610 καὶ
711 549 775 610 τὸ
809 548 1011 628 με’λαν,
1058 546 1211 608 καθὸ
1260 545 1362 626 μὲν
1409 546 1636 608 ἐναντία
1668 547 1963 628 ἀλλήλοις,
2010 547 2233 626 λέγεται
2276 545 2417 629 πρός
2460 570 2513 609 τι
2546 545 2641 609 καὶ
2687 543 2793 607 οὐκ
2838 545 3085 618 ἐναντία,

571 649 722 712 καθὸ
768 649 832 711 δὲ
879 649 942 710 τὸ
977 649 1082 731 μὲν
1129 649 1334 710 λευκὸν
1381 647 1605 710 τοιόνδε
1649 653 1885 732 χρῶμα,
1934 650 1997 710 τὸ
2046 650 2110 710 δὲ
2144 649 2325 732 μέλαν
2370 648 2617 720 τοιόνδε,
2658 648 2907 722 ἐναντία,
2955 645 3075 710 ἀλλ’
3114 662 3169 703 25

573 749 830 835 οὑ’πρός
875 773 950 812 τι.
1039 749 1111 812 τὰ
1155 751 1264 834 γὰρ
1319 751 1549 812 ἐναντία
1600 749 1860 813 καθόσον
1915 753 2018 833 μὲν
2071 753 2246 832 δηλοῖ
2295 752 2497 835 φύσεις
2551 751 2708 819 τινὰς
2758 748 2763 835 Ι
2816 754 3084 812 πλεῖστον
3123 757 3191 812 37

503 873 535 921 5
578 853 847 935 ἀλλήλων
893 851 1299 936 διαφερούσας,
1347 853 1414 916 οὐ
1461 855 1604 936 πρός
1649 876 1724 915 τι·
1792 851 2047 917 καθόσον
2096 854 2159 916 δὲ
2206 854 2391 922 οὕτως
2436 855 2803 935 ὀνομάζεται,
2850 850 2991 935 πρός
3034 876 3087 915 τι
3155 890 3157 893 -

571 955 746 1020 ἐστίν.

597 1197 766 1259 VIII.
860 1195 1040 1278 Πρὸς
1082 1197 1157 1258 τὸ
1205 1197 1296 1279 μὴ
1343 1195 1522 1259 εἶναι
1565 1197 1638 1260 τὸ
1685 1196 1873 1266 εἶδος
1918 1197 1985 1260 ἐν
2036 1202 2114 1281 τῇ
2166 1199 2293 1279 ὕλῃ
2344 1200 2433 1266 ὡς
2478 1197 2547 1259 ἐν
2594 1195 3066 1278 ὑποκειμένῳ.

745 1364 895 1451 Πρὸς
939 1369 1004 1430 τὸ
1051 1369 1131 1450 μὴ
1180 1367 1326 1430 εἶναι
1370 1368 1435 1429 τὸ
1481 1366 1636 1435 εἶδος
1689 1367 1750 1430 ἐν
1796 1373 1874 1450 τῇ
1931 1369 2045 1450 ὕλῃ
2093 1371 2174 1437 ὡς
2221 1368 2279 1430 ἐν
2328 1367 2723 1450 ὑποκειμένῳ,
2782 1367 2932 1450 μηδὲ
2977 1369 3082 1450 τὴν
3138 1381 3167 1422 ὃ

571 1469 767 1553 ψυχὴν
811 1469 872 1530 ἐν
919 1472 1004 1552 τῷ
1052 1472 1281 1549 σώματι
1327 1467 1398 1550 ἧν
1429 1468 1762 1554 λεγόμενον,
1811 1472 1897 1534 ὅτι
1943 1473 2087 1553 πρὸς
2132 1473 2196 1534 τὸ
2242 1470 2389 1534 εἶναι
2434 1477 2507 1551 τῇ
2556 1471 2670 1552 ὕλῃ
2717 1470 2972 1552 ἐνεργείᾳ
3018 1471 3081 1531 τὸ

473 1591 535 1638 lo
570 1572 722 1639 εἶδος
764 1570 944 1634 αἴτιον
987 1569 1086 1652 (οὐ
1131 1571 1240 1654 γὰρ
1285 1570 1408 1634 οἷόν
1453 1595 1516 1634 τε
1561 1571 1707 1634 εἶναι
1750 1573 1931 1656 αὐτὴν
1988 1573 2049 1636 ἐν
2097 1573 2411 1636 ὑποστάσει
2467 1574 2648 1657 χωρὶς
2697 1577 2799 1634 τοῦ
2845 1570 3087 1654 εἴδους),

571 1675 637 1738 τὸ
682 1672 736 1736 δ’
803 1673 864 1736 ἐν
913 1673 1275 1758 ὑποκειμένῳ
1332 1673 1396 1736 ὃν
1451 1673 1512 1736 ἔν
1568 1675 1675 1737 τινί
1728 1675 1882 1738 ἐστιν
1937 1675 2197 1758 ἐνεργείᾳ
2250 1674 2369 1738 ὄντι
2424 1674 2455 1737 ὃ
2504 1674 2737 1738 δύναται
2790 1673 2934 1736 εἶναι
2988 1676 3083 1736 καὶ
3115 1691 3167 1731 ιο

573 1778 756 1862 χωρὶς
799 1779 900 1838 τοῦ
947 1777 1008 1839 ἐν
1055 1776 1421 1862 ὑποκειμένῳ
1468 1777 1630 1862 αὐτῷ
1679 1776 1863 1847 ὄντος.
1952 1779 2095 1861 πρὸς
2140 1777 2171 1839 ὃ
2218 1776 2556 1839 ἀντέπιπτεν
2604 1779 2667 1840 τὸ
2714 1777 2813 1839 καὶ
2858 1777 2928 1839 τὰ
2976 1780 3087 1840 σώ-

575 1903 728 1962 ματα
773 1879 1126 1962 βοηθεῖσθαι
1173 1881 1279 1960 μὲν
1327 1880 1471 1962 πρὸς
1513 1881 1579 1942 τὸ
1627 1879 1772 1942 εἶναι
1817 1879 1879 1941 ἐν
1926 1881 2241 1943 ὑποστάσει
2288 1880 2399 1942 ὑπὸ
2446 1883 2562 1942 τῶν
2610 1879 3084 1965 συμβεβηκότων,

571 1981 732 2063 εἴγε
778 1985 892 2044 πᾶν
941 1986 1113 2064 σῶμα
1159 1982 1382 2064 ἀνάγκη
1431 1981 1578 2064 μετὰ
1624 1982 1930 2066 σχήματος
1974 1981 2125 2045 εἶναί
2166 2006 2314 2050 τινος
2357 1983 2453 2045 καὶ
2499 1985 2835 2066 χρώματος,
2883 1982 3089 2062 ὁμολο·
3119 1997 3171 2039 15

471 2105 531 2153 15
569 2085 798 2166 γεῖσθαι
843 2084 908 2146 δὲ
939 2088 1118 2147 ταῦτα
1165 2084 1225 2146 ἐν
1274 2084 1640 2166 ὑποκειμένῳ
1686 2085 1832 2148 εἶναι
1877 2089 1964 2169 τῷ
1999 2087 2247 2168 σώματι.
2318 2085 2423 2148 οὐκ
2469 2084 2753 2167 αὔταρκες
2796 2082 2896 2147 οὖν
2942 2085 3085 2167 πρὸς

569 2189 635 2251 τὸ
683 2188 764 2271 μὴ’
811 2185 956 2250 εἶναι
1002 2187 1062 2249 ἐν
1109 2186 1476 2270 ὑποκειμένῳ
1524 2188 1630 2249 τινὶ
1683 2187 1748 2249 τὸ
1794 2191 2089 2251 συντελεῖν
2134 2193 2219 2272 τῷ
2268 2188 2633 2271 ὑποκειμένῳ
2682 2187 2843 2272 αὐτῷ
2892 2187 2976 2254 εἰς
3018 2187 3083 2249 τὸ

572 2289 718 2353 εἶναι
765 2289 826 2351 ἐν
871 2289 1207 2352 ὑποστάσει.
1284 2289 1322 2370 ἢ
1369 2289 1422 2351 εἰ
1469 2287 1572 2372 μέν
1618 2313 1672 2351 τι
1716 2289 1918 2358 ἁπλῶς
1966 2293 2227 2353 συντελεῖ
2266 2313 2375 2352 τινι
2418 2291 2499 2359 εἰς
2546 2291 2610 2352 τὸ
2656 2290 2800 2352 εἶναι
2845 2290 2905 2351 ἐν
2954 2291 3087 2352 ὑπο·
3114 2306 3171 2348 20

571 2393 798 2468 στάσει,
855 2391 924 2454 οὐ
969 2393 1293 2454 κεκώλυται
1345 2395 1518 2454 τοῦτο
1571 2390 1632 2454 ἐν
1686 2391 2053 2477 ὑποκειμένῳ
2108 2378 2259 2456 εἶναι
2312 2392 2504 2476 αὐτῷ,
2560 2395 2643 2461 ὥς
2696 2393 2945 2476 ἐδείχθη
2991 2393 3087 2455 ἐπὶ

569 2499 671 2558 τοῦ
718 2497 991 2576 σώματος
1035 2495 1130 2556 καὶ
1174 2499 1278 2577 τῆς
1324 2493 1649 2577 ποιότητος,
1695 2493 1768 2577 ἧς
1814 2495 2001 2580 χωρὶς
2047 2495 2326 2559 ἀδύνατον
2370 2493 2523 2558 εἶναι’
2562 2519 2615 2558 τι
2660 2495 2722 2558 ἐν
2770 2496 3087 2559 ὑποστάσει

467 2617 535 2665 20
573 2603 781 2681 σῶμα·
827 2597 882 2658 εἰ
925 2595 991 2659 δέ
1021 2619 1074 2659 τι
1119 2595 1212 2679 εἴη
1259 2599 1341 2666 ὡς
1388 2597 1565 2681 μέρος
1607 2601 1919 2660 συντελοῢν
1964 2597 2152 2681 τούτῳ
2198 2599 2259 2661 ἐν
2300 2593 2351 2682 ᾧ
2402 2597 2547 2672 ἐστι,
2592 2601 2761 2660 τοῦτο
2807 2598 2922 2682 οὐχ
2967 2596 3089 2661 οἷόν
3117 2613 3173 2655 25

572 2725 632 2764 τε
685 2701 745 2762 ἐν
793 2699 1158 2782 ὑποκειμένῳ
1214 2699 1359 2762 εἶναι
1403 2700 1591 2784 τούτῳ
1650 2698 1719 2762 οὔ
1775 2699 1899 2762 ἐστι
1945 2699 2139 2785 μέρος.
2229 2701 2297 2763 τὸ
2350 2701 2416 2764 δὲ
2468 2701 2623 2768 εἶδος
2677 2701 2863 2785 τούτῳ
2919 2700 2979 2762 ἐν
3034 2695 3085 2784 ᾧ

573 2804 755 2878 ἐστιν,
813 2807 891 2872 ὡς
942 2800 948 2886 Ι
999 2801 1178 2886 μέρος
1221 2805 1529 2866 συντελοῦν
1574 2803 1857 2887 φαίνεται.
2012 2807 2041 2865 ῖ
2082 2805 2186 2885 μὲν
2230 2803 2341 2888 γὰρ
2396 2803 2499 2886 τὴν
2547 2804 2784 2886 ζήτησιν
2838 2807 2940 2865 τοῦ
2988 2801 3086 2864 πό·
3124 2809 3195 2866 38

531 2929 733 2994 ,τερον
789 2909 873 2974 ὣς
916 2905 980 2968 ἐν
1028 2905 1394 2989 ὑποκειμένῳ
1451 2905 1564 2968 τινί
1603 2905 1726 2968 ἐστι
1780 2907 1847 2968 τὸ
1900 2905 2275 2990 προκείμενον
2330 2907 2369 2990 ἢ
2418 2907 2498 2989 μὴ
2546 2905 2843 2968 ποιεῖσθαι
2887 2905 3088 2989 λαβόν-

570 3031 670 3078 τας
714 3032 766 3070 τι
811 3012 1076 3092 πρᾶγμα,
1131 3007 1193 3069 ἐν
1241 3005 1292 3092 ᾧ
1339 3007 1463 3071 ἐστι
1522 3008 1625 3090 μὲν
1681 3013 1851 3070 τοῦτο
1906 3009 2035 3091 περὶ
2092 3007 2161 3071 οὑ
2206 3010 2245 3092 ἡ
2293 3011 2561 3093 ζήτησις,
2616 3012 2868 3090 ζητεῖται
2914 3010 2979 3070 δὲ
3025 3010 3089 3070 τὸ
3144 3025 3173 3067 5

463 3129 530 3178 25
570 3115 694 3179 πῶς
739 3111 894 3174 ἐστιν
940 3111 1002 3173 ἐν
1047 3109 1233 3195 αὐτῷ’.
1326 3111 1359 3172 ὁ
1403 3110 1514 3194 γὰρ
1559 3111 1784 3179 δεικνὺς
1827 3109 1917 3173 ὅτι
1959 3113 2025 3173 τὸ
2072 3113 2276 3174 λευκὸν
2332 3112 2393 3173 ἐν
2441 3105 2669 3193 σώματι
2715 3114 2797 3179 ὡς
2842 3111 2901 3173 ἐν
2949 3112 3084 3174 ὑπο-

569 3213 850 3297 κειμένῳ,
895 3213 1092 3297 λαβών
1137 3235 1190 3274 τι
1235 3218 1438 3294 σῶμα,
1484 3215 1544 3276 ἐν
1592 3207 1643 3298 ᾧ
1693 3215 1759 3275 τὸ
1804 3212 2011 3276 λευκόν
2057 3215 2207 3290 ἐστι,
2252 3213 2347 3276 καὶ
2394 3213 2579 3283 δείξας
2626 3211 2690 3276 ὂν
2736 3213 2796 3276 ἐν
2840 3217 2927 3297 τῷ
2974 3216 3085 3276 σώ-

572 3339 705 3398 ματι
748 3315 894 3379 αὐτὸ
941 3318 1090 3399 μήτε
1136 3318 1218 3383 ὡς
1263 3313 1438 3399 μέρος
1469 3314 1630 3398 μήθ’
1687 3319 1770 3384 ὡς
1814 3318 2130 3398 δυνάμενον
2184 3317 2371 3401 χωρὶς
2423 3316 2603 3379 αὑτοῦ
2660 3315 2807 3378 εἶναι
2852 3313 3085 3392 ἔδειξεν,

572 3418 658 3481 ὅτι
703 3419 859 3481 ἐστὶν
913 3420 974 3481 ἐν
1025 3417 1392 3500 ὑποκειμένῳ
1447 3417 1635 3504 αὐτῷ’.
1725 3419 1880 3481 οὕτω
1927 3419 1991 3480 δὲ
2037 3419 2131 3480 δεῖ
2181 3419 2278 3482 καὶ
2330 3419 2429 3481 τὸν
2475 3422 2759 3502 ζητοῦντα
2811 3419 2941 3502 περὶ
2985 3423 3088 3482 τοῦ
3117 3417 3175 3479 10'

571 3517 788 3595 εἴδους,
842 3519 1086 3604 πότερον
1133 3521 1193 3582 ἐν
1240 3519 1605 3604 ὑποκειμένῳ
1652 3521 1805 3584 ἐστὶν
1853 3522 1890 3604 ἢ
1940 3523 2051 3605 μή,
2106 3523 2302 3605 λαβεῖν
2346 3544 2400 3583 τι
2444 3526 2699 3600 τοιοῦτο,
2754 3521 2816 3585 ἐν
2863 3517 2914 3607 ᾧ
2966 3521 3089 3586 ἐστι

463 3641 535 3690 3ο
572 3623 677 3706 μὲν
723 3621 836 3706 ἤδη
881 3623 948 3684 τὸ
993 3620 1176 3698 εἶδος,
1224 3625 1480 3706 ζητεῖται
1524 3624 1590 3686 δὲ
1635 3623 1700 3685 τὸ
1747 3629 1891 3692 πῶς.
1983 3624 2043 3686 ἐν
2092 3623 2195 3706 μὲν
2242 3621 2341 3686 οὖν
2387 3628 2464 3706 τῇ
2512 3624 2653 3706 ὕλῃ,
2700 3625 2753 3686 εἰ
2799 3625 2934 3688 καθ’
2990 3625 3088 3688 αὑ-

572 3727 675 3809 τὴν
720 3725 1103 3809 λαμβάνοιτο,
1161 3721 1328 3786 οὔπω
1372 3725 1495 3788 ἐστὶ
1539 3727 1604 3788 τὸ
1650 3725 1804 3794 εἶδος
1859 3725 1978 3808 (διὸ
2033 3722 2156 3788 οὐδ’
2215 3727 2284 3789 ἂν
2339 3729 2599 3809 ζητοῖτο,
2654 3731 2784 3796 πῶς
2828 3728 2979 3792 ἐστιν
3026 3729 3086 3791 ἐν
3115 3744 3169 3786 15

569 3827 720 3911 αὐτῇ
764 3828 831 3890 τὸ
881 3828 1033 3911 μηδὲ
1075 3828 1179 3910 τὴν
1227 3827 1420 3912 ἀρχὴν
1467 3826 1531 3890 ὂν
1577 3829 1636 3890 ἐν
1683 3829 1891 3911 αὐτῇ),
1937 3829 2066 3891 ἐπεὶ
2110 3829 2175 3892 δέ
2220 3829 2373 3892 ἐστιν
2426 3829 2487 3892 ἐν
2531 3835 2610 3912 τῇ
2658 3829 3080 3915 συναμφοτέρῳ

575 3930 744 4014 οὐσίᾳ
787 3930 854 3992 τὸ
897 3934 1156 3992 τοιοῦτον
1200 3929 1385 4002 εἶδος,
1445 3931 1565 4015 χρὴ
1612 3931 1839 3994 τοιοῦτό
1895 3954 1949 3993 τι
1994 3932 2547 4016 προχειρισαμένους
2606 3931 2701 3994 ἐπ’
2758 3934 2935 3996 αὐτοῦ
2980 3935 3084 4016 τὴν

572 4033 808 4117 ζήτησιν
875 4032 1188 4095 ποιεῖσθαι.
1286 4031 1438 4094 ἀλλὰ
1494 4033 1607 4115 μὴν
1664 4033 1734 4115 ἣν
1789 4031 1858 4094 ἂν
1915 4033 2187 4118 λάβωμεν
2244 4034 2679 4118 συναμφότερον
2736 4034 2965 4116 οὐσίαν,
3024 4037 3084 4099 ἐν
3114 4053 3171 4095 2⁰

463 4330 515 4384 3.
551 4333 584 4384 4
621 4330 780 4384 ἄλλου
816 4350 849 4383 ιι
1027 4330 1059 4382 9
1096 4330 1314 4404 ἑνεργεία
1339 4335 1389 4382 V
1561 4333 1625 4384 10
1667 4331 1770 4404 οἶόν
1809 4350 1865 4384 τε
1898 4347 2026 4385 corr.
2061 4350 2127 4386 ex
2163 4352 2350 4386 οιονται
2374 4336 2444 4388 V¹
2629 4336 2683 4386 ll
2728 4353 3047 4405 υποκειμενω
3075 4342 3123 4389 V

468 4417 529 4469 12
567 4417 900 4487 ὑποκειμένου
922 4419 995 4471 V¹
1031 4419 1183 4486 (corr.
1208 4417 1300 4484 ν’)
1473 4419 1533 4470 16
1573 4419 1643 4488 μὴ
1675 4421 1774 4473 del.
1795 4421 1888 4488 Sp.
2052 4421 2115 4473 18
2152 4421 2211 4474 οὑ
2240 4423 2331 4493 γὰρ
2353 4423 2422 4475 13²
2582 4422 2651 4474 20
2686 4423 2876 4492 τούτῳ]
2914 4428 3064 4476 τοῦτο
3091 4443 3123 4477 a

463 4504 548 4558 22.
587 4505 654 4559 23
709 4504 946 4578 πότερον]
997 4521 1024 4556 ο
1071 4505 1127 4557 in'
1163 4505 1244 4558 lit.
1283 4509 1346 4556 V:
1405 4520 1534 4558 corr.
1573 4523 1636 4558 ex
1683 4507 1924 4579 πρότερον
1960 4511 2031 4561 B:
2091 4509 2331 4578 πρότερον
2366 4513 2491 4562 FLa
2668 4509 2736 4562 24
2789 4527 2837 4561 τι
2876 4510 3031 4564 VS‘2a
3067 4512 3191 4580 Sp.:

461 4591 522 4644 τὸ
557 4595 717 4645 FS¹L
914 4591 980 4644 27
1031 4589 1211 4651 ἔδειξεν
1249 4593 1306 4644 in
1344 4592 1418 4645 lit.
1459 4597 1508 4644 V
1687 4594 1754 4647 28
1810 4595 1863 4648 δὲ
1902 4594 1977 4648 δεῖ
2010 4597 2097 4648 καὶ
2136 4601 2181 4648 V
2225 4597 2361 4649 Vict.
2400 4597 2514 4663 Sp.:
2570 4596 2814 4650 δέδεικται
2850 4601 2932 4650 FS
2972 4599 3051 4665 (in
3091 4615 3194 4666 mg.

461 4678 559 4746 δεῖ)
593 4683 673 4732 La
849 4678 916 4731 29
951 4697 1002 4731 τι
1035 4683 1236 4732 τοιοῦτο
1257 4679 1432 4734 ‘GFSa
1455 4680 1568 4747 Sp.:
1609 4700 1656 4734 τι
1692 4687 1842 4735 τοῦτο
1868 4687 1959 4735 VB
2139 4683 2209 4736 30
2246 4684 2464 4752 ζητεῖται
2484 4685 2629 4736 VS‘2a
2653 4684 2771 4752 Sp.:
2809 4685 2949 4755 ζητεῖ
2971 4687 3122 4741 FS.¹L

462 4765 526 4818 31
569 4766 769 4837 ζητοῖτο
805 4769 902 4819 VB
941 4767 1076 4819 coni.
1115 4767 1228 4834 Sp.:
1287 4766 1460 4836 ζητοίη
1498 4767 1558 4820 τὸ
1597 4771 1761 4822 GFsa
2012 4770 2078 4822 32
2134 4772 2213 4840 τῷ
2250 4774 2295 4824 G
2406 4767 2414 4775 ’
2545 4769 2602 4823 ὃν
2654 4772 2706 4824 ἐν
2743 4772 2929 4825 13²S²a
2967 4773 3081 4842 Sp.:
3140 4774 3193 4826 ἐν

463 4855 763 4908 vB¹S¹GL
975 4853 1258 4910 τὸ-ἑστὶν
1297 4869 1395 4906 σω.
1437 4857 1476 4906 F

570 4959 716 5012 Suppl.
745 4961 878 5000 Arist.
905 4961 948 5000 11
975 4955 1004 5000 2
1057 4961 1182 5000 Alex.
1211 4962 1368 5011 scripta
1402 4963 1578 5002 minora.
2748 4946 2787 5010 2
