3684 5567
1946 1357 2055 1431 IV

1109 1544 1242 1620 DE
1296 1543 1808 1620 CODICIBUS
1874 1545 2139 1622 LIBRI
2201 1547 2333 1622 DE
2398 1544 2876 1621 MIXTIONE

808 1821 974 1906 Περὶ
1017 1823 1341 1906 κράσεως
1385 1821 1503 1885 καὶ
1546 1820 1912 1904 αὐξήσεως
1952 1820 2102 1887 huic
2144 1822 2307 1888 libro
2350 1821 2667 1906 inscripsi,
2714 1827 2779 1887 et
2808 1820 3193 1890 auctoritate
3224 1843 3354 1888 mo-

629 1947 733 2006 tus
779 1940 1018 2006 codicis
1062 1941 1138 2024 A,
1209 1941 1292 2006 de
1348 1960 1474 2023 quo
1527 1938 1695 2004 infra
1748 1940 2081 2026 disseram,
2138 1948 2203 2008 et
2254 1947 2633 2023 argumento
2687 1939 2887 2006 libelli
2940 1941 3005 2006 in
3049 1961 3175 2024 quo
3220 1945 3350 2027 περὶ

632 2059 896 2143 κράσεως
925 2060 1138 2144 agitur
1182 2059 1266 2125 ab
1311 2059 1492 2124 initio
1539 2079 1738 2144 usque
1780 2058 1870 2125 ad
1914 2061 2166 2145 233,14,
2210 2060 2363 2126 inde
2406 2080 2608 2142 usque
2652 2059 2738 2124 ad
2782 2059 2975 2127 finem
3020 2063 3151 2145 περὶ
3180 2061 3351 2146 αὐξή-

633 2200 816 2264 σεως;
890 2180 968 2246 cf.
1026 2185 1364 2266 praeterea
1430 2179 1656 2262 214,17
1715 2180 1949 2264 216,14
2004 2181 2237 2264 218,14
2289 2179 2500 2264 228,6.
2598 2179 2682 2245 de
2734 2179 3118 2264 discrimine,
3179 2179 3349 2262 quod

633 2299 800 2366 inter
845 2306 1047 2386 κρᾶσιν
1104 2307 1168 2367 et
1215 2299 1360 2383 μῖξιν
1402 2299 1760 2384 intercedit,
1819 2299 2045 2366 videas
2089 2302 2322 2385 228,26
2346 2322 2461 2384 sq.,
2519 2299 2690 2364 unde
2734 2297 2935 2382 liquet
2978 2295 3253 2364 Parisini
3296 2299 3351 2363 R

633 2426 700 2486 et
744 2420 1020 2487 Aldinae
1041 2419 1088 2504 ¹)
1131 2418 1390 2484 rubrum
1435 2420 1593 2503 περὶ
1640 2419 1893 2502 μίξεως
1936 2418 2171 2486 falsum
2226 2440 2388 2486 esse.
2489 2419 2747 2484 tert-ium
2802 2417 3053 2483 titulum
3098 2417 3351 2485 Themi-

631 2538 792 2603 stius
833 2538 1102 2623 praebet
1155 2539 1465 2626 (Paraph.
1520 2538 1712 2624 Phys.
1759 2539 1949 2604 Ausc.
1998 2541 2259 2624 25631)
2315 2540 2475 2624 περὶ
2530 2539 2880 2623 κράσεων,
2948 2558 3076 2621 quo
3144 2537 3351 2620 magis

629 2660 843 2743 placet
886 2659 1064 2725 libris
1110 2659 1402 2725 traditus.
1491 2657 1606 2725 sed
1650 2665 1824 2725 certo
1872 2659 1952 2725 de
2000 2660 2122 2726 hac
2167 2681 2235 2726 re
2265 2680 2395 2725 non
2425 2658 2575 2725 licet
2602 2658 2976 2742 diiudicare,
3022 2657 3175 2741 quia
3220 2677 3349 2723 non

629 2779 881 2862 integer
923 2778 1086 2847 liber
1129 2786 1422 2846 servatus
1466 2785 1582 2845 est.

802 2899 1109 2965 Codicum
1155 2899 1262 2982 qui
1309 2919 1454 2965 eum
1499 2898 1830 2964 continent
1874 2898 2023 2965 novi
2071 2897 2218 2965 hos:

525 3021 581 3084 A
807 3019 1102 3085 Vmerus
1154 3020 1532 3085 Mfflcnmus
1584 3019 1729 3104 257,
1794 3019 1863 3084 in
1917 3019 1987 3083 4⁰
2042 3019 2422 3086 chartaceus
2464 3018 2576 3086 fol.
2620 3019 2746 3085 283
2802 3016 3043 3087 saeculi
3098 3015 3349 3084 circiter

626 3138 758 3203 XII
803 3140 1152 3207 secundum
1197 3140 1446 3207 Zanetti
1491 3161 1554 3225 p.
1591 3141 1750 3224 1273
1792 3139 2028 3206 rectius
2069 3139 2322 3206 Metelli
2368 3161 2429 3223 p.
2466 3139 2589 3204 144
2633 3158 2802 3205 saec.
2849 3139 3003 3205 XIV
3046 3158 3196 3204 eum
3236 3135 3349 3201 ad-

626 3257 866 3324 tribuit.
954 3259 1064 3325 fol.
1100 3260 1303 3325 1—11
1360 3259 1646 3325 continet
1689 3262 1819 3344 περὶ
1864 3261 2129 3345 κράσεως
2182 3259 2277 3322 καὶ
2330 3256 2651 3342 αὐξήσεως,
2720 3265 3072 3342 sequuntur
3126 3256 3345 3340 Varia,

627 3398 897 3461 quorum
943 3375 1306 3462 catalogum
1335 3398 1378 3444 a
1409 3378 1703 3444 Zanettio
1735 3377 2094 3445 confectum
2125 3378 2455 3444 Motellius
2486 3378 2763 3444 correxit
2790 3379 2832 3444 l.
2866 3399 2922 3444 c.
3010 3377 3345 3462 permultis

627 3497 1025 3580 compendiis
1077 3518 1429 3582 parumque
1472 3497 1816 3582 diligenter
1858 3499 2133 3583 scriptus
2178 3505 2295 3583 est,
2350 3497 2559 3584 prima
2609 3498 2849 3581 pagina
2902 3497 3213 3582 temporis
3255 3496 3347 3561 iu-

624 3615 805 3696 iuriis
849 3617 1072 3684 attrita
1113 3621 1286 3686 lectu
1329 3617 1705 3684 difficillima
1749 3624 1866 3686 est.
1956 3618 2055 3685 bis
2096 3619 2236 3704 ipse
2280 3617 2520 3684 contuli
2570 3617 2729 3683 1881
2779 3624 2845 3684 et
2893 3617 3076 3683 1887.

797 3736 919 3815 Qui
964 3743 1316 3822 sequuntur
1359 3738 1614 3805 codices
1659 3737 1901 3805 saeculi
1946 3743 2095 3803 sunt
2136 3737 2259 3804 XV
2300 3738 2403 3804 vel
2445 3735 2598 3802 XVI

521 3857 572 3921 Β
799 3856 1304 3925 Taurinensis
1350 3859 1434 3922 94
1476 3855 1586 3922 fol.
1619 3857 1704 3922 84
1747 3857 1915 3923 inter
1956 3856 2139 3924 varia
2182 3861 2487 3940 excerpta
2530 3854 2986 3922 mathematica
3028 3863 3095 3921 et
3136 3856 3344 3941 philo-

623 3976 832 4060 sopha
875 3977 1046 4042 hunc
1088 3976 1372 4042 libellum
1418 3977 1702 4044 continet
1752 3976 1864 4043 fol.
1896 3976 2173 4043 43—55.
2262 3975 2499 4042 contuli
2543 3975 2703 4060 ipse.
2794 3973 2874 4040 cf.
2907 3975 3124 4042 Pasini
3169 3983 3343 4042 cata·

620 4095 839 4180 logum
884 4098 934 4181 I,
961 4098 1106 4164 184.

517 4218 572 4282 R
786 4217 1195 4283 Parisinus
1229 4217 1395 4284 1848
1427 4217 1709 4283 continet
1735 4215 1778 4284 f.
1806 4217 2140 4284 136—-147
2171 4222 2457 4283 nostrum
2481 4215 2769 4283 libellum
2810 4216 3109 4299 (contulit
3130 4217 3344 4301 Elter)

517 4337 560 4402 S
789 4336 1192 4403 Parisinus
1235 4336 1404 4402 2540
1447 4336 1491 4403 f.
1523 4338 1820 4404 93—138
1863 4335 2164 4422 (contulit
2206 4335 2414 4419 Elter)

515 4458 564 4522 P
779 4455 1182 4522 Parisinus
1227 4456 1395 4521 2028
1434 4455 1476 4520 f.
1513 4457 1844 4522 107-131
1896 4455 2164 4542 (contuli
2207 4455 2368 4539 ipse.
2446 4476 2668 4523 omnes
2712 4463 2845 4524 tres
2888 4455 3029 4522 libri
3059 4453 3341 4521 Parisini

616 4575 880 4640 Ioannis
924 4574 1254 4640 Francisei
1296 4574 1566 4641 Asulani
1613 4583 1814 4662 erant,
1862 4582 1933 4641 ut
1974 4577 2115 4660 ipse
2158 4575 2227 4640 in
2273 4573 2479 4660 primo
2522 4574 2676 4642 folio
2720 4575 3087 4658 adnotavit)

759 4773 798 4840 ¹)
835 4773 916 4827 Ex
941 4775 1136 4828 Aldina
1171 4777 1342 4828 autem
1379 4773 1586 4828 videtur
1620 4775 1676 4828 in
1702 4774 2003 4828 Pax-isinum
2038 4773 2085 4826 R
2120 4772 2309 4829 titulus
2345 4774 2565 4828 venisse.
2640 4790 2761 4827 nam
2798 4775 2857 4826 in
2894 4773 2991 4826 hoc
3027 4773 3132 4827 alia
3170 4789 3331 4826 manu

613 4861 846 4915 additum
883 4867 964 4916 est
999 4866 1228 4917 testante
1266 4863 1458 4916 Eltero.
