3684 5567
1512 279 1797 339 ΒιΒΛιοΝ
1835 279 2095 340 TPITON
2133 284 2166 337 3
3120 282 3205 351 85

574 454 881 539 σθητικήν,
936 454 1055 519 ἀλλ’
1112 453 1197 519 ἔτι
1247 454 1372 518 ἐστὶ
1430 456 1753 539 δυναμένης
1808 456 1986 525 ἕξεως
2037 455 2318 532 δεκτικόν,
2365 456 2641 539 γεννηθὲν
2695 457 2760 519 δὲ
2812 454 2942 541 ἔχει
2985 454 3089 536 τὴν

581 556 927 639 αἰσθητικὴν
970 556 1082 626 ἕξιν
1122 556 1327 632 εὑθὺς,
1375 558 1573 641 ὥσπερ
1616 559 1681 621 τὸ
1724 558 2014 642 ἀναλαβὸν
2055 558 2159 641 τὴν
2201 557 2580 642 ἐπιστήμην),
2627 556 2814 626 δείξας
2854 558 2919 621 δὲ
2961 558 3090 623 πῶς
3117 568 3174 611 2⁰

583 658 855 743 ἑκάτερον
887 664 1003 722 τῶν
1035 660 1273 741 δυνάμει
1304 658 1398 721 ἐπὶ
1431 664 1536 742 τῆς
1566 660 1904 743 αἰσθήσεώς
1935 660 2107 735 ἐστιν,
2153 660 2538 743 προσέθηκεν,
2565 658 2651 721 ὅτι
2681 660 2791 722 καὶ
2821 660 2898 721 τὸ
2929 651 3073 719 κατ’

575 757 936 844 ἐνέργειαν
980 762 1059 824 δὲ
1102 761 1487 825 αἰσθάνεσθαι
1532 762 1795 843 ὁμοίως
1848 761 2130 843 λέγεται
2174 767 2270 847 τῷ
2326 763 2626 845 θεωρεῖν
2671 783 2733 823 τε
2777 762 2873 823 καὶ
2918 762 3088 821 νοεῖν.

509 879 541 928 5
581 862 753 941 μόνον
797 863 905 947 γὰρ
938 864 1121 946 ταύτῃ
1154 863 1520 947 διαφέρουσιν
1566 864 1605 947 ἥ
1654 887 1716 926 τε
1754 863 2072 947 αἰσθητικὴ
2117 866 2216 927 καὶ
2262 864 2497 947 νοητικὴ
2540 862 2820 946 ἐνέργεια·
2869 860 3087 930 ἔξωθεν

572 962 681 1045 γὰρ
742 966 841 1028 καὶ
902 965 1006 1029 οὐκ
1067 966 1127 1028 ἐν
1189 970 1275 1048 τῷ
1320 963 1728 1049 αἰσθανομένῳ
1790 965 1886 1027 καὶ
1942 966 2009 1028 τὸ
2071 964 2428 1049 ἀκουόμενον
2489 962 2583 1028 ὑπ’
2640 965 2817 1027 αὐτοῦ
2882 963 2979 1026 καὶ
3024 961 3090 1025 τὸ
3117 974 3173 1018 25

578 1064 897 1149 ὁρώμενον,
936 1068 1175 1149 ’ὁμοίως
1226 1067 1291 1129 δὲ
1342 1067 1440 1129 καὶ
1494 1070 1609 1129 τῶν
1661 1065 1856 1130 ἄλλων
1910 1066 2170 1129 ἕκαστον.
2261 1066 2330 1129 οὑ
2383 1068 2566 1130 αἰτίαν
2621 1068 2941 1139 ἀπέδωκεν,
3002 1062 3090 1125 ὅτι

572 1167 611 1249 ἡ
658 1168 763 1248 μὲν
807 1168 1083 1253 αἴσθησις
1123 1169 1499 1251 ἀντιληπτικὴ
1546 1168 1669 1231 ἐστι
1699 1173 1815 1229 τῶν
1867 1166 1874 1253 Ι
1922 1168 2277 1243 καθέκαστα,
2325 1168 2438 1253 οὐχ
2469 1168 2590 1231 οἷόν
2621 1192 2686 1231 τε
2717 1170 2780 1231 δὲ
2811 1167 2956 1229 εἶναι
2987 1165 3046 1228 ἐν
3093 1168 3193 1225 16⁰

571 1272 659 1353 τῷ
708 1270 1140 1355 αἰσθανομένῳ,
1194 1270 1325 1333 ἀλλ’
1372 1270 1583 1333 οἰκείαν
1631 1269 1944 1335 ὑπόστασιν
1991 1268 2148 1355 ἔχει,
2202 1295 2240 1353 η
2289 1268 2336 1333 δ’
2394 1271 2689 1354 ἐπιστήμη
2735 1269 2831 1332 καὶ
2877 1270 2908 1331 ὂ
2955 1272 3088 1336 νοῦς

478 1390 541 1437 10
574 1375 692 1433 τῶν
738 1372 999 1437 καθόλου
1032 1373 1387 1457 θεωρητικά,
1433 1372 1472 1435 ἃ
1503 1371 1764 1436 καθόλου
1798 1372 1906 1440 οὑκ
1950 1370 2078 1457 ἔχει
2126 1372 2270 1435 ἰδίαν
2318 1373 2651 1447 ὑπόστασιν,
2699 1370 2818 1433 ἀλλ’
2861 1371 2928 1433 ἐν
2973 1370 3089 1433 αὖ·

570 1478 653 1555 τῇ
690 1476 834 1543 πώς
875 1474 1026 1538 ἐστι
1071 1478 1155 1557 τῇ
1205 1474 1514 1555 διανοίᾳ,
1559 1475 1625 1536 τὸ
1660 1472 1868 1545 ’πῶς’
1923 1474 2216 1558 προσθείς,
2265 1475 2353 1537 ὅτι
2398 1476 2434 1557 ἡ
2485 1476 2588 1558 μὲν
2635 1471 2947 1540 ὑπόστασις
2991 1472 3087 1534 καὶ
3141 1486 3169 1528 5

573 1575 796 1644 τούτοις
838 1577 937 1639 καὶ
981 1580 1083 1639 τοῦ
1128 1575 1276 1639 εἶναι
1320 1578 1359 1659 ἡ
1405 1575 1560 1638 αἰτία
1604 1575 1664 1637 ἐν
1710 1579 1829 1644 τοῖς
1873 1575 2228 1653 καθέκαστα,
2275 1580 2360 1644 ὥς
2402 1577 2467 1639 δὲ
2511 1575 2676 1639 κοινὰ
2720 1574 2782 1636 ἐν
2827 1578 2910 1657 τῷ
2946 1578 3112 1635 voss-⁸

576 1678 712 1740 σθαι
765 1678 832 1741 τὸ
884 1676 1031 1741 εἶναι
1074 1675 1233 1763 ἔχει,
1288 1678 1385 1740 καὶ
1440 1675 1594 1740 ἔστιν
1650 1680 1732 1745 ὥς
1783 1683 1993 1741 κοινῶν
2051 1676 2233 1741 ὄντων
2286 1680 2352 1740 τὸ
2407 1677 2552 1741 εἶναι
2607 1677 2667 1739 ἐν
2721 1681 2808 1760 τῷ
2863 1679 3086 1739 νοοῦντι

577 1778 725 1841 αὐτὰ
769 1783 878 1863 νῷ,
968 1781 1057 1843 διὸ
1103 1780 1202 1842 καὶ
1233 1783 1385 1841 νοεῖν
1431 1780 1536 1861 μὲν
1584 1776 1675 1863 ἐφ’
1720 1781 1880 1861 ἡμῖν,
1926 1780 2312 1845 αἰσθάνεσθαι
2359 1780 2423 1842 δὲ
2463 1777 2569 1840 οὐκ
2613 1776 2706 1860 ἐφ’
2749 1778 2912 1860 ἡμῖν,
2957 1775 3086 1837 ἐπεὶ
3114 1790 3169 1833 ιο

470 1900 533 1949 15
569 1881 713 1964 πρὸς
756 1882 937 1966 παρὸν
986 1882 1091 1964 μὲν
1136 1882 1233 1943 καὶ
1278 1880 1560 1964 παρόντος
1602 1883 1641 1965 ἡ
1689 1879 1992 1963 αἴσθησις,
2039 1882 2146 1946 οὐκ
2189 1881 2284 1965 ἐφ’
2341 1884 2480 1966 ἡμῖν
2525 1880 2590 1941 δὲ
2633 1880 2672 1961 ἡ
2718 1884 2835 1940 τῶν
2880 1876 3085 1959 αἰσθη·

570 1990 685 2046 τῶν
716 1984 1025 2068 παρουσία,
1072 1986 1154 2051 ὡς
1192 1982 1290 2046 ὅτε
1322 1983 1663 2067 βουλόμεθα
1709 1980 1870 2067 ἔχειν
1911 1983 2078 2046 αὐτά.
2151 1986 2230 2052 ὥς
2275 1983 2341 2046 δὲ
2385 1983 2446 2045 αἱ
2475 1981 2781 2064 αἰσθήσεις
2826 1976 3084 2064 ἔχουσιν,

566 2084 753 2152 οὕτως
796 2086 894 2147 καὶ
946 2087 1007 2149 αἱ
1053 2084 1275 2169 τέχναι,
1333 2084 1465 2147 ὅσαι
1512 2085 1643 2167 περὶ
1686 2085 1964 2169 αἰσθητά.
2055 2084 2123 2148 οὐ
2168 2084 2278 2169 γὰρ
2321 2085 2422 2147 ἐπὶ
2465 2087 2585 2151 τοῖς
2629 2082 2837 2149 ταύτας
2881 2079 3088 2165 ἔχουσι
3113 2096 3167 2139 ιτ)

567 2188 633 2248 τὸ
678 2187 929 2271 ἐνεργεῖν
975 2188 1073 2251 ὅτε
1120 2187 1440 2272 βούλονται,
1497 2192 1583 2269 τῷ
1631 2188 1747 2249 δεῖν
1792 2187 1991 2256 αὐτοῖς
2035 2190 2298 2271 παρεῖναι
2352 2186 2424 2249 τὰ
2469 2187 2600 2268 περὶ
2655 2184 2694 2247 ἃ
2738 2184 3080 2265 ἐνεργοῦσιν.

566 2288 960 2372 ὑπερθέμενος
1017 2288 1083 2351 δὲ
1126 2290 1192 2351 τὸ
1247 2289 1378 2371 περὶ
1430 2294 1537 2372 τῆς
1590 2292 1708 2351 τῶν
1763 2290 2064 2373 αἰσθητῶν
2118 2312 2182 2351 τε
2235 2290 2330 2351 καὶ
2375 2293 2598 2371 νοητῶν
2655 2289 2934 2369 διαφορᾶς
2986 2286 3083 2348 ἐπὶ

470 2410 537 2456 20
574 2390 747 2453 πλέον
792 2395 889 2454 νῦν
935 2391 1091 2472 λέγει
1134 2393 1201 2453 τὸ
1247 2391 1351 2473 μὲν
1397 2396 1547 2453 νοεῖν
1594 2390 1689 2475 ἐφ’
1744 2392 1915 2474 ἡμῖν,
1961 2393 2028 2454 τὸ
2075 2393 2141 2455 δὲ
2185 2390 2574 2454 αἰσθάνεσθαι
2619 2387 2726 2451 οὐκ
2771 2385 2864 2471 ἐφ’
2921 2388 3081 2470 ἡμῖν,
3109 2405 3167 2447 2⁰

569 2493 639 2556 τὰ
686 2493 964 2577 εἰρημένα
1020 2493 1087 2555 δὲ
1129 2494 1225 2555 καὶ
1271 2492 1603 2575 δεδειγμένα
1657 2498 1731 2575 τῇ
1779 2492 2055 2574 αἰσθήσει
2112 2492 2449 2578 ἐφαρμόσας
2502 2490 2774 2554 ἀπέδωκε
2828 2490 2925 2552 τὸν
2970 2513 3084 2555 κοι-

563 2595 661 2656 νὸν
715 2592 887 2677 λόγον
941 2600 1047 2679 τῆς
1100 2596 1453 2678 αἰσθήσεως.
1556 2592 1768 2664 ἔδειξεν
1821 2595 1930 2679 γὰρ
1983 2600 2244 2680 πρῶτον,
2303 2595 2433 2657 ἐπεὶ
2488 2596 2674 2677 διχῶς
2725 2592 2950 2673 λέγεται
3009 2594 3076 2655 τὸ

564 2697 803 2778 δυνάμει
849 2694 1073 2779 (ἄλλως
1116 2696 1227 2780 γὰρ
1272 2696 1499 2779 λέγεται
1544 2697 1577 2759 ὑ
1623 2701 1760 2765 παῖς
1802 2696 2086 2760 δύνασθαι
2132 2700 2470 2781 στρατηγεῖν
2515 2697 2614 2759 καὶ
2657 2696 2690 2758 ὑ
2723 2694 2941 2763 τέλειος
2984 2693 3081 2759 ἄλ-

559 2802 703 2867 λως·
770 2798 938 2867 οὗτος
990 2798 1101 2882 γὰρ
1152 2798 1267 2883 οὐχ
1324 2800 1542 2881 ὁμοίως
1595 2804 1680 2882 τῷ
1737 2800 1842 2881 τὴν
1909 2800 2014 2883 μὲν
2075 2799 2186 2868 ἕξιν
2249 2797 2446 2883 ἔχοντι
2500 2797 2745 2880 μηδέπω
2811 2798 2876 2861 δὲ
2929 2799 3080 2882 ἐνερ·
3106 2814 3162 2857 25

458 2919 524 2969 25
561 2900 811 2983 γοῦντι),
866 2900 1016 2964 κατὰ
1057 2902 1125 2963 τὸ
1170 2900 1436 2984 δεύτερον
1493 2901 1920 2984 σημαινόμενον
1978 2905 2082 2965 τοῦ
2129 2902 2368 2985 δυνάμει
2413 2901 2478 2962 τὸ
2524 2902 2767 2981 δυνάμει
2811 2900 3077 2963 αἰσθάνε-

562 3004 700 3067 σθαι
728 3005 827 3068 καὶ
871 3002 878 3089 Ι
926 3001 1035 3087 τὴν
1067 3004 1306 3085 δυνάμει
1336 3000 1611 3085 αἴσθησιν
1642 3003 1940 3085 λέγεσθαι.
2001 3002 2118 3067 ’ῶν
2149 3001 2469 3087 δυνάμεων’
2511 3003 2711 3080 εἰπών,
2749 3002 2907 3067 ιἐπεὶ
2947 3002 3055 3069 οὐκ
3095 3010 3182 3068 161

568 3108 905 3187 ὠνόμασται
935 3108 973 3189 ἡ
1006 3106 1277 3190 διαφορά,
1308 3105 1530 3189 φανερὰ
1560 3106 1626 3168 δὲ
1655 3104 1885 3187 γέγονεν
1916 3106 2012 3168 διὰ
2043 3111 2144 3170 τοῦ
2185 3106 2378 3189 λόγου,
2410 3107 2726 3190 χρῆσθαι
2771 3108 2837 3169 δὲ
2877 3104 3076 3189 ἀναγ-

556 3212 759 3272 καῖον
804 3210 900 3272 καὶ
945 3213 1039 3293 τῷ
1092 3209 1393 3291 πάσχειν
1450 3209 1564 3271 καὶ
1612 3213 1699 3293 τῷ
1747 3209 2217 3272 ἀλλοιοῦσθαι
2263 3212 2352 3277 ὥς
2394 3208 2663 3292 κυρίοις
2710 3207 3066 3291 ὀνόμασιν’
3133 3226 3161 3269 5

559 3311 653 3375 ἐπὶ
683 3318 788 3397 τῆς
820 3312 1146 3396 μεταβολῆς
1178 3314 1281 3392 τῆς
1312 3310 1379 3373 ἐκ
1414 3314 1518 3393 τῆς
1547 3311 1697 3374 κατὰ
1727 3311 1965 3394 δύναμιν
1997 3310 2332 3396 αἰσθήσεως
2362 3311 2444 3380 εἰς
2474 3312 2579 3395 τὴν
2609 3311 2916 3395 ἐνέργειαν,
2949 3314 3073 3377 ἐπεὶ

450 3431 519 3481 30
558 3417 640 3501 μὴ
672 3414 887 3500 ἔχομεν
919 3414 1070 3478 ἄλλα
1099 3412 1224 3476 τινὰ
1254 3411 1513 3494 ὀνόματα
1543 3415 1714 3496 κὺρια
1744 3412 1958 3488 αὑτῶν,
1984 3413 2166 3499 ἦλθεν
2199 3413 2295 3475 ἐπὶ
2323 3414 2389 3475 τὸ
2422 3414 2591 3495 λόγον
2625 3414 2940 3477 ἀποδοῦναι
2969 3420 3075 3498 τῆς

554 3517 909 3600 αἰσθήσεως,
950 3518 1045 3580 καὶ
1091 3515 1250 3579 εἶπεν
1296 3517 1370 3579 τὸ
1415 3516 1839 3599 αἰσθητικὸν
1887 3517 2180 3598 δυνάμει
2227 3514 2372 3579 εἶναι
2419 3515 2566 3578 οἷον
2612 3517 2686 3579 τὸ
2733 3517 3073 3599 αἰσθητὸν

558 3618 689 3704 ἤδη
722 3620 1135 3704 ἐντελεχείᾳ
1166 3616 1339 3696 ἐστίν,
1386 3618 1473 3681 ὅτι
1502 3620 1763 3703 πάσχει
1810 3620 1932 3701 μὲν
1966 3618 2078 3681 ὑπὸ
2111 3622 2213 3681 τοῦ
2245 3618 2529 3701 αἰσθητοῦ
2561 3618 2796 3683 οὐδέπω
2827 3619 3072 3702 ὅμοιον
3101 3637 3156 3680 ιο

556 3722 627 3785 ὃν
669 3722 871 3799 αὐτοῦ,
915 3720 1106 3783 παθὸν
1152 3720 1218 3782 δὲ
1264 3722 1625 3801 ὡμοίωται
1670 3722 1784 3784 καὶ
1830 3718 2016 3784 ἔστιν
2061 3720 2210 3783 οἷον
2257 3721 2520 3796 ἐκεῖνο,
2574 3723 2640 3785 τὸ
2672 3722 2737 3785 δὲ
2766 3724 2955 3787 παθὸν
2988 3728 3068 3794 ὥς

554 3824 678 3891 ἴσον
709 3828 823 3887 πᾶν
854 3824 893 3907 ἢ
926 3828 1011 3907 τῷ
1037 3822 1363 3885 ἀλλοιωθὲν
1394 3822 1573 3886 εἶπεν.
1638 3824 1896 3892 ἀποδοὺς
1927 3824 1992 3887 δὲ
2025 3828 2224 3886 τοῦτον
2256 3825 2353 3886 τὸν
2388 3822 2557 3907 λόγον
2589 3824 2704 3909 οὐχ
2737 3829 2817 3894 ὡς
2846 3829 3058 3911 κυρίως

445 3948 511 3997 35
550 3927 714 3997 ὄντος
743 3931 845 3990 τοῦ
876 3924 1283 4001 αἰσθάνεσθαι,
1331 3926 1483 3989 ἀλλὰ
1516 3926 1614 3989 διὰ
1644 3927 1748 4010 τὴν
1780 3932 1897 3990 τῶν
1929 3926 2139 4010 κυρίων
2183 3926 2484 4009 ὀνομάτων
2517 3926 2760 4011 ἀπορίαν
2785 3929 3064 4017 (ἐδείχθη
3095 3946 3147 3991 15

447 4168 471 4220 1
502 4167 604 4238 ῐχει
624 4168 673 4220 G
689 4164 828 4219 vict.
847 4162 963 4232 Sp.=
990 4162 1063 4215 ἔτι
1090 4162 1195 4236 ἔχει
1214 4166 1280 4215 F:
1320 4162 1395 4215 ἔτι
1414 4165 1569 4215 vna:
1597 4162 1695 4215 del.
1716 4162 1778 4217 8⁸³
1902 4164 1936 4215 4
1975 4163 2193 4217 fortasse
2219 4162 2282 4233 δὴ
2411 4163 2440 4215 7
2466 4162 2679 4216 ἕκαστον
2705 4166 2914 4233 scripsi:
2956 4166 3172 4221 ἑκάστου

442 4256 561 4309 libri
657 4251 717 4306 οὑ
736 4250 905 4305 Diels:
934 4250 1021 4303 οὖν
1047 4250 1171 4305 libri
1266 4250 1299 4303 8
1324 4249 1739 4321 1οτ1ιεεεε(ἂ>οὑχ
1766 4250 1868 4303 οἶόν
1893 4269 1948 4303 τε
1969 4249 2070 4320 [δὲ]
2171 4252 2229 4303 11
2261 4252 2327 4325 τῇ
2352 4266 2450 4304 om.
2473 4268 2504 4303 a
2524 4250 2615 4318 Sp.
2715 4252 2779 4304 14
2805 4251 2934 4305 αὑτὰ
2959 4256 3169 4323 scripsi:

442 4341 584 4410 αὐτῷ
608 4340 729 4395 libri
840 4338 904 4391 16
933 4336 1190 4408 βολόμεθα
1211 4343 1260 4391 V
1366 4336 1639 4408 αἰσθήσεις]
1668 4338 1719 4390 αἰ
1744 4354 1785 4391 s,
1808 4356 1856 4390 v.
1881 4343 1926 4390 V
2037 4340 2101 4391 17
2127 4339 2314 4396 ταύτας
2338 4340 2550 4406 scripsi:
2587 4344 2746 4391 ταῦτα
2772 4340 2893 4395 libri
3006 4344 3068 4395 18
3093 4346 3172 4413 τῷ

441 4428 577 4483 coni.
598 4428 711 4496 Sp.:
738 4430 831 4479 τοῦ
849 4425 969 4480 libri
1080 4426 1149 4481 20
1173 4426 1291 4480 fort.
1311 4425 1463 4479 πλέον
1483 4425 1685 4495 (λέγειν)
1790 4430 1879 4477 νῦν
1905 4426 2056 4496 λέγει]
2084 4431 2142 4479 ὗν
2167 4426 2298 4495 λέγει
2321 4430 2378 4479 in
2402 4426 2480 4479 lit.
2505 4430 2550 4477 V
2663 4426 2725 4477 21
2757 4426 2810 4480 δὲ
2829 4427 2942 4495 Sp.:
2969 4446 3023 4480 τε
3049 4430 3168 4485 libri

440 4516 507 4569 26
534 4514 738 4582 δυνάμει
764 4510 992 4583 αἴσθησιν
1015 4516 1061 4567 G
1080 4513 1216 4565 vict.
1236 4512 1350 4581 Sp.:
1380 4511 1586 4580 δύναμιν
1612 4510 1839 4583 αἰσθήσει
1861 4516 2074 4567 vFBSa
2199 4514 2266 4565 28
2303 4513 2384 4565 ἐπὶ
2410 4527 2508 4566 om.
2535 4531 2567 4565 a
2593 4512 2680 4580 Sp.
2807 4512 2874 4565 29
2902 4516 3006 4567 ἐπεὶ
3031 4518 3166 4570 coni.

439 4603 548 4671 Sp.:
576 4601 648 4654 ἔτι
672 4601 931 4655 eiVFBS=
959 4600 1033 4653 ἔτι
1058 4600 1246 4653 ἑπεὶθε
1277 4598 1354 4653 ὅτι
1381 4601 1597 4653 ἀνίαις
1626 4598 1701 4653 ὅτι
1722 4602 1808 4669 Sp.
1830 4602 1888 4653 in
1915 4604 2062 4653 textu
2170 4600 2334 4653 31.3·2
2358 4600 2456 4669 ἤδη
2482 4598 2762 4671 ἐντελεχείᾳ
2781 4600 2871 4668 Sp.
2893 4618 2958 4655 ex
2975 4604 3164 4656 Arist.=

438 4689 536 4760 ἤδη
563 4688 841 4761 ἐντελέχειά
853 4689 1013 4741 Vict.:
1039 4688 1072 4757 ἡ
1098 4686 1150 4739 δὲ
1178 4686 1454 4759 ἐντελέχειά
1482 4688 1601 4741 libri
1700 4687 1767 4739 3⁶2
1794 4687 1924 4739 ἐστίν
1954 4704 2055 4741 om.
2075 4692 2134 4753 F,
2154 4690 2243 4742 sed
2271 4686 2500 4751 cf.86,29
2598 4685 2674 4739 ὅτι
2701 4689 2914 4756 scripsi:
2944 4688 2970 4741 ὃ
3001 4690 3118 4743 libri

438 4779 617 4847 πάσχει
637 4780 725 4831 GF
752 4777 883 4829 Vict.
906 4775 1023 4845 Sp.:
1059 4780 1160 4827 πᾶσ
1186 4774 1289 4848 ἔχει
1312 4777 1479 4829 vBSa
1586 4774 1653 4827 33
1693 4776 1813 4841 πᾶν]
1850 4775 2068 4829 fortasse
2096 4775 2155 4827 ἂν
2264 4775 2332 4829 34
2357 4776 2389 4845 ἡ
2417 4776 2496 4844 τῷ
2517 4777 2612 4827 Sa:
2650 4774 2682 4843 ἠ
2709 4792 2786 4825 τω
2808 4778 2870 4827 V:
2909 4777 2940 4847 ή
2965 4784 3041 4829 τῶ
3069 4778 3162 4831 13¹:

436 4865 470 4934 ἠ
493 4863 646 4918 τὸΒί
672 4864 705 4936 ἡ
731 4863 791 4917 τὸ
812 4867 921 4919 ΘΕι
941 4862 1003 4933 ἠν
1029 4864 1106 4931 τῷ
1124 4864 1260 4915 coni.
1283 4862 1389 4930 Sp.:
1419 4862 1639 4915 fortasse
1664 4862 1756 4931 εἴη
1784 4863 1872 4931 τῷ·
1977 4861 2074 4915 ἀπὸ
2095 4862 2269 4915 δοὺσν
2380 4862 2543 4915 34.35
2568 4862 2785 4916 fortasse
2811 4864 2982 4935 κύριον
3007 4864 3128 4919 ὄντα
