3684 5567
535 262 661 327 170
1413 264 1874 324 ΑΛΕΞΑΝΔΡΟΥ
1911 266 2366 326 ΑΦΡΟΔΙΣΙΕΩΣ

640 432 834 502 αὐτοῖς
879 432 1007 520 ἔχει
1054 438 1147 499 καὶ
1194 438 1258 500 τὸ
1305 438 1461 521 παρὰ
1506 438 1675 521 φύσιν
1721 442 1816 504 καὶ
1861 444 2094 523 γίνεται,
2143 441 2254 505 ὑπό
2301 466 2450 511 τινος
2495 442 2680 511 αἰτίας
2725 441 2944 513 ἔξωθεν
2977 442 3154 526 ἐμπο·

638 534 937 619 δισθείσης
980 543 1085 622 τῆς
1127 539 1359 622 φύσεως
1403 541 1486 609 εἰς
1528 542 1594 603 τὸ
1641 540 1803 625 ἔργον
1849 545 1914 607 τὸ
1961 546 2210 629 ἑαυτῆς.
2302 547 2390 608 διὸ
2452 543 2588 609 οὔτε
2642 546 2703 615 ἐξ
2757 546 3011 629 ἀνάγκης
3061 542 3154 607 ἄν·

640 639 879 721 θρωπος
923 640 983 709 ἐξ
1030 642 1347 725 ἀνθρώπου
1395 642 1513 706 ἀλλ’
1562 646 1643 713 ὥς
1688 645 1783 707 ἐπὶ
1830 648 1894 709 τὸ
1941 651 2226 723 πλεῖστον,
2273 650 2425 711 ὥστε
2457 651 2550 711 καὶ
2591 650 2737 711 κατὰ
2769 650 2871 731 τὴν
2905 647 3152 731 ὡρίσθαι
3183 655 3240 700 1⁰

640 743 925 826 δοκοῦσαν
971 745 1328 826 προθεσμίαν
1376 749 1492 815 τοῖς
1537 747 1860 830 γινομένοις
1898 749 2046 812 κατὰ
2092 750 2260 833 φύσιν
2306 750 2548 813 ἕκαστον
2603 757 2718 814 τῶν
2773 751 2959 819 οὕτως
3011 774 3156 832 γινο·

570 861 600 910 5
643 842 832 924 μένων
880 846 971 907 ἀεὶ
1018 848 1247 927 γίνεται.
1340 846 1502 917 ὄντος
1548 850 1611 911 δὲ
1658 850 1717 912 ἐν
1764 856 1886 919 τοῖς
1928 851 2244 933 γινομένοις
2292 852 2441 915 κατὰ
2481 854 2651 936 φύσιν
2683 854 2782 917 καὶ
2813 851 2970 937 <τοῦ>
2999 852 3156 936 παρὰ

640 945 830 1027 φύσιν,
900 948 1101 1031 ὥσπερ
1155 951 1251 1012 καὶ
1309 950 1367 1012 ἐν
1413 956 1533 1020 τοῖς
1578 952 1727 1014 κατὰ
1772 954 2006 1037 τέχνην,
2052 958 2256 1039 χώραν
2305 953 2372 1017 ἂν
2419 952 2551 1038 ἔχοι
2601 956 2697 1018 καὶ
2741 954 2802 1017 ἐν
2846 958 2965 1023 τοῖς
3010 954 3156 1017 κατὰ

639 1050 745 1129 τὴν
790 1050 1147 1135 εἱμαρμένην
1192 1052 1511 1133 γινομένοις
1555 1055 1619 1117 τὸ
1667 1055 1822 1136 παρὰ
1881 1057 1984 1138 τὴν
2040 1057 2415 1140 εἱμαρμένην,
2483 1055 2623 1120 ὥστ’
2679 1057 2730 1119 εἰ
2774 1060 2975 1141 χώραν
3023 1054 3150 1139 ἔχει
3181 1072 3236 1117 15

639 1152 705 1213 τὸ
752 1152 906 1235 παρὰ
952 1152 1122 1236 φύσιν
1168 1156 1262 1215 καὶ
1312 1155 1391 1237 μὴ
1440 1158 1605 1217 κενόν
1651 1155 1805 1220 ἐστιν
1838 1154 2042 1238 ὄνομα,
2091 1157 2222 1242 ἔχοι
2255 1157 2323 1221 ἄν
2355 1160 2414 1222 ἐν
2446 1164 2566 1228 τοῖς
2594 1159 2916 1241 γινομένοις
2945 1162 3148 1243 χώραν

642 1254 735 1315 καὶ
781 1256 846 1316 τὸ
894 1254 1051 1338 παρὰ
1094 1256 1200 1338 τὴν
1246 1256 1619 1339 εἱμαρμένην.
1710 1259 1797 1321 διὸ
1845 1260 1942 1323 καὶ
1987 1260 2142 1341 λέγοι
2195 1285 2280 1329 τις
2332 1259 2402 1323 ἂν
2454 1260 2710 1343 εὐλόγως
2775 1261 2878 1342 τὴν
2939 1260 3150 1323 οἰκείαν

538 1374 601 1421 10
638 1354 807 1438 φύσιν
854 1357 1044 1441 ἀρχὴν
1077 1357 1324 1421 ἑκάστου
1369 1359 1465 1422 καὶ
1509 1360 1694 1423 αἰτίαν
1724 1360 1872 1425 εἶναι
1898 1367 2004 1444 τῆς
2033 1367 2148 1424 τῶν
2177 1362 2491 1443 γινομένων
2521 1362 2582 1425 ἐν
2614 1363 2778 1447 αὐτῷ
2809 1362 2956 1425 κατὰ
2985 1362 3152 1446 φύσιν
3179 1378 3237 1421 so

640 1459 875 1527 τάξεως.
975 1460 1090 1524 ἀπὸ
1135 1462 1348 1544 ταύτης
1391 1462 1499 1547 γὰρ
1545 1467 1625 1531 ὡς
1671 1464 1765 1526 ἐπὶ
1826 1465 1891 1526 τὸ
1945 1467 2212 1528 πλεῖστον
2265 1464 2331 1527 οἵ
2365 1489 2426 1527 τε
2483 1465 2593 1550 βίοι
2643 1472 2759 1528 τῶν
2825 1466 3155 1547 ἀνθρώπων

638 1562 742 1644 τὴν
788 1560 941 1629 τάξιν
986 1563 1079 1625 καὶ
1124 1564 1183 1626 αἱ
1231 1566 1625 1648 καταστροφαὶ
1669 1568 2078 1651 λαμβάνουσιν.
2169 1567 2400 1651 ὁρῶμεν
2431 1571 2566 1649 γοῦν
2615 1566 2703 1629 ὅτι
2747 1568 2842 1631 καὶ
2886 1568 2951 1630 τὸ
2984 1572 3158 1647 σῶμα

636 1668 721 1747 τῷ
769 1667 921 1727 τοῖον
968 1665 1007 1747 ἢ
1052 1670 1206 1728 τοῖον
1253 1664 1398 1729 εἶναι
1442 1667 1549 1750 τὴν
1594 1669 1763 1752 φύσιν
1812 1670 1906 1731 καὶ
1953 1669 2013 1731 ἐν
2060 1668 2251 1738 νόσοις
2296 1670 2393 1731 καὶ
2439 1670 2500 1732 ἐν
2531 1670 2778 1753 φθοραῖς
2813 1670 3154 1737 ἀκολούθως

637 1770 711 1848 τῇ
778 1772 998 1850 φυσικῇ
1068 1770 1345 1831 συστάσει
1398 1770 1629 1851 γίνεται,
1696 1770 1763 1833 οὐ
1820 1772 1934 1853 μὴν
1989 1770 2048 1839 ἐξ
2106 1772 2385 1855 ἀνάγκης·
2435 1773 2624 1834 ἱκαναὶ
2677 1771 2786 1855 γὰρ
2843 1771 3151 1855 ἐκκροῦσαι
3179 1788 3235 1830 25

536 1888 595 1937 15
634 1869 737 1952 τὴν
815 1870 1041 1933 τοιάνδε
1104 1870 1255 1939 τάξιν
1320 1872 1647 1955 ἐπιμέλειαί
1714 1896 1776 1935 τε
1840 1875 1936 1936 καὶ
2000 1872 2190 1957 ἀέρων
2261 1873 2582 1955 ὑπαλλαγαὶ
2649 1875 2744 1937 καὶ
2822 1873 3156 1957 προστάξεις

641 1973 849 2055 ἰατρῶν
895 1974 989 2037 καὶ
1039 1973 1363 2058 συμβουλαὶ
1412 1976 1585 2038 θεῶν.
1679 1976 1825 2039 κατὰ
1871 1976 1938 2039 δὲ
1981 1977 2078 2038 τὸν
2114 1974 2287 2039 αὐτὸν
2320 1973 2531 2058 τρόπον
2563 1976 2662 2038 καὶ
2694 1976 2789 2037 ἐπὶ
2820 1980 2925 2059 τῆς
2955 1980 3156 2059 ψυχῆς

638 2074 799 2155 εὕροι
844 2098 927 2143 τις
972 2074 1039 2138 ἂν
1086 2075 1242 2159 παρὰ
1286 2077 1391 2159 τὴν
1437 2080 1690 2161 φυσικὴν
1722 2078 2083 2160 κατασκευὴν
2117 2076 2427 2161 διαφόρους
2456 2076 2756 2159 γινομένας
2787 2078 3019 2161 ἑκάστῳ
3050 2077 3152 2144 τάς
3177 2092 3236 2135 ao

638 2200 703 2239 τε
746 2176 1109 2260 προαιρέσεις
1150 2180 1245 2242 καὶ
1288 2180 1390 2247 τὰς
1434 2179 1665 2262 πράξεις
1712 2182 1807 2243 καὶ
1853 2180 1987 2248 τοὺς
2032 2179 2206 2264 βίους.
2297 2178 2446 2263 ἦθος
2488 2178 2596 2261 γὰρ
2657 2179 2988 2263 ἀνθρώπων
3041 2179 3155 2241 δαί-

642 2303 767 2359 μων
815 2280 961 2342 κατὰ
1005 2280 1102 2343 τὸν
1139 2278 1535 2365 Ἡράκλειτον,
1580 2284 1838 2347 τουτέστι
1884 2282 2072 2365 φύσις.
2165 2285 2247 2351 ὥς
2290 2282 2387 2344 ἐπὶ
2431 2282 2496 2343 τὸ
2552 2284 2822 2344 πλεῖστον
2873 2280 2982 2366 γὰρ
3028 2284 3152 2349 ταῖς

531 2402 598 2448 20
636 2387 906 2465 φυσικαῖς
954 2390 1333 2452 κατασκευαῖς
1376 2407 1441 2446 τε
1486 2385 1581 2449 καὶ
1626 2384 1954 2449 διαθέσεσιν
1999 2387 2102 2454 τάς
2148 2407 2208 2447 τε
2252 2383 2482 2467 πράξεις
2525 2385 2620 2447 καὶ
2678 2382 2812 2452 τοὺς
2859 2384 3014 2468 βίους
3059 2382 3154 2445 καὶ

640 2486 741 2553 τὰς
785 2484 1191 2569 καταστροφόις
1236 2484 1427 2549 αὐτῶν
1484 2486 1827 2557 ἀκολούθως
1884 2488 2022 2550 ἰδεῖν
2083 2485 2222 2552 ἔστι.
2313 2492 2396 2571 τῷ
2455 2487 2558 2569 μὲν
2613 2485 2722 2569 γὰρ
2775 2485 3156 2570 φιλοκινδύνῳ
3195 2490 3258 2547 18

635 2588 733 2651 καὶ
780 2589 992 2670 θρασεῖ
1032 2586 1199 2670 φύσει
1245 2586 1429 2671 βίαιός
1473 2612 1555 2658 τις
1600 2590 1693 2653 καὶ
1742 2591 1775 2651 ὁ
1820 2590 2071 2659 θάνατος
2113 2594 2196 2658 ὡς
2239 2590 2334 2652 ἐπὶ
2379 2590 2444 2651 τὸ
2491 2592 2756 2651 πλεῖστον
2813 2588 2990 2670 (αὕτη
3044 2587 3153 2670 γὰρ

638 2691 678 2772 ἡ
724 2694 830 2773 τῆς
872 2689 1107 2772 φύσεως
1150 2690 1523 2774 εἱμαρμένη),
1568 2697 1653 2775 τῷ
1702 2691 1766 2754 δέ
1809 2715 1876 2773 γε
1921 2692 2232 2775 ἀκολάστῳ
2285 2692 2388 2773 τὴν
2443 2692 2612 2774 φύσιν
2667 2688 2731 2752 τό
2785 2712 2848 2753 τε
2901 2688 2964 2751 ἐν
3017 2690 3148 2772 ἣδο-

636 2796 761 2860 ναῖς
804 2792 1091 2860 τοιαύταις
1136 2796 1392 2876 καταζῆν
1423 2794 1518 2856 καὶ
1564 2795 1595 2856 ὁ
1642 2798 1756 2857 τῶν
1802 2795 2070 2878 ἀκρατῶν
2117 2795 2260 2878 βίος,
2307 2792 2376 2856 ἂν
2423 2796 2505 2877 μή
2546 2816 2600 2856 τι
2631 2794 2863 2856 κάλλιον
2894 2792 2955 2855 ἐν
2986 2792 3150 2877 αὐτῷ
3207 2808 3236 2851 5

530 2914 596 2964 25
635 2894 941 2978 γενόμενον
987 2893 1297 2977 ἐμποδίζῃ,
1341 2894 1453 2980 (τῷ
1503 2896 1568 2957 δὲ
1614 2894 1965 2980 καρτερικῷ)
2019 2895 2166 2958 κατὰ
2221 2896 2390 2979 φύσιν
2435 2896 2496 2958 αἱ
2540 2898 2656 2957 τῶν
2701 2893 2893 2957 πόνων
2939 2894 3153 2977 ὑπομο-

632 3001 724 3060 ναὶ
790 2997 887 3060 καὶ
954 2998 1014 3059 αἱ
1068 2996 1451 3060 κακοπάθειαι
1504 2997 1600 3060 καὶ
1653 2995 1765 3082 (αἱ)
1812 2998 1872 3060 ἐν
1917 3001 2039 3067 τοῖς
2093 2997 2370 3066 τοιούτοις
2421 3001 2523 3060 τοῦ
2577 2997 2703 3081 βίου
2759 2998 3151 3080 καταστροφαὶ

535 3270 557 3321 1
600 3269 689 3321 alt.
724 3268 812 3320 καὶ
857 3266 995 3320 infra
1040 3282 1245 3320 versum
1286 3271 1335 3318 V
1555 3270 1597 3320 1.
1638 3267 1669 3319 2
1716 3264 2204 3339 παρεμποδισθείσης
2241 3268 2297 3319 ⁸²
2509 3266 2540 3317 2
2579 3264 2716 3334 οὔτε]
2764 3266 2985 3319 fortasse
3023 3265 3138 3319 οὐδὲ

530 3357 562 3409 3
600 3356 651 3415 ἐξ
689 3372 731 3407 s·
760 3372 807 3408 v,
846 3360 911 3405 V:
949 3369 1049 3406 om.
1088 3356 1141 3405 αι
1357 3354 1427 3413 ὡς
1465 3354 1645 3407 V²a¹²=
1702 3353 1799 3407 οὐκ
1839 3356 1908 3406 V¹
2131 3354 2288 3417 ὥστε]
2325 3350 2443 3405 ὅθεν
2481 3354 2532 3405 a‘
2749 3354 2836 3405 καὶ
2873 3354 2974 3406 del.
3011 3354 3154 3406 Diels

530 3444 562 3496 5
600 3441 696 3494 οὐκ
735 3442 810 3494 ἀεὶ
848 3440 1114 3494 Schultess
1152 3444 1199 3495 Ο
1412 3446 1505 3493 τοῦ
1543 3441 1659 3493 add.
1697 3442 1865 3494 Lond.
1895 3446 1940 3495 O
2157 3441 2188 3493 6
2227 3440 2407 3513 τέχνην
2443 3444 2555 3504 <tos
2582 3440 2715 3512 παρὰ
2741 3442 2946 3512 τέχνην)
2983 3442 3118 3493 coni.
3143 3444 3188 3495 Ο

528 3531 558 3582 7
600 3530 710 3599 ἔχοι
747 3528 801 3581 ³²
984 3528 1047 3579 12
1084 3528 1178 3597 τὴν
1216 3528 1572 3599 καταστροφὴν
1608 3528 1687 3581 8²:
1736 3529 1788 3581 αὶ
1825 3529 2132 3600 ἀναστροφαὶ
2168 3526 2239 3581 13²
2427 3527 2570 3597 γοῦν]
2609 3526 2696 3580 οὖν
2733 3526 2790 3578 2²
2989 3528 3261 3596 ὁρῶμεν-

532 3616 667 3686 βίους
704 3616 837 3681 (18)]
878 3616 997 3668 Eus.
1036 3632 1116 3682 pr.
1142 3632 1220 3667 ev.
1247 3616 1335 3681 VI,
1364 3614 1410 3667 9.
1439 3614 1791 3667 270c—270d
2006 3615 2068 3667 13
2106 3622 2244 3667 τοῖον
2281 3616 2361 3668 bis
2398 3616 2583 3683 scripsi
2626 3614 2679 3666 of
2719 3614 2801 3666 Al.
2828 3614 2904 3667 De
2929 3630 3014 3667 an.
3046 3614 3258 3677 169,36:

528 3703 665 3756 τοιὸν
703 3705 785 3756 bis
830 3703 975 3754 libri:
1028 3702 1218 3754 τοιόνδε
1265 3704 1343 3755 bis
1390 3702 1646 3754 Eusebius
1820 3702 1872 3754 ἐν
1911 3708 2033 3755 ante
2072 3700 2280 3773 φθοραῖς
2327 3716 2426 3753 om.
2469 3702 2724 3755 Eusebius
2759 3700 2816 3753 ε’
3005 3703 3068 3755 14
3104 3720 3262 3755 κατα-

530 3792 697 3843 στάσει
722 3790 935 3842 Eusebii
975 3806 1028 3856 p.
1057 3789 1089 3839 l.
1269 3787 1459 3857 ὁμοίως
1496 3788 1576 3841 ἐπὶ
1612 3790 1817 3842 πάντων
1855 3788 1968 3841 οὐδὲ
2006 3788 2057 3849 ἐξ
2095 3790 2318 3857 ἀνάγκης
2343 3788 2600 3841 Eusebius
2781 3788 2844 3841 15
2889 3787 3133 3848 πολλάκις
3163 3791 3260 3858 τὴν

528 3894 791 3947 Eusebius
1004 3891 1199 3945 τοιάνδε
1237 3894 1317 3945 a¹=
1364 3883 1557 3946 τοιάνδε
1596 3894 1670 3945 sie
1706 3896 1771 3945 V:
1827 3894 1965 3945 τοιὰν
2001 3892 2054 3943 δὲ
2090 3892 2284 3944 Lond.:
2340 3891 2578 3961 τοιαύτην
2619 3892 2829 3945 Eusebii
2867 3910 2918 3960 p.
2956 3893 2989 3943 l.
3027 3892 3083 3945 α’

528 3979 691 4048 τάξιν]
741 3978 838 4038 ἕξιν
878 3979 1135 4032 Eusebius
1332 3998 1388 4033 τε
1427 3996 1523 4033 om.
1566 3980 1821 4032 Eusebius
2015 3979 2202 4049 ἀέρων]
2243 3978 2369 4048 βίων
2409 3980 2664 4033 Eusebius
2861 3980 2922 4031 16
2961 3978 3259 4049 συμβουλίαι

532 4067 787 4119 Eusebius
971 4066 1396 4136 κατὰ-τρόπον]
1439 4066 1601 4125 οὕτως
1640 4067 1854 4119 Eusebii
1892 4083 1940 4133 p.
1972 4067 2003 4117 l.
2188 4066 2250 4117 17
2306 4066 2439 4118 κατὰ
2476 4069 2523 4120 Ο
2711 4066 2996 4135 γινομένας]
3051 4067 3104 4119 ἐν
3153 4068 3256 4119 Eu-

531 4153 706 4205 sebius
915 4153 992 4204 17.
1037 4152 1099 4204 18
1153 4154 1243 4211 τάς
1295 4171 1351 4205 τε
1404 4169 1504 4206 om.
1550 4153 1807 4206 Eusebius
2060 4152 2122 4204 18
2176 4154 2268 4210 τὰς
2317 4168 2416 4205 om.
2467 4154 2724 4206 Eusebius
2987 4155 3104 4211 τοὺς
3153 4168 3255 4206 om.

532 4238 789 4292 Eusebius
1004 4239 1140 4307 βίους
1176 4238 1226 4299 ἐξ
1273 4240 1536 4309 ἀσκήσεως
1584 4240 1671 4292 καὶ
1715 4239 1815 4291 ἀπὸ
1853 4238 2175 4309 μαθημάτων
2221 4242 2308 4291 καὶ
2356 4239 2454 4313 ἀπὸ
2493 4238 2656 4309 λόγων
2695 4241 2996 4309 κρειττόνων
3035 4238 3256 4309 βελτιου-

529 4326 697 4393 μένων
734 4326 993 4378 Eusebius
1206 4324 1463 4397 ἀνθρώπῳ
1502 4326 1666 4378 Lond.
1707 4330 1752 4380 O
1970 4326 2030 4377 21
2074 4322 2385 4384 ἀκολούθους
2423 4326 2588 4379 Lond.
2629 4328 2745 4381 Cas.
2783 4330 2830 4381 Ο
3033 4326 3256 4397 φιλοκιν-

530 4414 649 4484 δύνη
678 4414 731 4465 a¹
911 4413 977 4464 22
1016 4412 1073 4465 τὸ
1112 4428 1211 4467 om.
1239 4412 1295 4465 a²³
1474 4413 1543 4465 23
1578 4431 1634 4482 γε
1671 4428 1770 4464 om.
1811 4413 1978 4465 Lond.
2006 4417 2051 4467 O
2233 4412 2300 4464 24
2336 4418 2562 4481 καταγῆν
2599 4413 2654 4466 a²
2833 4414 2891 4467 ἂν
2929 4415 3026 4484 μή]
3064 4410 3170 4466 ἀλλ’
3211 4413 3260 4466 εἴ

530 4500 633 4555 12²0
812 4504 952 4570 αυτῷ
997 4504 1039 4551 V
1232 4500 1299 4553 25
1352 4501 1615 4570 γενόμενον
1662 4498 1902 4567 ἐμποδίζῃ
1955 4499 2138 4565 scripsi
2187 4498 2302 4551 coll.
2351 4500 2413 4552 de
2459 4516 2544 4551 au.
2589 4500 2807 4564 185‚16=
2857 4502 3124 4573 γενόμενον
3171 4500 3256 4552 ἐκ·

530 4587 666 4657 σείσῃ
715 4592 807 4656 τῆς
853 4586 1169 4651 <ἀκολασίας>
1207 4587 1373 4639 Diels:
1422 4586 1686 4656 γενόμενος
1734 4586 2014 4654 ἐκπισητησ
2059 4587 2134 4637 sic
2173 4589 2236 4637 V:
2291 4584 2556 4654 γενόμενος
2601 4588 2659 4640 ἐκ
2705 4589 2824 4661 πίση
2867 4592 2960 4657 τῆς
2994 4588 3071 4639 a¹z
3119 4588 3254 4653 γενό-

531 4691 678 4741 μενος
714 4674 901 4743 ἐκπέσῃ
940 4679 1030 4743 τῆς
1066 4678 1140 4726 H:
1186 4674 1455 4741 γενόμενον
1494 4674 1651 4745 ἐκστῇ
1689 4676 1782 4742 τῆς
1820 4676 1868 4724 Η
1905 4689 1980 4740 γρ.
2022 4672 2210 4724 ESKa²
2264 4673 2374 4736 (sed
2411 4673 2697 4742 γενώμενον
2733 4675 2808 4739 α’)
2845 4674 3011 4728 Lond.
3049 4672 3166 4726 Cas.
3203 4678 3252 4728 Ο

530 4761 641 4826 (sed
681 4764 770 4813 τοῦ
810 4777 901 4829 pro
938 4766 1029 4831 τῆς
1066 4761 1185 4814 Cas.
1225 4764 1291 4819 O)
1468 4760 1546 4828 τῷ
1579 4758 1631 4811 δὲ
1669 4759 1960 4831 καρτερικῷ
1995 4758 2174 4811 addidi
2213 4760 2328 4811 coll.
2367 4760 2431 4812 de
2469 4776 2552 4812 an.
2599 4762 2792 4828 185,29
2830 4761 3094 4826 (similiter
3119 4764 3166 4815 Ο
3195 4762 3254 4813 in

533 4848 676 4911 adn.)
854 4847 921 4901 26
958 4848 1010 4899 αὶ
1046 4848 1098 4899 ἐν
1134 4854 1237 4905 τοῖς
1260 4848 1371 4900 ES:
1412 4846 1463 4898 ἐν
1499 4852 1601 4904 τοῖς
1638 4846 1759 4900 8²0:
1800 4864 1889 4915 μεν
1926 4861 2035 4898 τοισ
2059 4846 2148 4898 V¹z
2186 4864 2279 4914 μεν
2315 4864 2364 4898 τι
2399 4854 2505 4905 τοῖς
2533 4852 2573 4899 V
2586 4848 2618 4900 ²:
2658 4850 2826 4918 μέντοι
2863 4854 2967 4907 τοῖς
3003 4849 3106 4900 H⁸¹
