3684 5567
592 198 717 263 102
1550 188 1856 248 AnoPmN
1893 188 2018 245 ΚΑΙ
2055 184 2322 244 Armes

694 368 841 453 ρίαις
890 372 985 435 διὰ
1036 372 1143 454 τὴν
1192 366 1531 450 συντροφίαν
1574 386 1641 427 τε
1690 364 1787 425 καὶ
1830 366 1936 447 τὴν
1981 365 2126 448 πρὸς
2177 361 2327 425 αὐτὰ
2371 358 2708 442 συνήθειαν,
2761 358 2878 442 ἤδη
2923 356 3042 441 χρὴ
3087 353 3185 439 μό-

694 494 819 539 ναις
858 474 1091 541 ταύταις
1118 470 1383 557 χρῆσθαι
1426 468 1621 551 μέτρῳ
1658 470 1763 550 τῆς
1792 467 2102 550 ἀληθείας·
2149 464 2318 528 οὐδὲν
2361 462 2432 525 ἃν
2477 468 2594 525 τῶν
2625 460 2852 543 ἀλόγων
2895 459 3038 543 πρὸς
3077 457 3184 539 τὴν
3208 472 3266 514 fl

696 578 905 655 γνῶσιν
948 580 1054 658 τῆς
1098 571 1378 657 ἀληθείας
1414 570 1805 655 διαφέροιμεν,
1849 571 2044 635 ἱκανὸν
2087 570 2198 653 γὰρ
2241 566 2438 635 αὐτοῖς
2480 566 2549 627 τὸ
2579 565 2640 627 ἐν
2682 569 2804 632 τοῖς
2831 562 3062 629 οἰκείας
3100 562 3182 623 αἰ-

694 676 937 759 σθητοῖς
980 676 1219 761 ἀληθές.
1306 674 1347 737 ἃ
1387 673 1441 738 δ’
1498 673 1605 737 οὐκ
1646 670 1801 737 ἔστιν
1855 674 2191 758 αἰσθήσεων
2235 671 2382 747 ἴδια,
2435 669 2650 732 ἄτοπον
2693 668 2760 730 τὸ
2797 668 2904 749 τὴν
2955 666 3018 728 ἐν
3059 664 3182 728 τοὺ-

624 798 655 846 5
692 802 813 847 τοις
854 782 1139 864 ἀλήθειαν
1192 784 1299 862 τῆς
1350 778 1421 840 ἐκ
1472 782 1591 839 τῶν
1645 776 1982 862 αἰσθήσεων
2036 775 2352 861 μαρτυρίας
2395 777 2588 836 πᾶσαν
2639 771 2934 855 ἠρτῆσθαι
2983 767 3185 851 λέγειν.
3212 782 3268 825 s

694 880 781 944 ὅτι
826 883 931 965 μὲν
978 880 1079 945 οὖν
1108 880 1343 963 εὔλογον
1386 879 1537 943 εἶναί
1576 904 1629 943 τι
1672 881 1772 943 καὶ
1812 884 1948 955 πᾶν,
1989 878 2058 943 οὖ
2105 879 2252 963 μέρη
2297 901 2362 941 τε
2409 883 2418 959 ξ
2466 878 2550 939 ὧν
2579 874 3006 959 αἰσθανόμεθα,
3049 874 3146 935 καὶ
3191 878 3289 935 m

694 984 826 1049 ὅσαι
870 985 1090 1049 τούτων
1135 984 1321 1069 ἀρχαί
1358 1006 1422 1046 τε
1466 984 1563 1045 καὶ
1606 984 1811 1057 αἰτίαι,
1857 984 2054 1047 ἱκανὸν
2101 984 2205 1066 μὲν
2251 986 2540 1065 συστῆσαι
2583 980 2650 1042 τὺ
2695 976 2830 1041 ὅλον
2873 1000 2936 1039 τε
2979 978 3077 1039 καὶ
3119 976 3186 1039 τὸ

698 1088 871 1171 μέρος
912 1090 1057 1173 πρὸς
1100 1087 1329 1171 ἄλληλα
1370 1086 1699 1169 λεγόμενον.
1772 1084 1841 1149 τό
1885 1109 1948 1149 τε
1989 1084 2102 1169 γὰρ
2147 1084 2322 1168 μέρος
2365 1084 2504 1146 ὅλου
2549 1082 2724 1165 μέρος
2763 1082 2934 1157 τινός,
2977 1081 3074 1143 καὶ
3114 1081 3182 1142 τὸ

700 1188 834 1252 ὅλον
877 1194 997 1259 τοῖς
1052 1190 1251 1275 μέρεσι
1308 1193 1583 1263 τοιοῦτον,
1638 1186 1701 1251 εἴ
1732 1188 1801 1269 γέ
1853 1188 2006 1250 ἐστιν
2051 1186 2207 1262 ὅλον,
2262 1186 2332 1250 οὖ
2385 1187 2566 1269 μηδὲν
2616 1192 2736 1247 τῶν
2781 1185 2996 1268 μορίων
3049 1183 3183 1247 iste-
3235 1199 3265 1240 5

600 1312 661 1359 10
699 1312 839 1368 στιν,
886 1290 1027 1356 ὥστ’
1066 1294 1120 1355 εἰ
1164 1292 1313 1377 μέρη
1356 1292 1429 1355 τὰ
1472 1290 1609 1355 καθ’
1660 1292 1882 1354 ἕκαστά
1919 1313 1984 1353 τε
2027 1292 2126 1354 καὶ
2169 1292 2428 1374 αἰσθητά
2469 1289 2644 1363 ἐστιν,
2688 1288 2784 1351 καὶ
2827 1288 2894 1350 τὸ
2939 1286 3073 1349 ὅλον
3118 1286 3186 1351 οὔ

696 1396 845 1480 μέρη
889 1400 1069 1459 ταῦτα
1108 1396 1211 1477 (τὰ
1240 1396 1347 1478 γὰρ
1379 1394 1527 1479 μέρη
1560 1396 1703 1457 ὅλου
1736 1394 1885 1478 μέρη
1915 1393 2114 1477 τινός),
2157 1392 2204 1476 †
2233 1392 2448 1457 ἄτοπον
2491 1396 2578 1476 τῷ
2622 1396 2735 1453 πᾶν
2779 1391 2848 1453 τὸ
2893 1394 2978 1459 ὥς
3017 1390 3192 1473 μέρος

693 1497 1001 1582 λεγόμενον
1054 1498 1151 1561 ἐπὶ
1203 1500 1269 1561 τὸ
1326 1496 1459 1560 ὅλον
1512 1520 1577 1560 τε
1628 1498 1731 1580 τὴν
1788 1496 2082 1581 ἀναφορὰν
2137 1493 2314 1581 ἔχειν.
2401 1496 2492 1559 διὸ
2545 1493 2668 1558 οὐδ’
2725 1493 2794 1557 ἂν
2847 1498 2930 1563 ὡς
2983 1494 3192 1577 μέρους
3217 1508 3272 1551 ιο

694 1600 844 1685 μέρη
896 1599 1131 1687 λέγηται
1174 1600 1246 1663 τὰ
1290 1606 1495 1685 πρῶτα
1538 1599 1868 1684 ληφθέντα,
1919 1601 2143 1685 ἀνάγκη
2189 1601 2440 1671 κάκεῖνο,
2483 1593 2526 1683 ἧ
2577 1598 2752 1682 μέρος
2795 1598 2968 1673 ἐστίν,
3011 1596 3190 1661 ἄλλου

692 1704 844 1772 τινὸς
872 1702 1019 1767 εἶναι
1045 1702 1091 1785 †
1120 1702 1315 1787 μέρος,
1359 1704 1412 1766 εἰ
1454 1704 1535 1787 μὴ
1570 1702 1705 1765 ὅλον
1734 1726 1787 1765 τι
1817 1703 1932 1787 εἴη,
1979 1702 2254 1788 ἀναιροῖτ’
2295 1702 2366 1765 ἄν
2397 1705 2462 1766 τὸ
2493 1703 2590 1766 καὶ
2623 1707 2800 1765 ταῦτα
2841 1700 2988 1764 εἶναι
3019 1700 3188 1784 με’ρη.

596 1828 656 1876 15
694 1804 816 1869 ἀλλ’
870 1806 927 1869 εἰ
980 1805 1113 1869 ὅλον
1164 1830 1221 1869 τι
1274 1807 1579 1889 ἀναγκαῖον
1632 1805 1779 1869 εἶναι
1822 1804 1950 1891 εἴη,
2003 1805 2098 1890 ἐφ’
2155 1806 2188 1869 ὃ
2232 1810 2348 1869 πᾶν
2397 1806 2464 1869 τὸ
2511 1809 2593 1874 ὡς
2647 1804 2822 1888 μέρος
2873 1802 2938 1867 ὅν
2989 1826 3050 1867 τε
3092 1805 3189 1867 καὶ
3215 1820 3270 1862 15

695 1908 1003 1992 λεγόμενον
1048 1906 1179 1994 ἔχει
1220 1910 1324 1992 τὴν
1368 1910 1693 1993 ἀναφοράν,
1739 1909 1948 1973 ταύτὸν
1993 1910 2059 1973 δὲ
2102 1908 2236 1972 ὅλον
2281 1930 2342 1971 τε
2385 1910 2480 1972 καὶ
2525 1912 2659 1982 πᾶν,
2703 1906 2768 1971 εἴ
2799 1930 2866 1990 γε
2907 1908 3184 1990 ἑκάτερον

692 2012 887 2077 αὐτῶν
932 2012 1179 2096 ὁρίζεται
1222 2018 1309 2097 τῷ
1356 2014 1536 2096 μηδὲν
1580 2012 1757 2076 αὐτοῦ
1802 2017 1920 2075 τῶν
1966 2018 2160 2097 μερῶν
2207 2014 2454 2087 ἀπεῖναι,
2499 2010 2592 2095 εἴη
2637 2011 2706 2074 ἄν
2751 2034 2804 2073 τι
2846 2014 3072 2073 τοιοῦτο
3117 2008 3182 2072 ὃν

695 2115 1149 2200 πεπερασμένον,
1194 2115 1258 2178 εἴ
1290 2138 1354 2198 γε
1400 2116 1856 2200 πεπερασμένον,
1911 2116 1980 2180 οὔ
2035 2117 2214 2199 μηδὲν
2267 2119 2386 2178 τῶν
2431 2118 2624 2197 μερῶν
2667 2114 2920 2178 ἄπεστιν.
3009 2114 3076 2175 τὸ
3119 2112 3184 2175 δὲ

694 2223 809 2283 πᾶν
851 2222 1127 2284 τοιοῦτον.
1216 2218 1351 2283 οὔτε
1400 2220 1511 2304 γὰρ
1564 2218 1707 2282 ἄλλο
1762 2242 1816 2283 τι
1877 2219 1941 2283 ὃν
1994 2220 2158 2287 ἐκτὸς
2209 2218 2388 2281 αὐτοῦ
2441 2216 2604 2281 ἔσται
2665 2216 2931 2299 περαῖνὸν
2983 2240 3046 2281 τε
3089 2215 3184 2278 καὶ
3209 2230 3270 2271 2⁰

588 2342 657 2390 20
694 2322 1151 2405 πεπερασμένον,
1194 2320 1329 2386 οὔτε
1358 2322 1626 2386 ἐκτείνειν
1670 2345 1753 2391 τις
1796 2322 1883 2391 εἷς
1925 2346 1978 2385 τι
2023 2321 2152 2405 μετ’
2192 2322 2334 2385 αὐτὸ
2381 2320 2444 2384 ὂν
2491 2323 2794 2406 δυνήσεται
2837 2324 2904 2383 τὸ
2947 2318 3182 2403 κρατού·

692 2450 862 2509 μενον
925 2422 1020 2489 ὑπ’
1094 2426 1291 2489 αὐτοῦ.
1398 2424 1593 2489 οὐκέτι
1644 2426 1753 2509 γὰρ
1805 2425 1877 2489 ἄν
1931 2425 2024 2509 εἴη
2081 2430 2195 2489 πᾶν
2249 2449 2312 2489 τε
2363 2426 2462 2489 καὶ
2515 2424 2681 2501 ὅλον,
2745 2423 2816 2489 οὔ
2869 2421 3086 2492 ἔξωθέν
3136 2421 3196 2485 τί

690 2530 845 2593 ἐστιν
898 2526 980 2592 ὅν.
1070 2526 1287 2597 ἔξωθεν
1332 2527 1399 2591 δέ
1440 2528 1591 2591 ἐστίν
1635 2552 1688 2592 τι
1738 2528 1891 2613 [ἐστι
1935 2531 2032 2592 καὶ
2077 2528 2170 2615 ὃν]
2212 2534 2314 2593 τοῦ
2355 2552 2420 2593 τε
2463 2530 2826 2614 περαίνοντος
2870 2526 3005 2611 παρ’
3045 2526 3190 2591 ἄλλο
3215 2540 3272 2583 25

692 2656 745 2695 τι
787 2633 885 2696 καὶ
928 2635 1030 2695 τοῦ
1077 2630 1197 2717 [δὲ]
1242 2630 1687 2702 καταλείποντός
1732 2657 1785 2695 τι
1828 2631 1958 2716 μετ’
1999 2632 2162 2709 αὐτό,
2207 2632 2324 2696 εἴτε
2363 2632 2613 2702 τοξεύειν
2653 2656 2739 2701 τις
2783 2633 2820 2715 ἢ
2867 2632 3130 2695 ἐκτείνειν
3179 2636 3187 2715 Ι

690 2740 807 2798 τῶν
851 2736 1028 2799 αὑτοῦ
1076 2736 1289 2820 μορίων
1344 2736 1383 2820 ἦ
1430 2742 1543 2799 τῶν
1592 2733 1690 2821 ὑφ’
1747 2738 1928 2800 αὑτοῦ
1983 2736 2388 2820 κρατουμένων
2440 2760 2494 2799 τι
2547 2738 2870 2821 δυνήσεται.
2959 2734 3149 2798 ἱκανὸν
3197 2741 3290 2797 197

593 2859 657 2909 25
696 2836 747 2903 δ’
802 2836 887 2903 ἔτι
931 2844 1217 2922 συστῆσαι
1258 2838 1434 2903 ταύτὸ
1478 2843 1647 2902 τοῦτο
1692 2840 1789 2903 καὶ
1834 2841 1900 2903 τὸ
1943 2840 2048 2908 τὰς
2091 2840 2280 2925 ἀρχὰς
2331 2844 2446 2902 τῶν
2491 2838 2674 2903 ὄντων
2719 2838 2865 2903 εἶναι
2907 2858 3190 2922 πεπερασ·

694 2941 887 3027 μένας.
976 2944 1229 3028 ἀπείρων
1272 2942 1381 3027 γὰρ
1434 2943 1627 3006 οὐσῶν
1674 2942 1813 3007 οὐδὲ
1871 2947 2079 3024 γνῶσις
2123 2943 2315 3006 αὐτῶν
2361 2939 2540 3005 ἔσται.
2612 2944 2664 3005 εἰ
2709 2943 2774 3005 δὲ
2818 2942 2898 3026 μὴ
2943 2940 3182 3015 τούτων,

696 3046 833 3109 οὐδε
884 3049 1000 3108 τῶν
1052 3046 1114 3116 ἐξ
1166 3046 1359 3109 αὐτῶν
1410 3044 1723 3129 γινομένων
1781 3044 1959 3122 τινός,
2019 3044 2082 3109 εἴ
2113 3068 2180 3128 γε
2231 3050 2392 3108 πᾶσα
2443 3046 2735 3129 ἐπιστήμη
2789 3044 2857 3107 ἐκ
2913 3048 3019 3127 τῆς
3069 3048 3186 3106 τῶν
3237 3058 3269 3101 ὅ

695 3150 899 3233 ἀρχῶν
942 3152 1043 3211 τοῦ
1088 3148 1399 3233 ἐπιστητοῦ
1443 3152 1717 3233 γνώσεως
1756 3149 2032 3235 πρόεισιν.
2100 3149 2300 3213 ἕπεται
2345 3150 2410 3213 δὲ
2454 3153 2542 3233 τῷ
2589 3149 2856 3230 ἀπείρους
2899 3146 3044 3210 εἶναι
3085 3147 3190 3217 τὰς

696 3253 886 3338 ἀρχὰς
928 3252 1025 3315 καὶ
1069 3252 1135 3315 τὸ
1165 3254 1343 3336 μηδὲν
1386 3253 1647 3337 γίνεσθαι
1690 3258 1806 3315 τῶν
1847 3252 2160 3337 γινομένων
2205 3252 2584 3335 τεταγμένως.
2653 3252 2736 3321 τίς
2775 3250 2884 3335 γὰρ
2929 3250 3000 3314 ἂν
3042 3250 3194 3320 τάξις

592 3374 658 3423 3ο
697 3356 948 3440 ἀπείρων
992 3355 1241 3437 γένοιτο;
1298 3358 1355 3420 τί
1393 3358 1503 3442 γὰρ
1550 3356 1617 3420 ἂν
1662 3356 1755 3441 εἴη
1800 3362 1906 3441 τῆς
1950 3358 2010 3420 ἐν
2052 3362 2174 3426 τοῖς
2227 3357 2483 3441 ἀπείροις
2523 3356 2740 3426 τάξεως
2781 3354 2992 3439 αἴτιον;
3053 3354 3188 3419 οὔτε
3213 3371 3273 3413 ιο

695 3458 804 3542 γὰρ
849 3458 1017 3543 φύσις
1062 3458 1121 3522 ἐν
1161 3458 1357 3529 αὐτοῖς
1400 3458 1530 3545 ἔχοι
1571 3462 1775 3545 χώραν
1822 3459 1892 3523 ἄν
1923 3484 2066 3538 τινα,
2111 3460 2185 3545 ἧς
2229 3458 2372 3523 ἴδιον
2417 3460 2484 3523 τὸ
2529 3459 2700 3523 ἕνεκά
2743 3483 2844 3522 του
2889 3462 3074 3521 πάντα
3115 3458 3186 3522 τὰ

692 3560 817 3625 κατ’
872 3562 1051 3645 αὐτὴν
1094 3560 1363 3644 γινόμενα
1406 3562 1665 3644 γίνεσθαι
1719 3566 1801 3631 ὡς
1847 3564 1944 3627 ἐπὶ
2001 3566 2068 3626 τὸ
2113 3567 2412 3642 πλεῖστον,
2466 3560 2595 3627 οὔθ’
2651 3562 2774 3626 οἷόν
2827 3586 2890 3625 τε
2931 3562 3190 3645 γίνεσθαι

594 3752 616 3801 1
657 3748 755 3819 ἤδη
792 3748 1075 3803 Schwartz:
1126 3751 1171 3803 εἰ
1206 3750 1259 3803 δὲ
1295 3750 1415 3804 libri
1636 3748 1691 3805 δ’
1730 3752 1882 3825 ἐχρῆν
1919 3754 2055 3806 coni.
2100 3753 2189 3821 Sp.
2411 3752 2443 3804 2
2479 3752 2540 3803 ἂν
2585 3753 2742 3805 Vict.:
2798 3752 2892 3821 γὰρ
2925 3750 3048 3805 libri

592 3836 623 3889 6
661 3836 720 3889 οὒ
760 3840 804 3889 V
986 3838 1044 3889 ll
1087 3837 1297 3907 ἄτοπον]
1334 3838 1551 3893 fortasse
1588 3839 1739 3892 αὐτὸ
1790 3839 1934 3894 ὅλον
2111 3840 2210 3910 τῷ]
2249 3840 2308 3893 τὸ
2347 3841 2480 3893 vict.
2656 3838 2716 3892 τὸ
2751 3854 2852 3891 om.
2887 3840 2960 3891 Sa
3139 3837 3202 3890 12
3241 3856 3298 3893 τε

592 3926 636 3989 (ι
674 3940 803 3977 corr.
842 3940 891 3977 v.
916 3940 959 3976 e.
983 3925 1076 3987 V):
1114 3940 1161 3975 τι
1196 3926 1387 3977 BF·S·
1580 3925 1642 3977 13
1680 3926 1885 3979 κάκεῖνο
1924 3930 2130 3997 scripsi:
2173 3928 2382 3982 κάκεῖνα
2417 3928 2536 3980 libri
2711 3923 2744 4000 ᾖ
2781 3928 2993 3981 BS·F·:
3030 3925 3084 3997 ῆι
3118 3931 3184 3979 V:
3223 3926 3300 3979 ὧν

588 4014 705 4065 FSa
889 4012 950 4063 14
988 4011 1203 4065 fortasse
1238 4014 1462 4084 (μέρους)
1500 4013 1663 4083 μέρος,
1700 4012 1772 4079 (ὃ)
1808 4016 1853 4067 εἰ
1891 4017 1959 4087 μὴ
2001 4015 2148 4069 ὅλου
2323 4014 2426 4080 (οὗ)
2462 4015 2507 4067 εἰ
2542 4016 2678 4068 vict.
2859 4015 2922 4068 15
2959 4014 3036 4085 εἰη
3067 4018 3114 4065 V

596 4099 656 4151 17
713 4119 765 4168 μ.
803 4098 973 4151 αὐτῶν
1010 4116 1041 4149 ιι
1260 4100 1335 4171 εἴη
1383 4100 1443 4153 ἅν
1480 4102 1549 4166 τι]
1594 4100 1628 4171 ἢ
1667 4103 1779 4155 ἀντὶ
1824 4108 1914 4155 τοῦ
1953 4122 1984 4156 a
2195 4103 2264 4156 20
2315 4103 2394 4155 τίσ
2438 4102 2512 4155 εἴσ
2547 4120 2595 4155 τι
2633 4104 2814 4171 (supra
2847 4102 2947 4155 εἶσι
3002 4102 3108 4156 ἔστι
3142 4122 3190 4154 v.
3228 4102 3298 4169 c.)

590 4190 655 4236 V:
710 4203 785 4244 τις
821 4184 887 4244 εἷς
923 4204 971 4237 τι
1004 4188 1221 4240 BF⁸S·:
1277 4206 1324 4240 τι
1360 4190 1463 4241 ἐστι
1498 4192 1687 4243 GsFa:
1742 4192 1816 4250 τὶς
1865 4192 1933 4251 εἰς
1967 4192 2025 4245 τὸ
2065 4193 2198 4245 vict.
2237 4194 2325 4259 Sp.
2559 4191 2622 4242 21
2681 4186 2762 4243 ὑπ’
2802 4190 2956 4243 αὐτοῦ
2991 4190 3166 4255 (αὐτου
3201 4187 3298 4257 V)]

590 4266 682 4341 ὑφ’
720 4273 875 4325 αὑτοῦ
912 4292 943 4325 a
980 4278 1069 4341 Sp.
1308 4276 1375 4328 22
1428 4276 1531 4329 ἐστι
1578 4278 1666 4331 καὶ
1716 4276 1771 4330 ὂν
1820 4279 1986 4332 delevi
2198 4280 2250 4333 δὲ
2299 4280 2428 4333 ἔστιν
2474 4298 2523 4330 τι
2559 4279 2662 4330 ἐστι
2697 4279 2783 4331 καὶ
2831 4278 2941 4344 (καὶ
2977 4294 3133 4345 supra
3167 4276 3293 4339 ἐστι)

591 4359 653 4412 ὃν
685 4364 773 4412 τοῦ
822 4379 875 4414 τε
914 4362 963 4427 (ο
1000 4376 1158 4430 supra
1194 4362 1239 4429 ε)
1277 4366 1341 4415 V:
1395 4382 1443 4416 τι
1478 4368 1627 4417 τοῦτο
1668 4368 1821 4419 GFS:
1883 4366 1936 4417 δέ
1981 4367 2112 4418 ἐστιν
2160 4366 2216 4419 ὃν
2262 4370 2406 4433 (haec
2449 4368 2506 4419 in
2553 4380 2656 4435 mg.
2693 4366 2774 4428 8¹)
2819 4368 2964 4417 τοῦτε
3009 4368 3178 4429 (τοῦτο
3213 4364 3298 4427 8¹)

589 4448 739 4499 Slva
774 4450 888 4514 Sp.:
946 4447 997 4501 δὲ
1038 4448 1167 4501 ἔστιν
1204 4449 1253 4501 τί
1288 4448 1343 4500 ὃν
1375 4455 1520 4503 τοΰτε
1560 4454 1631 4504 B:
1690 4450 1742 4503 δέ
1778 4453 1884 4505 ἐστι
1919 4452 1968 4505 τί
2001 4470 2102 4505 εστι
2139 4452 2194 4505 ὃν
2230 4458 2322 4506 τοῦ
2357 4472 2412 4506 τε
2449 4456 2513 4508 S·
2731 4452 3070 4524 περαίνοντος]
3115 4456 3238 4521 post
3273 4470 3299 4504 ε

594 4536 675 4587 lit.
716 4536 848 4587 1-2
886 4536 987 4589 litt.
1026 4540 1073 4589 V
1286 4535 1351 4587 23
1388 4542 1477 4589 τοῦ
1516 4538 1757 4592 F⁸S⁸S²¹a
1793 4542 1908 4607 Sp.:
1966 4540 2109 4593 τοῦδε
2149 4541 2350 4594 VBFS¹
2565 4540 2684 4610 εἴτε]
2720 4542 2940 4593 fortasse
2975 4541 3061 4597 εἰς
3095 4538 3122 4591 ὃ

591 4624 659 4675 24
696 4622 849 4677 αὐτοῦ
887 4628 935 4677 V
1110 4622 1143 4693 ἠ
1182 4626 1229 4673 V
1444 4624 1509 4677 ·25
1554 4621 1605 4676 δ’
1644 4625 1740 4695 ἔτι]
1778 4627 1829 4679 δὲ
1869 4644 1900 4679 a
1937 4630 2026 4696 Sp.
2221 4628 2279 4681 τὸ
2315 4644 2416 4681 om.
2453 4645 2485 4679 a
2521 4630 2609 4695 Sp.
2820 4628 2888 4680 28
2923 4632 2996 4698 τῷ
3033 4644 3133 4679 om.
3172 4644 3206 4679 a

590 4710 656 4762 29
692 4710 1006 4778 τεταγμένως
1045 4711 1331 4765 v¹GBFSa
1366 4713 1479 4781 Spa
1517 4716 1819 4782 τεταγμένον
1859 4732 1905 4767 ν.
1943 4732 1987 4768 e.
2027 4719 2220 4769 VF¹²S⁸
2439 4716 2501 4767 31
2545 4715 2603 4767 ἂν
2642 4716 2813 4788 χώραν
2849 4716 2985 4769 coni.
3021 4718 3110 4783 Sp.

590 4798 656 4849 32
694 4794 812 4849 οὔθ’
856 4800 970 4867 Sp.:
1010 4798 1105 4867 οὐχ
1145 4798 1259 4851 libri
