3684 5567
552 248 638 311 50
1524 240 1829 299 ΑΙΙΟΡΙΩΝ
1871 241 1990 297 ΚΑΙ
2033 240 2298 297 ΛΥΣΕΩΝ

658 419 863 503 ἐκείνῳ
907 420 1167 489 πλείονος
1210 426 1315 503 τῆς
1349 419 1506 487 θείας
1553 419 1992 503 μεταλαμβάνον
2039 419 2342 497 δυνάμεως
2383 416 2798 479 εἰδοποιεῖσθαι
2847 414 3162 499 θερμότητι
3188 430 3242 471 10

662 523 755 584 καὶ
806 521 1071 605 ξηρότητι
1122 523 1332 604 (ταῦτα
1376 522 1485 605 γὰρ
1530 520 1601 583 τὰ
1647 527 1852 605 πρῶτα
1896 526 2010 583 τῶν
2059 518 2158 582 ἀπ’
2217 521 2450 583 ἐκείνων
2509 520 2568 582 ἐν
2613 523 2732 589 τοῖς
2779 520 3011 602 θνητοῖς
3055 520 3158 581 πά-

658 624 797 706 θη),
855 628 920 686 τὸ
976 626 1041 687 δὲ
1094 629 1291 688 πλεῖον
1348 626 1599 708 ἀφεστὸς
1652 630 1766 687 τῶν
1821 624 2033 706 ταύτης
2089 630 2193 708 τῆς
2239 624 2564 708 μεταβολῆς
2616 648 2677 686 τε
2733 624 2826 685 καὶ
2881 621 3158 703 γενέσεως

656 726 851 789 αἰτίων
900 728 1049 811 αὐτῇ
1100 729 1275 791 θείων
1324 730 1613 810 σωμάτων
1668 729 1704 809 ἢ
1754 730 1942 809 πάντῃ
1997 732 2115 795 τοῖς
2157 725 2389 810 (εἴδεσι)
2443 726 2660 787 τούτων
2708 726 2976 792 ἐναντίως
3020 726 3160 787 εἰδο-
3189 742 3242 784 15

583 848 612 897 5
652 831 968 903 ποιεῖσθαι,
1013 832 1051 913 ἢ
1100 834 1163 893 τὸ
1214 831 1315 912 μέν
1357 856 1409 894 τι
1451 832 1690 905 τούτων,
1730 831 1793 892 τὸ
1827 830 1893 892 δέ
1937 853 1989 891 τι
2034 835 2146 891 τῶν
2178 814 2402 897 τούτοιςο
2443 830 2713 891 ἐναντίων
2759 827 2913 895 εἶδός
2955 851 3016 890 τε
3065 830 3158 890 καὶ

656 934 847 1001 πάθος
890 934 1205 1019 λαμβάνειν
1260 935 1405 997 κατὰ
1461 935 1565 1016 τὴν
1612 934 1847 997 ἐκείνων
1903 932 2111 995 ἄλλοτε
2171 934 2406 995 ἀλλοίαν
2461 933 2604 1016 πρὸς
2646 931 2717 993 τὰ
2773 932 2913 1013 τῇδε
2958 929 3158 1015 σχέσιν

656 1036 751 1099 διὰ
796 1039 899 1121 τὴν
933 1037 1026 1099 ἐπὶ
1073 1042 1175 1099 τοῦ
1217 1037 1477 1100 τοιούτου
1524 1038 1743 1120 κίνησιν
1774 1036 1986 1099 κύκλου
2034 1034 2326 1119 διαφόρως
2369 1034 2853 1117 εἰδοποιούμενον.
2929 1034 3161 1116 τοιαύτη
3187 1048 3244 1089 90

648 1140 757 1223 γὰρ
803 1164 840 1222 η
887 1145 989 1203 τοῦ
1036 1143 1326 1223 ζῳδιακοῦ
1372 1141 1649 1213 διάθεσις,
1716 1139 1809 1222 ἐφ’
1876 1138 1944 1201 οὖ
1991 1136 2504 1222 κινούμενα·ἥλιός
2548 1160 2610 1199 τε
2655 1138 2749 1199 καὶ
2797 1139 3014 1220 σελήνη
3059 1137 3154 1199 καὶ

648 1242 719 1304 τὰ
766 1242 917 1306 ἄλλα
960 1244 1029 1306 τὰ
1075 1243 1404 1305 πλανᾶσθαι
1448 1248 1564 1304 τῶν
1597 1241 1859 1324 ἀστέρων
1904 1241 2186 1323 λεγόμενα
2218 1245 2305 1325 τῷ
2340 1240 2442 1319 μέν
2488 1264 2593 1303 τινι
2638 1246 2742 1323 τῆς
2787 1240 2928 1321 ῦλης
2975 1238 3155 1322 μέρει,

550 1366 610 1412 10
650 1341 700 1430 (ᾗ
739 1348 957 1428 μᾶλλον
1003 1346 1041 1429 ἢ
1088 1346 1183 1408 καὶ
1215 1344 1505 1428 ἐγγυτέρω
1553 1342 1870 1428 πρόσεισιν,
1919 1345 2149 1427 ἑκάστῳ
2197 1342 2558 1426 θερμότητός
2601 1367 2664 1405 τε
2709 1344 2803 1405 καὶ
2850 1341 3240 1427 ξηρότητοςεὸ

648 1448 804 1511 αἴτια
849 1448 1085 1531 γίνεται,
1142 1448 1202 1510 ἐν
1249 1448 1336 1517 οἷς
1381 1448 1446 1509 τὸ
1494 1448 1638 1510 εἷναι
1683 1453 1768 1531 τῷ
1817 1448 1984 1531 πυρί,
2035 1446 2041 1533 Ι
2091 1452 2174 1531 τῷ
2223 1448 2288 1509 δὲ
2334 1445 2694 1531 θερμότητός
2749 1471 2810 1509 τε
2855 1447 2950 1510 καὶ
2997 1448 3157 1530 ὑγρό-
3195 1456 3266 1511 93

649 1576 843 1635 τητος,
902 1553 1027 1635 ἥτις
1079 1551 1247 1635 φύσις
1302 1550 1501 1634 ἀέρος,
1564 1554 1651 1635 τῷ
1708 1548 1758 1613 δ’
1816 1549 2131 1633 ὑγρότητός
2189 1574 2250 1611 τε
2302 1552 2400 1612 καὶ
2455 1550 2842 1633 ψυχρότητος,
2906 1552 2946 1632 ἦ
3007 1550 3157 1613 ἐστιν

650 1655 853 1721 ῦδατος
898 1654 1093 1736 φύσις,
1154 1658 1241 1740 τῷ
1288 1655 1352 1715 δὲ
1396 1659 1500 1737 τῆς
1547 1651 1651 1715 ἔτι·
1674 1653 2170 1736 καταλειπομένης
2225 1654 2290 1715 ἐκ
2337 1658 2452 1715 τῶν
2500 1654 2701 1715 ἁπλῶν
2750 1657 2864 1716 τῶν
2911 1656 3157 1735 πρώτων

652 1758 753 1819 δύο
807 1758 1231 1831 ἐναντιώσεων,
1293 1758 1444 1841 ἥπερ
1502 1756 1623 1820 ἐστὶ
1679 1757 1975 1842 ψυχρότης
2034 1781 2096 1819 τε
2149 1758 2244 1820 καὶ
2303 1755 2575 1839 ξηρότης,
2639 1756 2676 1817 ἃ
2731 1756 2836 1838 τὴν
2893 1761 2997 1838 τῆς
3052 1762 3160 1840 γῆς
3213 1772 3242 1814 ο

549 1882 609 1928 15
651 1862 947 1944 συνίστησι
992 1862 1181 1945 φύσιν.
1252 1861 1347 1922 καὶ
1392 1865 1627 1923 τοιαῦτα
1676 1862 1779 1942 μὲν
1824 1861 1895 1923 τὰ
1939 1862 2056 1922 ἀπὸ
2103 1865 2204 1942 τῆς
2249 1859 2411 1927 θείας
2457 1860 2755 1940 δυνάμεως
2799 1856 2927 1942 εἴδη
2973 1859 3033 1921 ἐν
3079 1866 3153 1943 τῇ

647 1965 759 2047 ῦλῃ
807 1966 963 2027 ἁπλᾶ
1021 1988 1083 2026 τε
1128 1965 1223 2027 καὶ
1270 1968 1472 2046 πρῶτα
1518 1962 1644 2046 εἴδη
1699 1965 1982 2045 γενόμενα
2035 1969 2138 2045 τῆς
2194 1967 2310 2024 τῶν
2367 1963 2568 2024 ἁπλῶν
2625 1963 2914 2043 σωμάτων
2961 1962 3157 2032 οὐσίας

648 2091 709 2129 τε
756 2069 851 2130 καὶ
907 2066 1140 2149 φύσεως
1182 2065 1363 2141 αἴτια,
1424 2066 1496 2129 τὰ
1541 2065 1591 2128 δ’
1649 2066 1716 2128 ἐκ
1770 2073 1876 2150 τῆς
1929 2066 2146 2129 τούτων
2201 2067 2470 2148 γινόμενα
2514 2064 2720 2148 μίξεως
2773 2089 2836 2127 τε
2881 2067 2976 2128 καὶ
3023 2068 3154 2149 κρά·
3183 2080 3239 2122 ¹⁰

648 2191 797 2238 σεως
842 2171 945 2233 ἅτε
992 2169 1272 2232 πλειόνων
1318 2173 1704 2232 κοινωνοῦντα
1750 2172 2056 2252 δυνάμεων
2109 2192 2172 2231 τε
2215 2170 2309 2231 καὶ
2356 2167 2645 2251 διαφόρων
2693 2170 2981 2251 σωμάτων
3029 2169 3152 2231 σύν-

646 2274 788 2335 θετά
832 2296 893 2335 τε
942 2273 1055 2356 ἤδη
1101 2274 1346 2355 γίγνεται
1393 2273 1489 2336 καὶ
1533 2270 1886 2355 τελειότερα,
1941 2274 2038 2334 καὶ
2083 2274 2120 2354 ἡ
2169 2272 2459 2354 τελειότης
2502 2272 2566 2333 δὲ
2611 2271 2706 2333 καὶ
2751 2271 2816 2333 τὸ
2863 2271 3016 2340 εἶδος
3059 2270 3155 2333 αὐ-

541 2396 607 2441 20
643 2381 763 2443 τοῖς
808 2376 1078 2460 διαφέρον
1124 2377 1369 2457 γίγνεται
1424 2377 1573 2439 κατά
1617 2399 1679 2437 τε
1723 2376 1827 2457 τὴν
1885 2374 1944 2435 ἐν
1991 2378 2110 2442 τοῖς
2155 2376 2406 2457 πρώτοις
2455 2373 2763 2457 εἰρημένην
2809 2377 2924 2435 τῶν
2971 2375 3032 2436 ἐν
3079 2379 3151 2457 τῇ
3185 2390 3238 2431 15

648 2479 792 2561 μίξει
839 2485 955 2541 τῶν
988 2484 1278 2561 σωμάτων
1324 2479 1623 2561 διαφοράν.
1696 2476 1819 2540 ἔστι
1863 2476 1972 2560 γὰρ
2017 2476 2208 2539 αὐτῶν
2255 2476 2326 2538 τὰ
2359 2477 2461 2556 μὲν
2506 2474 2822 2559 λεπτότερα
2867 2480 2960 2539 καὶ
2991 2501 3153 2560 ποιη-

649 2585 927 2665 τικώτερα
971 2581 1239 2664 (τοιαῦτα
1283 2582 1413 2665 γάρ,
1464 2580 1573 2644 ὅσα
1620 2579 1905 2662 ἐγγυτέρω
1953 2584 2137 2641 κεῖται
2181 2584 2286 2661 τῆς
2329 2582 2445 2640 τῶν
2493 2578 2666 2641 θείων
2708 2578 3039 2661 κινήσεως),
3085 2578 3156 2641 τὰ

645 2686 709 2748 δὲ
762 2684 1243 2769 παχυμερέστερα
1301 2687 1396 2746 καὶ
1449 2686 1930 2766 παθητικώτερα,
1997 2681 2110 2745 ὅσα
2167 2682 2341 2744 πλέον
2405 2680 2699 2764 ἀφέστηκε
2759 2687 2864 2764 τῆς
2919 2682 3155 2744 ἐκείνων

644 2792 845 2871 φορᾶς.
938 2787 1051 2851 ὅσα
1098 2789 1201 2867 μὲν
1245 2786 1352 2869 γὰρ
1407 2791 1523 2848 τῶν
1570 2786 1629 2847 ἐν
1677 2792 1751 2867 τῇ
1799 2786 1944 2867 μίξει
1987 2809 2050 2847 τε
2095 2786 2191 2848 καὶ
2236 2786 2438 2869 κράσει
2483 2788 2678 2848 πλεῖον
2723 2784 2852 2870 ἔχει
2897 2791 3012 2847 τῶν
3067 2788 3154 2848 λε·
3182 2800 3240 2843 m

540 2910 605 2957 25
644 2896 949 2973 πτομερῶν
981 2914 1042 2951 τε
1074 2890 1169 2952 καὶ
1217 2890 1645 2973 καθαρωτέρων
1679 2892 1998 2971 σωμάτων,
2043 2887 2262 2950 τούτων
2308 2886 2657 2972 τελειότερον
2705 2890 2768 2951 τὸ
2815 2888 2987 2965 εἶδος,
3042 2888 3153 2952 ὅσα

644 2995 709 3056 δὲ
753 2998 854 3056 τοῦ
904 2994 1007 3075 μὲν
1065 2992 1327 3055 τοιούτου
1374 2995 1645 3073 σώματος
1700 2990 1936 3053 ἔλαττον
1983 2990 2044 3053 ἐν
2099 2991 2293 3058 αὐτοῖς
2338 2988 2492 3075 ἔχει,
2549 2996 2744 3053 πλεῖον
2800 2992 2864 3053 δὲ
2907 2997 3009 3054 τοῦ
3055 3016 3156 3055 πα-

649 3098 894 3179 θητικοῦ
940 3116 1001 3155 τε
1046 3095 1143 3156 καὶ
1189 3095 1721 3179 παχυμερεστέρου,
1769 3095 1986 3157 τούτων
2035 3094 2129 3157 καὶ
2177 3095 2240 3155 τὸ
2285 3092 2437 3161 εἶδος
2481 3094 2870 3178 ἀτελέστερον.
2924 3115 2928 3124 ·
3181 3110 3236 3153 85

650 3300 751 3361 lv.
830 3294 997 3369 Ὅτι,
1044 3301 1108 3361 εἰ
1154 3303 1270 3363 τοῦ
1304 3298 1403 3384 ἐφ’
1446 3302 1609 3383 ἡμῖν
1643 3305 1716 3362 τὸ
1751 3300 2236 3379 ἀντικείμενον
2285 3301 2376 3382 μὴ
2409 3298 2511 3381 ἐφ’
2553 3302 2747 3382 ἡμῖν,
2794 3296 2936 3361 οὐδ’
2981 3300 3147 3364 αὐτὸ
3191 3309 3263 3363 94

1042 3399 1172 3485 [ἐφ’
1212 3404 1413 3485 ἡμῖν,
1460 3402 1647 3486 οὐδὲ]
1696 3406 1769 3465 τὸ
1817 3403 1917 3485 ἐφ’
1961 3406 2128 3485 ἡμῖν
2175 3399 2276 3485 ἐφ’
2321 3404 2485 3485 ἡμῖν
2531 3400 2746 3465 ἔσται.

550 3577 616 3625 30
824 3556 894 3621 Εἰ
940 3556 1029 3639 ἐφ’
1074 3559 1212 3640 ἡμῖν
1260 3559 1381 3621 ἐστι
1429 3563 1618 3633 τοῦτο,
1665 3557 1733 3621 οὔ
1781 3560 1845 3620 τὸ
1893 3559 2279 3641 ἀντικείμενον
2329 3556 2468 3641 [μὴ]
2517 3556 2610 3641 ἐφ’
2662 3561 2819 3642 ἡμῖν,
2865 3560 2930 3622 τὸ
2977 3560 3044 3623 οῦ
3091 3563 3155 3625 τὸ
3208 3580 3238 3620 τι

2435 3665 2464 3679 η
2513 3658 2560 3682 ἢ)

653 3663 1035 3743 ἀντικείμενον
1085 3662 1164 3743 μὴ
1213 3659 1306 3745 ἐφ’
1362 3664 1529 3745 ἡμῖν,
1586 3662 1771 3724 ἐκεῖνο
1818 3661 1924 3723 οὐκ
1969 3660 2060 3745 ἐφ’
2117 3664 2273 3745 ἡμῖν.
2363 3685 2463 3723 του
2509 3684 2540 3723 ο
2617 3661 2710 3744 ἐφ’
2765 3664 2905 3744 ἡμῖν
2951 3666 3014 3727 τὸ
3063 3668 3152 3729 ἀν-

540 3860 571 3909 ‘2
610 3860 662 3909 ἐν
703 3864 800 3916 τοῖς
837 3857 930 3911 G‘2:
972 3860 1145 3911 ἅυτοῖσ
1182 3861 1257 3911 sic
1278 3864 1343 3911 V:
1382 3858 1550 3917 αὺτοῖς
1589 3860 1848 3912 G¹BFSa2
1887 3864 1991 3915 τοῖς
2027 3859 2161 3910 coni.
2199 3861 2288 3925 Sp.
2473 3860 2505 3910 4
2543 3858 2676 3929 αὐτῇ
2713 3864 2833 3912 HB:
2874 3862 3001 3931 αὐτη
3036 3866 3098 3914 V:
3137 3862 3266 3934 αὕτη

541 3950 659 3999 GSa
835 3944 985 3998 θείων
1024 3948 1233 4013 scripsi:
1276 3947 1377 3999 οἷον
1415 3947 1533 4000 libri
1713 3954 1817 4003 τοῖς
1855 3944 2044 4009 (εἴδεσι)
2072 3948 2284 4013 scripsi:
2323 3952 2441 4013 post
2486 3953 2590 4004 τοῖς
2626 3964 2806 3999 rasura
2841 3948 2980 4000 4—-5
3020 3951 3116 4002 litt.
3141 3956 3185 4001 V

539 4035 774 4092 ἐναντίως
800 4035 1009 4101 scripsi:
1047 4035 1283 4086 ἐναντίων
1312 4035 1455 4086 libri:
1496 4034 1729 4091 ἐναντίοις
1756 4037 1845 4101 Sp.
1989 4036 2037 4085 4.
2078 4034 2108 4086 ἴ)
2147 4034 2615 4087 είδοποιεῖταιᾞίεῐ.
2759 4036 2791 4088 5
2829 4036 3022 4095 τούτοις
3055 4040 3266 4106 scripsi:

538 4120 733 4173 τούτων
762 4122 877 4172 libri
1046 4121 1283 4173 ἐναντίων
1310 4122 1421 4172 F¹H
1456 4125 1567 4188 Sp.:
1615 4122 1834 4173 ἐναντίον
1869 4118 2109 4175 VSGF²a
2281 4123 2339 4173 17
2381 4121 2634 4190 τοιούτου]
2675 4122 2904 4193 οὐρανίου
2937 4125 3194 4177 Schwartz

538 4210 571 4261 8
598 4208 830 4275 διάθεσις]
872 4207 1002 4266 θέσις
1034 4208 1166 4261 vict.
1322 4210 1351 4259 9
1391 4208 1587 4277 ἄστρων
1614 4212 1705 4275 Sp.
1854 4210 1918 4260 10
1955 4226 2029 4277 pr.
2068 4210 2154 4261 καὶ
2193 4226 2290 4261 om.
2325 4230 2352 4259 a
2381 4214 2470 4277 Sp.
2619 4212 2675 4261 ll
2723 4230 2852 4263 αιτια
2879 4216 2926 4263 V
3075 4214 3134 4265 13
3174 4218 3267 4283 τῆς

540 4298 701 4348 Vict.:
732 4304 835 4354 τοῖς
862 4297 980 4347 libri
1126 4294 1555 4364 καταλειπομένης
1580 4300 1697 4363 Sp.:
1737 4296 2177 4364 καταλειπομένοις
2207 4299 2323 4349 libri
2473 4298 2534 4349 14
2570 4298 2699 4369 ἥπερ
2725 4300 2884 4351 viem
2922 4300 3047 4372 ἅπερ
3076 4302 3191 4353 libri

545 4398 605 4450 19
644 4399 695 4451 δὲ
735 4402 950 4467 scripsi:
989 4388 1043 4453 τε
1082 4400 1203 4467 (sic)
1244 4404 1369 4452 VH:
1408 4419 1460 4451 τε
1502 4404 1618 4453 sBa
1644 4404 1759 4469 Sp.:
1809 4417 1908 4452 om.
1951 4406 1989 4453 F
2175 4403 2252 4453 19.
2291 4404 2358 4455 ‘20
2396 4402 2567 4460 αὐτοῖς
2607 4404 2694 4455 καὶ
2731 4404 2788 4455 τὸ
2827 4404 2952 4461 εἶδος
2991 4406 3070 4457 m¹
3098 4408 3266 4473 signis

540 4486 793 4553 adpositis
840 4488 914 4538 ita.
965 4488 1171 4541 colloc.:
1233 4488 1318 4537 καὶ
1355 4486 1411 4538 τὸ
1450 4486 1574 4545 εἶδος
1621 4488 1788 4545 αὐτοῖς
1826 4492 1901 4539 V:
1959 4488 2126 4547 αὐτοῖς
2163 4491 2249 4541 καὶ
2297 4490 2354 4542 τὸ
2407 4490 2531 4548 εἶδος
2568 4494 2638 4543 B:
2699 4494 2784 4545 καὶ
2821 4494 2880 4544 τὸ
2928 4493 3052 4550 εἶδος
3100 4492 3269 4550 αὺτοῖς

542 4595 703 4644 FSGa
743 4594 831 4657 Sp.
1010 4592 1069 4641 21
1117 4590 1355 4661 διαφοράν
1394 4594 1519 4643 FGa
1544 4594 1660 4657 Sp.:
1700 4581 1931 4663 διαφοραὶ
1970 4594 2092 4659 (sic)
2122 4598 2190 4643 V:
2231 4593 2444 4665 διαφορᾷ
2468 4599 2592 4647 BH:
2631 4595 2842 4667 διαφορά
2868 4600 2904 4649 S
3084 4598 3148 4648 *2ss
3179 4598 3266 4649 αὺ-

540 4684 648 4729 τοῖσ
686 4682 729 4725 ‘V
948 4678 1013 4729 28
1070 4678 1111 4729 εἰ
1149 4680 1241 4731 τοῦ
1277 4678 1357 4748 ἐφ’
1394 4680 1513 4747 ἡμῖν
1554 4678 1609 4730 τὸ
1646 4680 1852 4731 tabula:
1909 4682 1952 4733 εἰ
1999 4687 2146 4733 τοῦτο
2187 4684 2250 4748 (εί
2288 4684 2358 4749 ΙΙ)
2417 4680 2500 4753 ἐφ”
2550 4684 2668 4753 ἡμῖν
2709 4682 2766 4736 οὗ
2823 4683 2880 4735 τὸ
2937 4685 3055 4737 libri

540 4764 655 4816 οὐδὲ
692 4764 749 4816 τὸ
788 4764 910 4817 αὐτὸ
948 4766 1126 4817 tabula
1286 4767 1351 4818 29
1392 4766 1473 4835 ἐφ’
1502 4768 1638 4836 ἡμῖν,
1680 4768 1791 4820 οὐδὲ
1830 4770 2209 4836 circumscripsi
2380 4770 2448 4821 30
2485 4771 2556 4838 μὴ
2597 4772 2695 4823 del.
2723 4772 2881 4823 V²S²:
2923 4788 3021 4824 om.
3050 4792 3080 4823 a.
3105 4775 3192 4838 Sp.

540 4850 599 4904 οὗ
642 4871 701 4903 το
742 4858 785 4903 V
972 4852 1030 4903 31
1074 4856 1161 4903 τοῦ
1190 4853 1394 4905 v2's2B:
1434 4860 1582 4906 τοῦτο
1621 4858 1894 4909 V¹S¹Gfla
1931 4860 2049 4924 Sp.:
2087 4856 2146 4909 τὸ
2186 4862 2310 4909 VH:
2351 4856 2409 4909 οὗ
2446 4858 2503 4909 τὸ
2541 4861 2664 4910 Sila
2701 4864 2788 4925 Sp.
