3684 5567
1386 279 1408 331 I
1482 279 1570 331 DE
1609 277 2152 342 QUAESTIONIBUS
3076 281 3134 326 lx

425 444 639 510 differt
681 463 724 510 a
766 445 1188 513 dubitationis
1231 449 1683 516 constitutione
1727 451 2064 538 81,8-29,
2112 454 2394 538 sequitur
2438 455 2598 524 λύσις
2643 475 2781 520 cum
2818 450 3135 538 particula

427 564 671 649 μήποτ’.
765 566 951 651 76,16
994 566 1217 653 incipit
1262 570 1579 653 quaestio:
1625 572 1768 656 πρὸς
1797 573 1857 636 τί
1890 611 1993 658 —,
2038 575 2324 658 sequitur
2355 573 2670 658 expositio
2714 577 3132 660 aporematis:

426 684 554 750 ἀλλ’
609 686 662 748 εἰ
707 723 806 753 -.
853 687 1237 755 solutionem
1292 689 1639 756 introducit
1691 693 1885 758 solita
1943 696 2257 780 particula
2310 695 2371 778 ἥ.
2470 695 2693 760 similis
2744 694 2977 761 indolis
3034 702 3133 762 est

426 806 621 872 etiam
667 807 831 890 1,24
869 806 980 892 (cf.
1025 809 1218 893 38‚14
1261 809 1502 873 δύναταί
1537 834 1660 879 τις.
1691 859 1706 874 .
1732 812 1799 896 ..)

594 926 926 994 Accedunt
969 927 1161 1012 igitur
1205 929 1622 1014 problematis
1667 952 1879 999 novae
1924 934 2177 1018 copiae:
2224 940 2288 1000 et
2334 936 2382 1018 I,
2406 935 2466 998 4.
2492 936 2569 1000 21
2626 935 2817 1019 11‚23
2863 941 2927 1000 et
2972 935 3128 1018 1·,11.

427 1047 525 1113 16.
552 1047 636 1112 24
679 1047 998 1130 11,22.25
1041 1048 1244 1132 111,2.
1269 1051 1329 1130 6,
1393 1069 1562 1133 quae
1605 1051 1659 1115 si
1704 1050 1901 1135 priori
1955 1060 2254 1138 computo
2308 1053 2855 1129 adnumeraveriS‚
2902 1053 3134 1120 existet

426 1168 599 1234 haud
653 1167 888 1250 exigua
941 1167 1233 1234 collectio
1279 1169 1357 1233 37
1406 1170 1853 1252 quaestionum
1908 1173 1949 1237 i.
1998 1193 2053 1239 e.
2110 1171 2516 1257 physicorum
2585 1174 2888 1240 librorum
2954 1173 3133 1239 dimi-

423 1287 604 1354 diata
648 1307 818 1372 pars.

595 1407 896 1473 Nondum
941 1407 1043 1491 egi
1089 1408 1172 1475 de
1215 1408 1546 1494 ἐξηγήσεων
1592 1410 1676 1494 11,
1698 1412 1777 1478 27
1833 1418 1897 1476 et
1950 1411 2066 1496 ΙΙΙ,
2092 1413 2151 1495 3,
2220 1431 2405 1495 quae,
2472 1433 2612 1478 cum
2680 1432 2890 1496 neque
2956 1413 3134 1479 dubi-

425 1537 593 1596 tetur
639 1549 848 1613 neque
903 1528 1104 1594 verba
1147 1528 1510 1595 Aristotelis
1553 1531 1974 1614 illustrentur,
2025 1530 2305 1596 adtribui
2360 1539 2627 1617 possunt
2677 1553 2889 1617 neque
2944 1533 3135 1600 inter-

425 1649 892 1734 pretationibus
936 1668 1144 1733 neque
1187 1649 1626 1730 problematis.
1713 1651 2100 1716 accessimus
2155 1651 2258 1717 hic
2321 1652 2405 1716 ad
2459 1653 2713 1718 tertium
2766 1653 3131 1736 scriptionis

424 1789 647 1853 genus,
693 1788 819 1851 quo
865 1774 1082 1852 partes
1127 1766 1432 1835 librorum
1477 1768 2028 1836 Aristotelicorum
2069 1790 2198 1835 non
2244 1770 2665 1857 explicantur,
2720 1773 2835 1839 sed
2879 1772 2965 1838 ad
3012 1773 3136 1856 pri-

424 1889 660 1954 marias
715 1888 1090 1971 sententias,
1145 1908 1306 1971 quas
1359 1889 1747 1973 contineant,
1802 1889 1986 1973 quasi
2030 1889 2437 1956 reducuntur.
2524 1892 2721 1958 talem
2770 1893 3132 1975 argumenti

425 2008 1062 2094 comprehensionem
1106 2007 1248 2072 libri
1295 2009 1396 2074 De
1439 2009 1659 2074 anima
1703 2010 1764 2074 II
1811 2009 2131 2094 capitibus
2180 2011 2212 2074 1
2260 2017 2326 2077 et
2368 2012 2409 2075 2
2452 2009 2803 2076 adhibitam
2849 2012 3133 2077 continet

425 2129 636 2213 11,27,
683 2129 968 2195 eiusdem
1001 2127 1146 2192 libri
1191 2129 1603 2194 summarium
1635 2127 1865 2212 capitis
1896 2129 2102 2212 quinti
2134 2131 2332 2213 111,3.
2424 2150 2501 2218 eo
2534 2137 2780 2196 tantum
2812 2132 3132 2215 differunt,

426 2248 593 2332 quod
640 2249 757 2332 111,
789 2249 828 2314 3
875 2256 940 2315 et
986 2247 1342 2314 uberiorem
1374 2253 1440 2312 et
1468 2246 1828 2314 breviorem
1860 2250 2159 2334 analysin
2192 2251 2479 2334 praebet.
2567 2250 3133 2337 interpretationes

424 2374 640 2434 autem
673 2369 836 2434 haec
861 2369 1079 2453 inepte
1124 2367 1344 2434 vocari
1388 2373 1452 2432 et
1498 2387 1612 2450 per
1642 2387 1712 2433 se
1759 2375 1943 2452 patet
1987 2377 2051 2434 et
2096 2369 2330 2434 docent
2375 2367 2661 2436 eiusdem
2693 2372 2949 2453 generis
2993 2371 3133 2436 reli-

425 2488 614 2571 quiae
658 2488 774 2564 ΙΙΙ,
803 2489 886 2553 10
929 2495 993 2554 et
1051 2489 1158 2570 14,
1225 2507 1493 2570 quorum
1559 2488 1832 2552 alterum
1900 2489 2245 2572 genuinam
2288 2490 2765 2574 inscriptionem
2823 2491 3132 2558 servavit:

419 2607 838 2693 Ἐπιδρομή.
929 2607 1042 2672 sed
1088 2605 1348 2672 difficile
1392 2614 1492 2672 est
1535 2607 1845 2690 originem
1900 2609 2126 2674 horum
2195 2609 2475 2692 capitum
2544 2611 2886 2694 explicare.
2976 2610 3135 2675 talia

425 2731 594 2797 enim
640 2735 706 2794 et
748 2728 1044 2814 discipuli
1091 2733 1360 2812 possunt
1403 2727 1880 2793 exercitationis
1925 2747 2123 2794 causa
2168 2729 2500 2814 scripsisse
2553 2734 2619 2794 et
2660 2730 2967 2812 magister
3011 2728 3135 2794 dis-

425 2849 652 2933 cipulis
696 2848 994 2933 dictasse,
1062 2846 1290 2932 quibus
1343 2848 1408 2913 in
1464 2847 1738 2914 lectione
1789 2854 2139 2914 uterentur.
2252 2856 2494 2915 certum
2557 2849 2680 2915 hoc
2736 2856 2983 2914 tantum
3036 2854 3137 2914 est

428 2968 864 3035 Alexandrum
911 2968 1071 3034 haec
1115 2988 1326 3052 neque
1371 2967 1650 3034 edidisse
1692 2987 1903 3052 neque
1932 2969 2017 3033 ad
2055 2968 2377 3035 edendum
2422 2968 2774 3053 scripsisse.
2864 2970 3134 3035 collecta

425 3095 638 3155 autem
672 3109 816 3155 esse
846 3089 1004 3154 talia
1034 3087 1580 3173 intrepi-etationis
1611 3087 1895 3153 subsidia
1926 3095 2072 3172 post
2102 3095 2371 3156 mortem
2404 3089 2541 3155 eius
2572 3088 2788 3153 nescio
2832 3107 2918 3152 an
2964 3086 3135 3151 testi-

425 3208 640 3273 monio
685 3208 770 3273 sit
809 3214 1130 3274 vetustum
1177 3205 1486 3272 scholium
1530 3206 1921 3290 adscriptum
1968 3208 2052 3274 ad
2098 3208 2213 3292 1,2
2258 3208 2491 3293 ἄμεινον
2536 3209 2803 3272 τέτακται
2854 3212 3023 3270 τοῦτο
3071 3208 3135 3270 τὸ

425 3327 738 3413 πρόβλημα
781 3328 844 3391 ἐν
889 3333 974 3413 τῷ
1020 3328 1465 3413 ἐπιγραφομένῳ
1499 3327 1778 3398 Λέξεών
1824 3351 2035 3391 τινων
2068 3328 2144 3390 ἐκ
2186 3333 2304 3392 τοῦ
2340 3330 2515 3415 Περὶ
2562 3329 2981 3411 αἰσθήσεως
3018 3327 3134 3389 καὶ

424 3449 770 3533 αἰσθητοῦ
815 3447 1139 3532 ἐξήγησις
1182 3450 1295 3512 καὶ
1341 3449 1708 3533 ἐπιδρομή.

595 3567 998 3634 Ferehantur
1071 3567 1266 3649 igitur
1343 3575 1600 3652 praeter
1676 3569 2136 3634 commentaria
2210 3569 2520 3652 reliquiae
2587 3563 3137 3651 interpretationis

430 3687 782 3754 Alexandri
829 3685 1042 3753 editae
1089 3706 1170 3752 ex
1200 3687 1463 3752 scholae
1507 3688 1834 3754 memoria.
1926 3708 2093 3771 quae
2138 3689 2189 3753 si
2239 3688 2549 3754 extabant
2592 3686 2677 3751 ad
2723 3685 2951 3751 librum
2996 3682 3135 3747 Ari-

426 3807 674 3874 stotelis
723 3808 820 3873 De
851 3828 1064 3892 sensu,
1111 3807 1444 3891 probabile
1487 3815 1588 3874 est
1628 3806 1826 3873 fuisse
1872 3808 2055 3892 alias,
2103 3828 2269 3891 quae
2314 3808 2399 3873 ad
2429 3806 2774 3892 Physicam
2819 3804 3137 3868 ausculta-

424 3927 686 4009 tionem,
734 3928 833 3992 De
877 3927 1114 4013 anima,
1161 3929 1262 3994 De
1307 3927 1714 4012 corruptione
1760 3935 1824 3993 et
1869 3927 2286 4010 generatione
2330 3927 2463 3992 alia
2507 3927 2922 4010 pertinerent.

595 4050 731 4113 Iam
778 4067 932 4113 vero
979 4047 1193 4118 λέξεων
1249 4047 1516 4130 ἐξήγησις
1568 4046 1720 4130 quid
1775 4046 1877 4130 sit,
1933 4067 2063 4111 non
2118 4053 2215 4112 est
2259 4046 2549 4130 dubium3
2602 4045 2900 4110 nimirum
2946 4043 3137 4109 inter-

427 4168 856 4253 pretationum
925 4169 1220 4234 collectio
1289 4166 1683 4249 singulorum
1741 4167 2043 4232 locorum.
2155 4168 2473 4253 ἐπιδρομῆς
2532 4173 2749 4233 autem
2808 4164 3134 4258 notionem

423 4294 491 4353 et
537 4286 752 4352 licebit
796 4294 862 4353 et
905 4287 1224 4371 oportebit
1268 4306 1350 4352 ex
1381 4284 1876 4363 Quaestionibus
1920 4287 2327 4370 constituere,
2376 4307 2456 4353 ex
2489 4287 2718 4370 quibus
2764 4291 2943 4369 patet
2973 4284 3135 4348 duas

424 4405 716 4472 diversas
761 4406 886 4471 hoc
929 4406 1188 4472 nomine
1233 4403 1690 4488 comprehendi
1733 4404 2253 4486 significationes.
2343 4415 2537 4492 atque
2596 4405 2679 4471 de
2724 4405 2937 4490 priore
2981 4405 3134 4488 dixi,

425 4545 552 4609 qua
595 4532 902 4590 notantur
944 4526 1338 4608 singulorum
1398 4524 1676 4608 capitum
1721 4524 2272 4591 Aristotelicorum
2328 4525 2675 4591 summaria
2732 4525 2869 4591 sive
2912 4524 3137 4608 analy-

425 4665 550 4710 seS.
637 4644 800 4710 haec
842 4651 1058 4710 autem
1105 4665 1233 4710 non
1280 4644 1452 4709 cadit
1517 4645 1582 4708 in
1629 4662 1772 4709 eam
1817 4645 2418 4710 commentationem
2464 4644 2655 4730 (1,2),
2711 4663 2901 4729 quam
2948 4643 3137 4726 perti-

430 4782 585 4829 nere
631 4764 790 4829 illud
836 4764 1126 4829 scholion
1169 4761 1334 4828 dixit
1375 4763 1463 4828 ad
1507 4762 1718 4833 λέξεων
1761 4763 2031 4847 ἐξήγησιν
2077 4763 2177 4825 καὶ
2204 4763 2537 4847 ἐπιδρομήν.
2626 4763 2803 4848 atqui
2836 4783 2919 4828 ne
2950 4763 3138 4828 inter-

427 4883 705 4966 pretatio
739 4881 994 4966 quidem
1027 4881 1388 4948 continetur
1420 4883 1542 4948 hoc
1571 4882 1804 4966 capite,
1837 4903 1961 4966 quo
1995 4882 2275 4947 breviter
2304 4882 2773 4966 Peripateticae
2803 4883 3135 4947 cuiusdam
