3684 5567
1335 261 1496 320 ΠΕΡΙ
1535 261 2011 322 ΕῘΜΑΡΜΕΝΗΣ
2046 268 2251 322 24-25
3033 273 3153 337 195

543 432 680 496 οὐδὲ
723 433 818 496 διὰ
863 434 961 496 τὸν
1007 437 1276 518 χειμῶνα
1320 437 1386 499 τὸ
1431 436 1622 522 θέρος.
1714 437 1853 501 ὅθεν
1899 439 1994 501 καὶ
2042 437 2394 520 θαυμάσειεν
2440 439 2509 502 ἄν
2555 463 2637 509 τις
2688 441 2900 510 αὐτοὺς
2942 443 3048 525 τὴν

540 541 657 600 τῶν
701 538 900 600 αἰτίων
946 537 1223 600 ἀπόδοσιν
1268 543 1468 602 τοῦτον
1513 539 1893 622 ποιουμένους
1937 542 2033 604 τὸν
2080 541 2289 624 τρόπον
2323 545 2403 611 ὡς
2433 543 2545 606 αἰεὶ
2591 545 2654 606 τὸ
2696 549 2926 628 πρῶτον
2957 568 3045 626 γε·

545 639 712 718 γονὸς
755 639 1052 702 αἰτιᾶσθαι
1098 644 1199 702 τοῦ
1249 642 1395 720 μετὰ
1437 646 1606 704 τοῦτο
1651 643 1747 704 καὶ
1791 647 1979 706 ποιεῖν
2024 642 2382 706 ἐπισύνδεσίν
2425 669 2549 708 τινα
2602 648 2700 709 καὶ
2745 648 3049 732 συνέχειαν
3078 664 3131 705 15

541 745 656 802 τῶν
702 741 920 823 αἰτίων,
987 743 1082 805 καὶ
1127 742 1340 826 ταύτην
1385 749 1488 807 τοῦ
1536 745 1714 826 μηδὲν
1761 745 2029 814 ἀναιτίως
2071 745 2652 831 γίνεσῦαυφέρονται
2696 751 2800 832 τὴν
2844 749 3048 811 αἰτίαν.

473 861 504 908 5
543 841 772 924 ὁρῶμεν
817 843 927 926 γὰρ
973 842 1070 906 ἐπὶ
1115 848 1348 907 πολλῶν
1393 843 1512 931 (τὸ)
1556 846 1697 909 αὐτὸ
1743 848 1838 910 καὶ
1885 851 2005 915 τοῖς
2050 851 2300 931 πρώτοις
2352 849 2449 911 καὶ
2504 855 2625 919 τοῖς
2670 851 2930 935 ὑστέροις
2971 863 3048 934 γι-

543 945 806 1026 νομένοις
851 944 916 1007 ὃν
961 945 1160 1010 αἴτιον.
1248 953 1352 1010 τοῦ
1395 953 1533 1029 γοῦν
1579 951 1897 1032 ἀναστῆναι
1940 951 2037 1012 καὶ
2082 954 2184 1012 τοῦ
2230 956 2618 1035 περιπατῆσαι
2662 954 2727 1015 τὸ
2777 952 2919 1016 αὐτὸ
2966 951 3051 1015 αῖ-

543 1069 683 1121 τιον,
749 1047 818 1110 οὐ
865 1049 970 1130 γὰρ
1015 1050 1080 1112 τὸ
1135 1050 1452 1135 ἀναστῆναι
1507 1055 1609 1114 τοῦ
1653 1058 2062 1136 περιπατῆσαι,
2133 1051 2252 1114 ἀλλ’
2310 1052 2657 1137 ἀμφοτέρων
2722 1055 2753 1116 ὃ
2800 1056 3054 1124 ἀναστὰς
3079 1073 3135 1114 20

543 1151 639 1214 καὶ
683 1155 1017 1234 περιπατῶν
1063 1151 1242 1222 αἴτιος
1286 1155 1384 1217 καὶ
1425 1156 1464 1236 ἡ
1511 1154 1718 1218 τούτου
1766 1157 2115 1240 προαίρεσις.
2194 1157 2423 1239 ὁρῶμεν
2470 1154 2521 1218 δ’
2578 1155 2667 1219 ὅτι
2711 1158 2807 1220 καὶ
2851 1160 3055 1226 νυκτὸς

546 1255 642 1317 καὶ
687 1254 912 1338 ἡμέρας
954 1254 1109 1323 τάξιν
1155 1255 1280 1318 τινὰ
1325 1256 1596 1341 ἐχουσῶν
1642 1259 1784 1341 πρὸς
1829 1258 2091 1340 ἀλλήλας
2118 1257 2181 1319 ἓν
2212 1259 2309 1320 καὶ
2340 1257 2547 1321 ταύτὸν
2590 1259 2791 1338 αἴτιον,
2838 1261 3055 1342 ὁμοίως

443 1379 508 1424 ιο
545 1357 609 1418 δὲ
651 1357 749 1420 καὶ
793 1362 898 1440 τῆς
943 1361 1060 1420 τῶν
1104 1363 1320 1442 καιρῶν
1367 1361 1720 1443 μεταβολῆς·
1789 1360 1858 1422 οὐ
1903 1359 2013 1444 γὰρ
2058 1360 2090 1424 ὃ
2138 1363 2363 1445 χειμὼν
2430 1359 2611 1429 αἴτιος
2677 1366 2779 1424 τοῦ
2824 1362 3054 1446 θέρους,
3083 1379 3138 1420 25

544 1459 664 1523 ἀλλ’
721 1460 956 1523 ἐκείνων
1001 1483 1064 1522 τε
1107 1462 1203 1524 καὶ
1249 1461 1456 1524 τούτου
1503 1459 1595 1546 (ἡ)
1640 1466 1743 1525 τοῦ
1789 1462 1953 1525 θείου
2022 1465 2296 1545 σώματος
2359 1463 2581 1546 κίνησίς
2632 1486 2695 1526 τε
2750 1466 2845 1527 καὶ
2904 1489 3057 1550 περι-

547 1562 701 1647 φορὰ
744 1563 840 1625 καὶ
887 1564 924 1646 ἡ
972 1563 1120 1626 κατὰ
1165 1565 1260 1626 τὸν
1305 1564 1471 1634 λοξὸν
1517 1565 1726 1628 κύκλον
1771 1561 2042 1646 ἔγκλισις,
2112 1563 2247 1628 καθ’
2303 1565 2376 1647 ἢν
2431 1566 2463 1628 ὁ
2509 1567 2673 1649 ἥλιος
2725 1566 3058 1646 κινούμενος

544 1667 816 1730 ἁπάντων
861 1666 1081 1748 ὁμοίως
1125 1671 1240 1728 τῶν
1287 1669 1722 1752 προειρημένων
1769 1666 1967 1737 αἴτιος.
2042 1669 2141 1731 καὶ
2172 1666 2260 1729 ὅτι
2292 1668 2374 1751 μὴ
2420 1667 2511 1751 <ἡ>
2542 1668 2639 1738 νὺξ
2682 1674 2787 1752 τῆς
2830 1669 3089 1752 ἡμέραςι

547 1769 700 1832 αἰτία
745 1769 782 1850 ἢ
832 1768 863 1830 ὁ
910 1771 1137 1852 χειμὼν
1181 1774 1283 1832 τοῦ
1330 1769 1543 1854 θέρους
1589 1771 1739 1854 μηδὲ
1783 1770 2177 1850 ἐμπέπλεκται
2240 1774 2422 1834 ταῦτα
2476 1770 2751 1854 ἀλλήλοις
2794 1771 3057 1838 ἁλύσεως
3084 1787 3141 1828 ω

445 1893 508 1940 15
549 1873 730 1954 δίκην,
775 1869 822 1952 †
856 1870 924 1934 ἂν
955 1871 1071 1940 ἕως
1101 1876 1281 1936 ταῦτα
1308 1873 1538 1955 γίνεται,
1585 1873 1624 1955 ἢ
1669 1875 1721 1935 εἰ
1751 1874 1835 1955 μὴ
1868 1873 2051 1940 οὕτως
2078 1874 2308 1954 γίνοιτο,
2354 1873 2855 1957 διασπασθήσεται
2885 1873 2924 1954 ἠ
2956 1875 3058 1934 τοῦ

547 1976 771 2056 κόσμου
817 1998 881 2037 τε
924 1975 1023 2037 καὶ
1065 1979 1182 2036 τῶν
1227 1975 1288 2036 ἐν
1337 1976 1502 2060 αὐτῷ
1547 1975 1861 2058 γινομένων
1906 2000 1971 2039 τε
2022 1977 2120 2038 καὶ
2186 1974 2367 2038 ὄντων
2424 1975 2647 2043 ἕνωσις.
2738 1975 2906 2038 ἱκανὰ
2948 1973 3059 2057 γὰρ

547 2079 617 2140 τὰ
663 2077 798 2140 θεῖα
843 2077 938 2139 καὶ
990 2075 995 2160 Ι
1047 2078 1086 2158 ἡ
1132 2076 1350 2140 τούτων
1396 2078 1684 2162 περιφορὰ
1728 2079 1832 2162 τὴν
1878 2081 1994 2139 τῶν
2037 2077 2351 2159 γινομένων
2396 2078 2458 2140 ἐν
2502 2082 2588 2162 τῷ
2636 2077 2845 2162 κόσμῳ
2890 2077 3053 2140 συνέ-
3095 2083 3166 2139 80

548 2205 713 2265 χειαν
768 2182 1106 2264 φυλάσσειν.
1195 2179 1316 2242 ἀλλ’
1373 2180 1508 2244 οὐδὲ
1552 2183 1617 2243 τὸ
1665 2185 1999 2264 περιπατεῖν
2046 2181 2316 2256 ἀναίτιον,
2364 2181 2489 2243 ἐπεὶ
2536 2182 2619 2264 μὴ
2666 2181 2733 2244 ἐκ
2777 2184 2879 2242 τοῦ
2926 2180 3059 2242 ἀνα-

549 2288 751 2366 στῆναι
795 2285 898 2366 τὴν
943 2284 1128 2346 αἰτίαν
1175 2281 1321 2366 ἔχει.
1413 2281 1553 2346 ὥστ’
1610 2281 1724 2367 οὐχ
1769 2281 1815 2362 †
1862 2283 2049 2351 οὕτως
2092 2283 2289 2345 αἰτίων
2334 2283 2533 2366 εἱρμὸς
2588 2281 2683 2345 ὑπ’
2739 2281 2931 2345 αὐτῶν
2978 2285 3064 2344 λε-

443 2407 512 2453 20
547 2385 791 2471 γόμενος
841 2386 1099 2468 εὐλόγως
1143 2385 1214 2448 ἂν
1259 2389 1361 2448 τοῦ
1409 2386 1588 2469 μηδὲν
1635 2386 1909 2454 ἀναιτίως
1950 2386 2212 2467 γίνεσθαι
2254 2385 2489 2470 φέροιτο
2534 2386 2639 2468 τὴν
2685 2384 2891 2447 αἰτίαν.
2985 2388 3065 2453 ὡς
3118 2403 3146 2442 r»

550 2490 656 2574 γὰρ
703 2491 762 2552 αἱ
807 2491 1062 2572 κινήσεις
1106 2491 1203 2553 καὶ
1249 2490 1302 2551 οἱ
1349 2487 1553 2572 χρόνοι
1598 2486 1806 2573 ἔχουσι
1855 2489 1960 2573 μέν
2006 2511 2129 2552 τινα
2174 2490 2357 2552 αἰτίαν
2400 2488 2500 2570 (οὐ
2549 2489 2663 2571 μὴν
2726 2486 2858 2549 οὔτε
2903 2489 2941 2568 ἡ
2988 2488 3067 2550 κί-
3144 2527 3149 2531 -

553 2615 714 2676 νησις
757 2595 863 2676 τὴν
909 2595 1020 2677 πρὸ
1065 2592 1246 2676 αὐτῆς
1293 2589 1429 2654 οὔτε
1474 2593 1505 2654 ὁ
1551 2591 1762 2676 χρόνος
1828 2592 1927 2655 τὸν
1973 2593 2085 2676 πρὸ
2132 2591 2310 2655 αὐτοῦ
2370 2590 2631 2675 χρόνον),
2700 2589 2883 2656 οὕτως
2938 2587 3067 2674 ἔχει

551 2697 648 2758 καὶ
693 2696 764 2758 τὰ
809 2696 870 2758 ἐν
914 2695 1111 2762 αὐτοῖς
1156 2719 1217 2757 τε
1263 2695 1360 2758 καὶ
1403 2693 1474 2756 τὰ
1520 2691 1592 2756 δι’
1649 2693 1845 2757 αὐτῶν
1914 2695 2184 2777 γινόμενα
2237 2696 2567 2778 πράγματα.
2658 2698 2761 2776 τῆς
2810 2693 2912 2774 μὲν
2956 2692 3066 2774 γὰρ
3097 2711 3152 2752 ιο

554 2799 858 2883 συνεχείας
900 2803 1018 2861 τῶν
1061 2797 1382 2880 γινομένων
1428 2797 1554 2860 ἐστί
1595 2820 1677 2863 τις
1722 2797 1899 2872 αἰτία,
1945 2796 2019 2859 δι’
2075 2797 2147 2880 ἢν
2194 2797 2225 2858 ὁ
2272 2799 2490 2878 κόσμος
2536 2796 2619 2862 εἷς
2666 2819 2728 2857 τε
2758 2797 2853 2857 καὶ
2885 2795 3066 2860 ἀίδιος

445 2921 512 2970 25
550 2901 698 2965 κατὰ
743 2903 808 2964 τὸ
853 2899 996 2964 αὐτό
1043 2925 1106 2964 τε
1150 2902 1246 2964 καὶ
1293 2900 1574 2966 ὡσαύτως
1621 2902 1712 2963 ἀεὶ
1757 2900 2173 2982 διοικούμενος,
2233 2900 2329 2962 καὶ
2373 2902 2467 2961 δεῖ
2506 2898 2719 2980 ταύτην
2766 2902 2957 2980 ζητεῖν
3002 2921 3065 2959 τε

551 3006 648 3067 καὶ
693 3002 832 3088 (μὴ)
878 3007 1222 3086 παραλιπεῖν
1269 3009 1374 3088 τῆν
1421 3004 1627 3079 αἰτίαν,
1695 3003 1762 3066 οὐ
1811 3006 1927 3088 μὴν
1975 3004 2092 3088 χρὴ
2138 3002 2409 3087 τοιαύτην
2464 3002 2913 3085 ὑπολαμβάνειν,
2984 3004 3065 3066 ὡς

553 3108 622 3170 ἐκ
665 3111 767 3170 τοῦ
835 3107 1232 3191 πρεσβυτέρου
1279 3107 1538 3190 γίνεσθαι
1582 3109 1648 3171 τὸ
1696 3110 1999 3190 νεώτερον,
2064 3109 2145 3172 ὡς
2192 3107 2422 3188 ὁρῶμεν
2478 3103 2775 3186 γινόμενον
2821 3103 2915 3165 ἐπὶ
2962 3109 3066 3186 τῆς
3095 3121 3147 3162 15

552 3217 670 3273 τῶν
716 3207 890 3294 ζῴων
935 3209 1236 3291 γενέσεως.
1327 3209 1562 3291 εὔλογον
1608 3211 1673 3271 δὲ
1718 3210 1814 3272 καὶ
1863 3209 2055 3294 ἀρχήν
2100 3231 2226 3270 τινα
2272 3207 2334 3268 ἐν
2379 3211 2499 3272 τοῖς
2543 3207 2741 3272 αἰτίοις
2787 3205 2933 3268 εἶναι
2976 3205 3069 3267 λε’-

551 3335 692 3393 γειν,
737 3310 925 3374 οὐκέτ’
969 3311 1151 3395 ἄλλην
1183 3314 1295 3396 πρὸ
1327 3311 1505 3396 αὐτῆς
1538 3313 1731 3396 ἀρχὴν
1775 3313 1871 3374 καὶ
1915 3311 2099 3374 αἰτίαν
2131 3307 2402 3394 ἔχουσαν.
2470 3308 2538 3371 οὐ
2583 3309 2693 3392 γὰρ
2738 3311 2789 3370 εἰ
2836 3309 3073 3392 [πάντα]

445 3433 517 3482 30
552 3415 624 3477 τὰ
653 3413 926 3497 γινόμενα
959 3417 1142 3477 πάντα
1173 3413 1328 3478 αἴτια
1361 3411 1508 3498 ἔχει,
1554 3413 1670 3497 ἤδη
1704 3416 1800 3477 καὶ
1832 3416 2065 3476 πάντων
2095 3413 2245 3475 εἶναί
2270 3434 2421 3477 τινας
2452 3412 2637 3478 αἰτίας
2682 3413 2923 3496 ἀνάγκη.
3000 3410 3068 3473 οὐ
3096 3427 3172 3504 20-
3192 3481 3219 3518 ἱ·

448 3759 480 3811 2
530 3759 706 3812 αἰτίων
741 3758 814 3810 13²
851 3759 970 3810 Cas,
1010 3763 1080 3812 O:
1131 3756 1346 3826 ἰσθμίων
1384 3758 1514 3811 Va¹²
1726 3758 1758 3810 3
1805 3759 1920 3822 τοῦ]
1956 3755 2013 3810 τὸ
2052 3756 2168 3808 Cas.
2208 3759 2253 3808 Ο
2467 3763 2602 3810 ποιεῖ
2636 3757 2703 3808 V¹
2744 3759 2892 3820 (corr.
2931 3772 2979 3807 v.
3007 3757 3072 3817 c.)

445 3864 480 3914 4
519 3860 755 3932 φέρεσθαι
791 3862 862 3914 13²
1110 3862 1142 3914 5
1179 3861 1239 3914 τὸ
1277 3862 1400 3914 αὐτὸ
1438 3861 1530 3914 B2':
1570 3861 1628 3913 τὸ
1669 3865 1742 3913 E:
1787 3860 1912 3913 αὐτὸ
1951 3861 2039 3912 rel.
2274 3860 2305 3911 6
2351 3847 2409 3912 το
2459 3862 2576 3926 (sic)
2622 3865 2743 3913 ante
2793 3859 2916 3912 αὐτὸ
2966 3860 3083 3912 add.
3130 3877 3177 3912 v.

448 3967 493 4002 e.
519 3953 569 4002 V
731 3950 762 4000 9
801 3949 1033 4022 ἐχουσῶν
1069 3949 1237 4001 Lond.
1277 3947 1420 4002 13²0:
1463 3949 1662 4021 ἔχουσιν
1699 3948 1829 4000 Va¹²
2050 3947 2113 3999 10
2148 3949 2364 4017 καιρῶν]
2402 3954 2613 4017 καρπῶν
2653 3947 2733 3997 ⁸¹²
2951 3949 3009 3998 11
3050 3947 3179 3999 ἐκεί-

449 4055 540 4090 νου
577 4041 624 4090 Ο
802 4035 990 4089 τούτου
1023 4053 1070 4088 v.
1109 4053 1154 4089 c.
1193 4036 1326 4090 Va²z
1383 4037 1552 4090 τούτω
1591 4039 1658 4088 V*
1912 4035 1991 4103 <ἠ>
2025 4038 2115 4085 τοῦ
2152 4035 2223 4086 13²
2479 4035 2539 4087 12
2596 4035 2808 4104 ἔγκλισις
2846 4035 2944 4086 affl:
3002 4035 3179 4104 ἔγκλη-

448 4141 520 4182 σις
557 4127 605 4174 V
824 4124 888 4176 13
943 4123 1120 4192 αἴτιος]
1173 4143 1220 4176 τι
1273 4141 1315 4176 s.
1352 4141 1400 4176 v.
1437 4129 1505 4176 V:
1562 4123 1721 4176 αἴτιον
1767 4121 1929 4174 1(Εεῖ
2174 4119 2251 4174 ὅτι
2301 4123 2400 4175 del.
2445 4127 2490 4176 Ο
2775 4125 2807 4193 ἡ
2860 4124 3037 4175 addidi

448 4212 536 4273 νῦξ
575 4218 620 4264 V
795 4212 862 4263 14
917 4210 1221 4280 ἐμπλέκεται
1267 4211 1348 4261 8¹²
1589 4215 1748 4262 ταῦτα
1791 4226 1893 4262 om.
1934 4213 1981 4260 H
2219 4211 2280 4262 15
2337 4210 2397 4261 ἂν
2452 4209 2548 4268 ἕως
2593 4215 2752 4262 ταῦτα
2798 4210 2899 4262 8¹²:
2964 4229 3027 4262 αν
3082 4210 3180 4267 ἕως

447 4303 606 4352 ταῦτα
643 4301 718 4352 sic
753 4303 820 4351 V:
859 4298 957 4356 ἕως
995 4299 1055 4350 ἂν
1102 4303 1262 4351 ταῦτα
1301 4298 1416 4350 CaS.
1456 4301 1528 4351 0:
1567 4298 1785 4350 fortasse
1822 4296 1904 4360 (οὔ
1941 4296 2020 4348 διὰ
2056 4293 2217 4361 τοῦτ’)
2254 4297 2549 4355 ἀναιτίως
2593 4303 2751 4350 ταῦτα
2785 4299 2969 4368 γίνεται

450 4419 660 4490 γίνοιτο]
696 4419 889 4489 γένοιτο
927 4419 1094 4472 Lond.
1134 4423 1179 4473 O
1407 4419 1471 4471 16
1509 4436 1586 4487 pr.
1622 4436 1678 4470 τε
1715 4433 1812 4470 om.
1854 4421 1899 4470 O
2120 4419 2181 4471 19
2219 4407 2317 4492 ούχ
2352 4422 2410 4484 (i.
2435 4437 2479 4472 e.
2519 4438 2586 4491 υχ
2624 4419 2722 4471 del.
2760 4435 2809 4471 v.
2834 4423 2899 4484 e.)
2937 4424 2986 4471 V

453 4503 640 4575 οὕτως]
697 4505 724 4558 ὁ
769 4513 873 4558 τῶν
913 4507 983 4559 13²
1034 4507 1254 4560 fortasse
1302 4516 1438 4560 recte
1670 4503 1840 4556 αὐτῶν
1890 4521 1936 4556 v.
1978 4521 2021 4557 e.
2063 4510 2126 4558 V:
2184 4506 2339 4558 αὐτοῦ
2376 4506 2531 4558 V¹a¹²
2761 4505 2829 4556 24
2880 4507 3179 4575 γινομένων]

456 4594 631 4647 αἰτίων
680 4597 725 4648 Ο
978 4593 1044 4644 26
1093 4596 1202 4659 καὶ]
1249 4597 1300 4646 αὶ
1343 4596 1398 4646 in
1447 4595 1525 4646 lit.
1577 4597 1622 4643 V
1839 4591 1911 4661 μὴ
1948 4592 2244 4664 παραλιπεῖν
2281 4593 2374 4647 13²:
2430 4592 2723 4664 παραλιπειν
2768 4598 2832 4645 V:
2887 4593 3182 4664 παραλιπεῖν

453 4682 555 4734 a¹²z
593 4681 882 4752 παραλίπειν
910 4685 982 4732 E:
1019 4682 1324 4752 παραλαβεῖν
1360 4681 1475 4734 Cas.
1497 4684 1544 4734 O
1725 4679 1852 4748 μὴν]
1890 4681 1983 4749 γὰρ
2020 4680 2184 4732 Lond.
2363 4682 2435 4740 ὡς
2474 4680 2715 4734 HEB²Ot
2756 4680 2853 4738 ἕως
2885 4683 3037 4735 νέης
3077 4682 3183 4735 ὥστ

459 4771 612 4837 casp.
655 4773 700 4822 O
917 4769 1254 4854 291ἕχουσαν
1302 4769 1404 4822 8¹⁸²:
1467 4769 1653 4842 ἔχουσα
1690 4771 1739 4818 V
1972 4770 2135 4820 πάντα
2183 4775 2305 4820 ante
2345 4769 2407 4820 τὰ
2453 4769 2552 4821 del.
2594 4772 2657 4819 V:
2714 4769 2831 4820 exh.
2871 4769 2953 4821 ει12

456 4856 526 4909 30
560 4857 860 4910 πάντάοω.
899 4858 995 4910 ΕΟ

2652 4941 2782 5008 13*
