3684 5567
502 220 623 283 108
1466 216 1767 274 ΑηοΡῐΩΝ
1808 216 1930 273 κΑῐ
1973 216 2238 273 ΛΥΣΕΩΝ

602 390 800 475 τεθείη
847 391 980 475 παρ’
1030 393 1187 475 ἡμᾶς
1230 394 1297 455 τὸ
1342 393 1533 475 κύριον
1577 394 1770 474 τοῦδες
1819 393 1888 455 οὐ
1932 393 2042 476 γὰρ
2087 392 2214 454 ἐπεὶ
2259 384 2578 472 κοινότερον
2625 390 2864 475 λέγομεν
2909 390 3094 473 φαίνε·

604 494 742 557 σθαι
788 498 925 579 ἡμῖν
970 496 1065 557 καὶ
1108 496 1173 557 τὸ
1220 493 1365 557 κατὰ
1424 494 1519 557 τὸν
1566 493 1734 577 λόγον
1779 495 2015 577 εὑρεθέν
2063 518 2124 557 τε
2169 494 2266 558 καὶ
2310 493 2506 571 δόξαν,
2564 492 2676 578 ἤδη
2721 495 2839 579 χρὴ
2887 516 3090 577 φαντα-
3145 508 3174 549 ὁ

607 596 731 658 σίαν
776 620 839 659 τε
870 598 967 661 καὶ
1011 598 1106 661 ἐπὶ
1138 598 1425 681 φαντασίᾳ
1468 598 1650 680 λέγειν
1682 599 1785 681 τὴν
1817 598 2086 681 τοιαύτην
2133 596 2573 678 συγκατάθεσιν,
2619 594 2766 677 εἴγε
2809 598 2848 679 ἡ
2882 596 3093 679 κυρίως

602 701 886 781 φαντασία
933 700 1086 763 ἐστὶν
1131 701 1349 783 κίνησις
1388 700 1501 762 ὑπὸ
1544 706 1649 784 τῆς
1693 698 1813 763 κατ’
1867 699 2151 783 ἐνέργειαν
2195 700 2544 783 αἰσθήσεως.
2635 697 2783 761 ἀλλὰ
2827 698 2892 760 τὸ
2936 698 3092 761 ἐπαι-

534 820 563 867 5
603 802 828 865 νεῖσθαι
886 804 987 887 μὲν
1044 804 1174 871 τοὺς
1226 802 1707 887 βουλευομένους,
1769 803 2050 886 ψέγεσθαι
2103 802 2168 863 δὲ
2212 801 2347 869 τοὺς
2403 802 2505 885 μή,
2562 806 2801 885 σημεῖον
2847 804 2946 863 τοῦ
2992 796 3082 883 ἐφ’

602 905 741 987 ἡμῖν
788 904 934 968 εἶναι
988 907 1054 967 τὸ
1101 904 1484 990 βουλεύεσθαι
1537 905 1633 967 καὶ
1689 905 1770 986 μὴ
1826 910 1931 987 τῆς
1985 904 2298 989 φαντασίας
2341 902 2525 986 ἔργον.
2614 904 2666 966 οἱ
2713 902 2820 988 γὰρ
2873 900 3091 966 ἔπαινοι
3120 916 3173 959 1⁰

600 1008 695 1069 καὶ
743 1010 795 1069 οἱ
842 1007 1009 1091 ψόγοι
1054 1009 1149 1071 ἐπὶ
1193 1013 1311 1076 τοῖς
1356 1004 1449 1090 ἐφ’
1491 1008 1647 1089 ἡμῖν,
1698 1006 1782 1068 διὸ
1830 1006 1924 1067 ἐπὶ
1971 1012 2098 1075 ταῖς
2142 1006 2477 1091 φαντασίαις
2522 1004 2656 1069 οὔτε
2699 1004 3090 1085 ἐπαινούμεθα

604 1108 737 1172 οὔτε
791 1112 1120 1194 ψεγόμεθα,
1176 1113 1226 1174 εἰ
1273 1109 1354 1192 μή
1412 1130 1551 1173 τισιν
1598 1108 1787 1171 αὐτῶν
1845 1110 2016 1192 ἡμεῖς
2067 1109 2263 1178 αἴτιοι,
2319 1110 2412 1173 ἐπὶ
2461 1110 2524 1172 δὲ
2578 1114 2701 1177 ταῖς
2747 1106 2838 1171 ἐπ’
2893 1106 3093 1175 αὐταῖς

603 1214 1086 1295 συγκαταθέσεσιν
1140 1214 1255 1297 ἤδη
1309 1212 1526 1274 τούτων
1582 1212 1846 1295 θάτερον.
1937 1212 2236 1297 ψεγόμεθα
2289 1213 2398 1296 γὰρ
2449 1214 2544 1275 καὶ
2597 1216 2711 1275 τῶν
2763 1214 3091 1295 φαντασιῶν
3119 1224 3171 1267 ¹⁶

500 1335 561 1381 10
598 1314 691 1377 ἐπ’
746 1317 1009 1391 ἐκείναις,
1058 1316 1189 1380 ὅσαι
1237 1314 1483 1398 γίνονταί
1520 1337 1585 1396 γε
1628 1313 1701 1376 δι’
1758 1314 2114 1399 ἀνασκησίαν
2160 1318 2298 1399 ἡμῖν
2342 1320 2620 1391 τοιαῦται,
2673 1314 2746 1398 ἧς
2787 1314 3093 1396 ἀσκήσεως

597 1422 765 1502 ἡμεῖς
809 1419 957 1503 ἦμεν
1002 1421 1205 1504 κύριοι.
1290 1420 1413 1481 ἐπεὶ
1460 1419 1523 1481 τὸ
1556 1417 1918 1503 συμβούλους
1959 1420 2426 1505 παραλαμβάνειν
2460 1419 2500 1502 ἢ
2529 1420 2625 1482 καὶ
2658 1420 2824 1481 τοῦδε
2870 1419 3084 1499 μᾶλλον

601 1523 639 1606 ἢ
674 1524 796 1586 α’ντὶ
840 1526 1025 1587 τῶνδε
1069 1520 1163 1607 ἐφ’
1206 1524 1365 1605 ἡμῖν,
1412 1524 1585 1604 δῆλον
1628 1524 1708 1590 ὡς
1752 1520 1846 1605 ἐφ’
1887 1524 2027 1604 ἡμῖν
2072 1524 2168 1585 καὶ
2214 1524 2278 1585 τὸ
2311 1521 2694 1607 βουλεύεσθαι
2736 1522 2839 1603 τὴν
2871 1519 3079 1605 ἀρχήν.
3109 1534 3164 1577 2⁰

596 1625 649 1687 εἰ
692 1626 799 1709 γὰρ
846 1626 937 1711 ἐφ’
996 1629 1131 1709 ἡμῖν
1174 1626 1239 1688 τὸ
1285 1626 1477 1688 τοῖσδε
1521 1624 1859 1709 χρήσασθαι
1907 1626 2270 1711 συμβούλοις,
2314 1624 2386 1687 δι’
2443 1624 2540 1693 οὓς
2585 1626 2622 1705 ἡ
2671 1624 2905 1706 τοιαύτη
2950 1643 3083 1704 συγ-

600 1730 937 1805 κατάθεσις,
999 1726 1091 1814 ἐφ’
1156 1730 1295 1811 ἡμῖν
1356 1730 1450 1792 καὶ
1510 1730 1574 1791 τὸ
1635 1730 2034 1813 βουλεύεσθαι.
2139 1730 2265 1793 ἐπεὶ
2327 1730 2456 1814 περὶ
2514 1733 2630 1791 τῶν
2693 1729 2760 1792 ἐκ
2821 1727 3086 1811 προνοίας

496 1849 557 1898 15
598 1831 1085 1915 ἁμαρτανομένων
1132 1831 1361 1914 μείζους
1398 1833 1457 1893 αἱ
1488 1832 1755 1899 κολάσεις
1800 1834 1880 1900 ὡς
1909 1832 2056 1894 κατὰ
2087 1832 2412 1917 προαίρεσιν
2443 1830 2866 1916 πεποιηκότων,
2913 1830 3086 1913 δῆλον
3113 1844 3168 1887 2⁵

598 1936 679 2002 ὡς
723 1935 818 1996 καὶ
862 1938 977 1997 πᾶν
1022 1935 1087 1997 τὸ
1133 1935 1200 1997 ἐκ
1243 1935 1511 2019 προνοίας
1552 1934 1846 2017 γινόμενον
1891 1935 1983 2018 ἐφ’
2041 1938 2198 2018 ἡμῖν.
2251 1930 2258 2009 Ι

594 2208 757 2271 XIV.
833 2208 1209 2295 Ἐπιδρομὴ
1256 2217 1393 2274 τῶν
1440 2211 1509 2273 ἐν
1556 2216 1647 2293 τῷ
1696 2210 2003 2295 τετάρτῳ
2051 2208 2716 2295 Μετεωρολογικῶν,
2765 2209 3038 2292 ἀτελής.
3085 2216 3188 2273 209

764 2396 962 2462 Εἰπὼν
1009 2384 1068 2461 ἐν
1112 2406 1196 2485 τῷ
1244 2398 1495 2484 δευτέρῳ
1532 2398 1673 2483 Περὶ
1717 2399 1999 2482 γενέσεως
2045 2399 2142 2462 καὶ
2183 2400 2409 2483 φθορᾶς
2453 2402 2582 2485 περὶ
2627 2404 2742 2463 τῶν
2786 2402 3082 2483 τεσσάρων

597 2503 931 2586 στοιχείων,
988 2506 1168 2587 πυρὸς
1213 2502 1384 2587 ἀέρος
1429 2504 1631 2571 ὕδατος
1675 2508 1799 2586 γῆς,
1847 2504 1928 2572 τίς
1976 2502 2168 2567 αὐτῶν
2213 2504 2252 2586 ἡ
2298 2501 2424 2567 κατ’
2481 2502 2631 2572 εἶδος
2675 2503 2841 2566 οὐσία
2884 2526 2946 2565 τε
2989 2504 3086 2566 καὶ
3138 2519 3166 2562 5

487 2623 554 2670 20
590 2604 770 2679 αἰτία,
828 2606 1011 2676 δείξας
1056 2606 1107 2669 δ’
1164 2604 1338 2669 οὖσαν
1385 2606 1579 2674 αὐτοῖς
1637 2608 1731 2669 καὶ
1778 2607 1881 2689 τὴν
1925 2606 2143 2689 γένεσιν
2200 2606 2260 2677 ἐξ
2312 2608 2582 2691 ἀλλήλων
2626 2607 2772 2670 κατὰ
2817 2606 2920 2691 τὴν
2968 2608 3081 2669 τῶν

592 2709 1003 2772 εἰδοποιουσῶν
1049 2708 1225 2778 αὐτὰς
1279 2710 1573 2793 διαφορῶν
1628 2710 1710 2778 εἰς
1763 2710 2021 2791 ἀλλήλας
2067 2710 2426 2794 μεταβολήν,
2490 2710 2549 2773 ἐν
2601 2709 2787 2794 τούτῳ
2834 2714 2918 2794 τῷ
2964 2710 3082 2771 ἐπι·

591 2812 939 2896 γραφομένῳ
987 2812 1089 2894 μὲν
1134 2814 1388 2897 τετάρτῳ
1438 2811 2000 2896 Μετεωρολογικῶν,
2049 2811 2167 2875 ὄντι
2211 2814 2275 2876 δὲ
2322 2816 2540 2897 μᾶλλον
2587 2814 2782 2897 οἰκείῳ
2829 2816 2904 2897 τῇ
2951 2815 3082 2898 περὶ
3111 2828 3164 2869 1⁰

589 2914 871 2994 γενέσεώς
914 2938 976 2977 τε
1020 2916 1113 2977 καὶ
1160 2916 1384 2999 φθορᾶς
1429 2916 1787 3000 πραγματείᾳ
1844 2921 2072 3000 πρῶτον
2127 2916 2453 3001 ὑπέμνησεν
2507 2922 2622 2981 τῶν
2667 2918 3080 2980 εἰδοποιουσῶν

588 3016 659 3078 τὰ
706 3023 968 3102 στοιχεῖα
1012 3020 1084 3081 τὰ
1126 3018 1377 3101 τέσσαρα
1424 3020 1735 3102 διαφορῶν,
1783 3020 1844 3082 αἳ
1889 3018 2036 3103 ἦσαν
2083 3020 2185 3083 δύο
2233 3022 2292 3083 αἱ
2325 3026 2545 3103 πρῶται
2593 3026 2707 3084 τῶν
2753 3022 2953 3083 ἁπλῶν
2999 3022 3080 3083 ἐν·

484 3138 547 3187 25
587 3122 944 3195 αντιώσεων,
1005 3120 1295 3205 θερμότης
1338 3120 1661 3205 ψυχρότης,
1718 3123 1962 3205 ὑγρότης
2017 3122 2275 3205 ξηρότης.
2365 3124 2584 3186 τούτων
2627 3124 2736 3207 γὰρ
2785 3130 3080 3209 τετραχῶς
3109 3138 3163 3180 ιδ

588 3222 1060 3305 συνδυαζομένων
1115 3224 1387 3306 ἀλλήλοις
1435 3224 1675 3288 ἕκαστον
1722 3226 1914 3289 αὐτῶν
1961 3226 2344 3289 εἰδοποιεῖται.
2437 3226 2572 3309 μεθ’
2625 3228 2663 3291 ἃ
2707 3226 2918 3295 ἔδειξεν
2964 3231 3079 3290 τῶν

586 3327 881 3409 τεσσάρων
929 3326 1143 3389 τούτων
1199 3328 1490 3411 διαφορῶν
1545 3328 1648 3397 τὰς
1702 3329 1805 3411 μὲν
1862 3328 1964 3391 δύο
2019 3329 2319 3413 ποιητικὰς
2373 3328 2575 3409 οὔσας,
2635 3330 2968 3415 θερμότητά
3020 3354 3082 3393 τε

586 3428 683 3490 καὶ
714 3428 1074 3514 ψυχρότητα,
1120 3430 1445 3514 παθητικὰς
1488 3431 1552 3493 δὲ
1594 3430 1697 3499 τὰς
1741 3430 1864 3508 δύο,
1911 3433 2014 3515 τήν
2059 3455 2123 3494 τε
2154 3432 2440 3517 ξηρότητα
2483 3436 2580 3497 καὶ
2625 3435 2730 3518 τὴν
2777 3433 3079 3517 ὑγρότητα,

586 3532 681 3593 καὶ
728 3531 956 3616 ἑκάστῳ
1008 3538 1119 3595 τῶν
1168 3534 1469 3619 στοιχείων
1526 3534 1584 3603 ἐξ
1630 3534 1919 3617 ἑκατέρων
1973 3540 2076 3618 τῆς
2121 3537 2513 3605 ἐναντιώσεως
2566 3534 2940 3623 τὴνὶἑτέραν,
2998 3540 3078 3605 ὡς
3103 3552 3163 3595 2⁰

476 3650 544 3699 30
580 3634 676 3696 καὶ
720 3638 819 3697 τοῦ
866 3639 1046 3697 ποιεῖν
1102 3636 1196 3699 καὶ
1240 3642 1341 3698 τοῦ
1390 3638 1637 3721 πάσχειν
1696 3636 1932 3718 δύναμιν
1992 3637 2052 3699 ἐν
2107 3638 2335 3707 ἑαυτοῖς
2378 3642 2580 3701 πάντα.
2673 3624 2807 3721 μεθ’
2863 3638 2900 3702 ἃ
2947 3662 3078 3722 προ-

586 3736 755 3799 έθετο
810 3738 912 3818 μὲν
958 3739 1138 3801 εἰπεῖν
1198 3738 1266 3801 τὰ
1322 3736 1460 3823 ἔργα
1512 3739 1583 3801 τὰ
1624 3738 1897 3822 γινόμενα
1955 3740 2066 3803 ὑπὸ
2126 3746 2238 3803 τῶν
2293 3748 2605 3825 ποιητικῶν
2651 3744 2979 3823 δυνάμεων,
3042 3742 3086 3805 ἅ

584 3840 763 3915 ἐστιν,
811 3843 892 3908 ὡς
939 3841 1086 3925 ἐρεῖ,
1142 3842 1337 3925 πέψις,
1384 3845 1629 3927 ἀπεψία,
1688 3844 1784 3906 καὶ
1828 3843 1898 3905 τὰ
1945 3842 2216 3927 ἑκατέρου
2263 3844 2479 3907 τούτων
2523 3843 2680 3929 εἴδη,
2729 3842 2812 3907 ἔτι
2856 3848 2920 3908 δὲ
2963 3853 3079 3910 τῶν
3107 3862 3160 3905 25

587 3946 930 4028 πασχόντων
976 3942 1072 4008 ὑπ’
1129 3946 1349 4015 αὐτῶν,
1403 3950 1583 4009 ταῦτα
1630 3948 1694 4009 δέ
1738 3947 1859 4010 ἐστι
1909 3946 1918 4031 Ι
1967 3946 2134 4031 ξηρόν
2182 3970 2244 4009 τε
2297 3949 2392 4010 καὶ
2439 3946 2636 4031 ὑγρόν,
2693 3946 2766 4010 τὰ
2807 3947 2937 4033 εἴδη
2983 3973 3044 4012 τε
3087 3957 3184 4013 210

582 4047 677 4119 καὶ
720 4048 822 4117 τὰς
867 4050 1163 4133 διαφοράς.
1254 4050 1351 4113 καὶ
1394 4056 1621 4133 πρῶτον
1676 4050 1854 4112 εἰπὼν
1909 4050 1969 4113 ἐν
2029 4050 2115 4119 οἷς
2159 4050 2309 4112 ἐστίν
2355 4074 2418 4113 τε
2471 4052 2566 4113 καὶ
2619 4050 2828 4132 γίνεται
2888 4054 2926 4135 ἡ
2969 4076 3078 4115 τοι·

478 4168 543 4217 35
582 4147 729 4231 αύτη
778 4153 1101 4235 μεταβολή,
1158 4152 1245 4215 ὅτι
1289 4151 1449 4215 ταῦτ’
1506 4153 1658 4215 ἐστὶν
1704 4152 1775 4215 τὰ
1820 4152 2116 4237 πεφυκότα
2169 4154 2265 4215 καὶ
2309 4152 2379 4215 τὰ
2426 4157 2553 4237 ζῷα
2605 4155 2700 4216 καὶ
2745 4153 2816 4217 τὰ
2861 4154 3076 4218 τούτων

582 4252 752 4336 μέρη,
800 4256 879 4322 ως
927 4251 1043 4338 [δ’]
1091 4256 1157 4318 ἐκ
1202 4262 1305 4339 τῆς
1350 4260 1466 4318 τῶν
1512 4258 1807 4340 τεσσάρων
1855 4258 2142 4339 σωμάτων
2189 4255 2427 4319 συνόδου
2473 4256 2689 4319 τούτων
2735 4255 2916 4320 ὄντων
2961 4263 3075 4321 τῶν
3128 4273 3156 4316 5

474 4480 503 4531 6
541 4456 659 4543 «coss
690 4482 735 4529 V
922 4480 974 4530 11
1020 4478 1126 4531 ἐπεὶ
1152 4480 1313 4531 Victa
1356 4480 1435 4533 ἐπὶ
1474 4482 1589 4534 libri
1762 4484 1844 4535 11.
1889 4482 1950 4534 12
1988 4482 2206 4535 fortasse
2243 4484 2330 4535 καὶ
2367 4482 2586 4537 τούσδε
2624 4482 2812 4552 μᾶλλον
2849 4484 2932 4555 [ἢ]
2969 4486 3078 4539 ἀντὶ

477 4566 539 4618 18
576 4564 769 4637 φθορᾶς
802 4566 969 4619 B²S²a
1006 4570 1117 4633 Sp.:
1158 4566 1431 4637 διαφθορᾶς
1466 4570 1689 4621 VFB¹S¹
1871 4571 1937 4621 20
1973 4571 2065 4640 τὴν
2092 4574 2208 4637 Sp.:
2246 4572 2334 4627 τὰς
2355 4574 2545 4625 VBSa:
2584 4573 2646 4624 τὰ
2683 4576 2724 4625 F
2885 4574 2952 4625 22
2989 4574 3111 4627 δαν

472 4652 537 4705 23
584 4652 812 4724 πρῶτον]
859 4656 1301 4720 1()8,28--11(),26
1324 4678 1388 4699 =
1412 4658 1573 4709 Arist.
1610 4658 1817 4711 Meteor.
1847 4658 1934 4723 IV,
1967 4660 2009 4709 l.
2037 4658 2534 4711 378b10—379b9
2724 4661 2790 4713 *26
2833 4661 3179 4731 συνδοιαζομέ-

469 4759 569 4791 νων
610 4746 651 4791 V
832 4742 896 4793 29
936 4742 1153 4795 fortasse
1192 4743 1431 4814 ἑκατέρας
1631 4744 1701 4797 30
1736 4745 1956 4797 fortasse
1995 4748 2158 4798 πάντα
2195 4746 2370 4819 (ἔχειν)
2565 4748 2628 4801 31
2672 4748 2788 4819 μὲν]
2826 4749 2889 4802 cf.
2920 4750 3106 4815 110,27

470 4826 536 4879 33
573 4826 777 4900 πασχόνΙ
826 4832 863 4881 V
1050 4830 1114 4881 36
1155 4826 1201 4881 5²
1244 4831 1339 4882 del.
1380 4836 1467 4898 Sp.
