3684 5567
1329 268 1490 328 ΠΕΡΙ
1529 268 1999 329 ΕΙΜΑΡΜΕΝΗΣ
2036 272 2208 326 9—10
3000 274 3117 338 177

520 444 573 504 οἱ
619 442 875 525 μάντεις)
917 443 1023 505 οὐκ
1066 442 1227 509 ἔσται
1271 444 1483 509 δυνατὰ
1512 446 1557 527 †
1589 444 1725 509 ὄντα
1770 448 2030 513 δυνατοῖς
2068 445 2280 510 εἰδόσιν
2313 448 2416 530 μὲν
2449 447 2595 511 αὐτὰ
2625 446 3014 511 κεκωλυκέναι

523 546 821 626 ἀγνοοῦσιν
867 548 932 609 δὲ
976 546 1073 631 ὑφ’
1131 550 1302 631 ἡμῶν
1344 549 1682 616 κωλύοντες.
1772 552 2056 621 σώζοντες
2121 551 2186 611 δὲ
2248 551 2350 632 τὴν
2413 554 2514 613 τοῦ
2559 552 2804 614 δυνατοῦ
2849 550 3016 635 φύσιν
3046 564 3100 606 1⁰

520 649 705 716 οὕτως
770 654 852 716 ὥς
915 651 1227 734 εἰρήκαμεν
1288 652 1383 714 διὰ
1426 651 1595 715 τοῦτό
1640 674 1812 735 φασιν
1881 653 2031 735 μηδὲ
2075 651 2146 714 τὰ
2197 652 2500 735 γιγνόμενα
2545 652 2681 715 καθ’
2737 650 3013 736 εἱμαρμέ-

520 776 621 836 νην
686 754 867 816 καίτοι
921 754 1311 839 ἀπαραβάτως
1362 754 1631 838 γινόμενα
1696 755 1757 823 ἐξ
1810 756 2064 840 ἀνάγκης
2114 756 2404 837 γίνεσθαι,
2471 755 2559 818 ὅτι
2615 757 2766 820 ἐστὶν
2823 756 3018 821 αὐτοῖς

450 876 481 924 5
520 857 761 918 δυνατὸν
804 856 1076 939 γενέσθαι
1122 859 1215 921 καὶ
1260 860 1324 921 τὸ
1372 859 1781 941 ἀντικείμενον,
1828 861 2072 922 δυνατὸν
2118 860 2301 928 οὕτως
2333 864 2415 929 ὥς
2445 861 2797 944 προείρηται.
2867 858 3017 921 ἀλλὰ
3045 874 3099 917 15

524 963 703 1022 ταῦτα
748 960 851 1040 μὲν
896 962 1217 1032 παιζόντων
1266 962 1462 1045 ὥσπερ
1511 960 1673 1024 εἶπόν
1719 960 1893 1040 ἐστιν,
1963 959 2082 1024 ἀλλ’
2139 962 2206 1025 οὐ
2251 962 2691 1046 παρισταμένων
2761 960 3016 1043 δόγματι.

521 1062 719 1144 ὅμοιον
750 1063 815 1125 δὲ
844 1062 1031 1147 τούτῳ
1063 1065 1157 1126 καὶ
1201 1067 1267 1127 τὸ
1312 1065 1519 1147 λέγειν,
1562 1065 1629 1127 τὸ
1678 1064 1904 1147 ἀξίωμα
1933 1068 1998 1128 τὸ
2034 1062 2046 1085 ‘
2066 1062 2228 1127 ἔσται
2272 1063 2467 1149 αὔριον
2507 1062 2828 1150 ναυμαχία’
2885 1064 3021 1146 ἀλη·

530 1166 631 1233 θὲς
678 1166 780 1246 μὲν
826 1163 971 1227 εἶναι
1016 1166 1317 1245 δύνασθαι,
1364 1168 1432 1230 οὐ
1482 1167 1674 1251 μέντοι
1717 1169 1813 1230 καὶ
1869 1168 2197 1249 ἀναγκαῖον.
2288 1169 2594 1249 ἀναγκαῖον
2651 1168 2754 1249 μὲν
2798 1167 2908 1251 γὰρ
2953 1168 3018 1228 τὸ

523 1267 615 1330 ἀεὶ
660 1267 899 1350 ἀληθές,
966 1273 1137 1332 τοῦτο
1182 1270 1247 1333 δὲ
1290 1268 1481 1333 οὐκέτ’
1538 1270 1759 1353 ἀληθὲς
1804 1270 1982 1353 μένει,
2053 1270 2282 1333 ἐπειδὰν
2327 1272 2366 1353 ἡ
2413 1272 2710 1355 ναυμαχία
2763 1271 3018 1353 γένηται.
3046 1288 3103 1328 20

422 1392 487 1438 10
524 1374 577 1435 εἰ
619 1371 685 1433 δὲ
730 1372 813 1455 μὴ
858 1376 1028 1436 τοῦτο
1074 1373 1404 1456 ἀναγκαῖον,
1447 1374 1583 1437 οὐδὲ
1625 1375 1691 1437 τὸ
1726 1372 1823 1436 ὑπ’
1865 1373 2043 1436 αὐτοῦ
2088 1373 2508 1456 σημαινόμενον
2554 1376 2619 1437 τὸ
2667 1373 2726 1443 ἐξ
2771 1374 3024 1456 ἀνάγκης

526 1474 765 1539 ἔσεσθαι
810 1477 1153 1561 ναυμαχίαν.
1246 1477 1297 1538 εἰ
1361 1478 1426 1539 δὲ
1492 1475 1652 1539 ἔσται
1698 1476 1801 1558 μὲν
1857 1476 1963 1539 οὐκ
2015 1475 2075 1545 ἐξ
2141 1477 2392 1559 ἀνάγκης
2456 1476 2696 1560 ἀληθές,
2763 1476 3025 1558 ἀληθοῦς

531 1576 690 1646 ὄντος
735 1583 837 1642 τοῦ
882 1575 1123 1642 ἔσεσθαι
1165 1580 1516 1663 ναυμαχίαν,
1584 1580 1692 1642 οὐκ
1735 1578 1795 1647 ἐξ
1840 1580 2092 1661 ἀνάγκης
2137 1578 2221 1655 δέ,
2288 1580 2686 1663 ἐνδεχομένως
2740 1578 3022 1659 δηλονότι.

522 1682 575 1743 εἰ
620 1682 683 1744 δὲ
727 1681 1143 1765 ἐνδεχομένως,
1189 1682 1294 1745 οὐκ
1340 1683 1653 1765 ἀναιρεῖται
1696 1682 1761 1743 τὸ
1808 1680 2207 1766 ἐνδεχομένως
2274 1683 2396 1745 τινὰ
2440 1682 2707 1764 γενέσθαι
2765 1682 2876 1744 ὑπὸ
2923 1684 3022 1743 τοῦ
3050 1697 3104 1738 25

524 1786 709 1848 πάντα
730 1784 989 1866 γίνεσθαι
1018 1782 1143 1847 καθ’
1166 1784 1537 1869 εἱμαρμένην.
1584 1787 1752 1847 πάλιν
1774 1784 1883 1867 γὰρ
1907 1784 2004 1847 καὶ
2035 1786 2201 1846 τοῦτο
2217 1781 2442 1867 <ὅμοιον
2465 1790 2552 1869 τῷ
2574 1782 3020 1868 προειρημένῳ>·

422 1908 483 1957 15
524 1889 673 1970 ὁμοῦ
702 1887 810 1971 γὰρ
842 1886 1159 1959 παιζόντων
1193 1887 1341 1969 ὁμοῦ
1383 1888 1448 1950 δὲ
1481 1888 1835 1968 ἀγνοούντων
1869 1887 2000 1969 περὶ
2045 1888 2128 1948 ὧν
2157 1887 2440 1968 λέγουσιν.
2511 1885 2643 1949 οὔτε
2672 1887 2781 1971 γὰρ
2813 1892 2926 1949 πᾶν
2957 1887 3021 1949 τὸ

526 1992 585 2060 ἐξ
629 1993 883 2074 ἀνάγκης
923 1991 1253 2073 γιγνόμενον
1297 1991 1626 2072 ἀναγκαῖον,
1681 1990 1828 2072 εἴγε
1873 1990 1938 2052 τὸ
1987 1992 2090 2072 μὲν
2135 1990 2442 2071 ἀναγκαῖον
2489 1990 2690 2063 ἀίδιον,
2740 1992 2803 2053 τὸ
2851 1991 2916 2052 δὲ
2959 1988 3020 2057 ἐξ
3046 2006 3104 2047 8⁰

530 2096 782 2177 ἀνάγκης
827 2094 1123 2175 γινόμενον
1170 2092 1267 2155 ὑπ’
1324 2093 1501 2156 αὐτοῦ
1547 2098 1649 2156 τοῦ
1692 2094 1952 2175 γίνεσθαι
1996 2098 2253 2156 τοιοῦτον
2299 2092 2443 2155 εἶναι
2487 2094 2831 2166 κεκώλυται,
2891 2090 3025 2153 οὔτε

525 2199 591 2260 τὸ
636 2196 867 2278 ἀξίωμα
910 2196 975 2257 τὸ
1014 2192 1189 2257 ’τοῦτο
1234 2196 1397 2278 λέγον
1446 2197 1773 2279 ἀναγκαῖον,
1818 2196 1964 2278 εἴγε
1996 2198 2077 2277 μὴ
2114 2197 2178 2258 τὸ
2225 2194 2322 2257 ὑπ’
2378 2194 2556 2258 αὐτοῦ
2602 2194 3027 2279 σημαινόμενον

527 2304 803 2369 τοιοῦτον.
895 2298 963 2360 οὐ
1006 2297 1117 2380 γὰρ
1162 2302 1277 2362 πᾶν
1321 2298 1567 2381 ἀξίωμα,
1612 2300 1672 2361 ἐν
1718 2296 1767 2383 ᾧ
1816 2301 1882 2361 τὸ
1930 2300 2240 2379 ἀναγκαῖον
2301 2298 2650 2382 περιέχεται,
2720 2298 3027 2379 ἀναγκαῖον

420 2424 490 2471 20
527 2403 641 2487 ἤδη
680 2400 727 2483 †
757 2400 903 2483 εἴγε
936 2402 1079 2485 μήν·
1126 2401 1194 2464 οὐ
1222 2402 1331 2484 γὰρ
1366 2402 1372 2476 1
1410 2402 1591 2484 ταύτῃ
1627 2403 1693 2463 τὸ
1726 2402 2036 2483 ἀναγκαῖον
2071 2400 2295 2483 ἀξίωμα
2326 2402 2597 2485 κρίνεται.
2634 2400 2784 2463 ἀλλὰ
2815 2406 2898 2485 τῷ
2941 2400 3022 2483 μὴ
3063 2406 3134 2463 34

529 2506 896 2589 μεταπίπτειν
943 2503 1223 2567 δύνασθαι
1254 2506 1336 2573 εἰς
1380 2507 1591 2589 ψεῦδος
1619 2503 1680 2574 ἐξ
1710 2504 1988 2587 ἀληθοῦς.
2067 2505 2119 2566 εἰ
2147 2505 2330 2567 τοίνυν
2365 2506 2443 2587 μὴ
2480 2504 2807 2586 ἀναγκαῖον,
2855 2504 3021 2566 οὐδὲν

524 2612 846 2673 κεκώλυται
898 2606 1117 2690 ἀληθὲς
1183 2606 1327 2669 εἶναι
1384 2604 1519 2689 [ὥς]
1590 2607 1655 2669 τὸ
1712 2604 1908 2670 “ἔσται
1975 2606 2172 2688 αὔριον
2239 2606 2594 2692 ναυμαχία’·
2671 2607 2722 2669 εἰ
2785 2607 2895 2690 γὰρ
2943 2611 3024 2675 ὥς

529 2712 835 2794 ἀναγκαῖον
901 2709 1208 2792 λεγόμενον
1276 2708 1369 2772 διὰ
1422 2710 1525 2792 τὴν
1570 2714 1673 2771 τοῦ
1744 2710 2053 2791 ἀναγκαίου
2097 2710 2442 2793 προσθήκην
2506 2709 2609 2771 οὐκ
2665 2710 2901 2792 ἀληθές,
2969 2710 3022 2772 εἰ
3078 2726 3106 2767 ⁵

531 2815 612 2897 μὴ
666 2813 887 2896 λέγοιτο
947 2814 1252 2895 ἀναγκαῖον
1310 2817 1385 2895 τῇ
1447 2816 1549 2875 τοῦ
1614 2811 1674 2881 ἐξ
1730 2813 1984 2897 ἀνάγκης
2053 2812 2392 2895 προσθέσει,
2461 2812 2682 2895 ἀληθὲς
2749 2811 2815 2874 ἂν
2871 2812 3030 2893 μένοι

422 2938 491 2985 25
528 2917 744 3000 ὁμοίως
787 2920 875 2998 τῷ
920 2916 1103 3001 χωρὶς
1171 2917 1345 2997 τῆσδε
1398 2920 1503 2997 τῆς
1545 2915 1888 2999 προσθήκης
1941 2914 2256 3000 λεγομένῳ.
2349 2914 2467 2977 ἀλλ’
2523 2916 2574 2977 εἰ
2617 2912 2731 2978 τότ’
2790 2916 3027 2999 ἀληθές,

531 3020 749 3103 ἀληθὲς
792 3017 971 3094 ἔσται,
1040 3018 1321 3101 ἐνστάσης
1364 3023 1468 3100 τῆς
1512 3017 1729 3101 αὔριον,
1798 3019 2026 3099 ἀξίωμα
2069 3021 2134 3081 τὸ
2182 3018 2240 3087 ἐξ
2288 3020 2536 3100 ἀνάγκης
2579 3019 2869 3101 γεγονέναι
2898 3042 3023 3082 ναυ-
3053 3036 3108 3077 10

533 3124 766 3208 μαχίαν.
856 3121 907 3182 εἰ
952 3122 1017 3183 δὲ
1061 3120 1121 3189 ἐξ
1166 3121 1435 3204 ἀνάγκης,
1482 3120 1590 3183 οὐκ
1634 3122 2054 3205 ἐνδεχομένως.
2143 3123 2238 3184 καὶ
2283 3122 2390 3205 γὰρ
2433 3121 2485 3184 εἰ
2531 3122 2750 3204 ἀληθές
2794 3122 2914 3185 ἐστι
2959 3124 3023 3185 τὸ

520 3226 743 3309 *αὔριον
774 3223 934 3287 ἔσται
964 3222 1307 3307 ναυμαχία’,
1342 3222 1433 3285 ἀεὶ
1463 3223 1729 3306 γενέσθαι
1759 3225 2083 3310 ναυμαχίαν
2115 3223 2250 3287 καθ’
2284 3224 2635 3307 εἱμαρμένην
2668 3222 2849 3300 ἔσται,
2882 3224 3027 3309 εἴγε

431 3456 453 3506 1
496 3454 669 3507 εἰδόσιν
708 3458 772 3506 V:
828 3456 919 3507 εἰσι
964 3454 1040 3505 8²:
1096 3454 1245 3506 είδοσι
1289 3455 1344 3505 a¹
1574 3452 1924 3525 κεχωλυκέναι
1967 3454 2022 3505 a¹
2263 3454 2307 3505 l.
2352 3454 2382 3505 2
2422 3453 2542 3507 ὄντα
2565 3484 2628 3492 -—
2650 3455 2960 3525 κωλύοντες]
3009 3456 3138 3509 αὐτὰ

424 3548 527 3599 τοῖς
572 3542 723 3594 εἰδόσι
767 3541 1012 3609 δυνάμενα
1060 3540 1187 3593 αὒτά
1235 3540 1383 3605 (αὐτὰ
1420 3556 1519 3593 om.
1558 3543 1623 3603 Ο)
1670 3541 2044 3608 κεκωλυκέναι,
2093 3541 2322 3608 ἀγνοοῦσι
2371 3540 2424 3593 δὲ
2473 3542 2594 3611 ἡμῖν
2639 3544 2700 3595 τὰ
2749 3542 3013 3597 κωλύοντα
3057 3544 3137 3598 δυ-

425 3631 551 3683 νατὰ
594 3631 729 3683 ἔσται
766 3630 931 3683 Lond.
969 3634 1014 3684 O
1295 3631 1329 3681 4
1366 3630 1419 3681 ἐν
1455 3628 1623 3687 αὐτοῖς
1660 3633 1710 3681 Κ
1981 3630 2012 3681 5
2057 3630 2396 3697 ἀντικέιμενον
2436 3634 2482 3683 V
2753 3632 2965 3685 δυνατοῦ
3002 3633 3137 3701 (alt.)

424 3718 591 3771 Lond.
630 3722 675 3772 O
889 3718 983 3783 ὡς]
1028 3717 1297 3788 λεγομένου
1346 3718 1419 3775 ὡς
1462 3718 1627 3770 Lond.
1667 3721 1712 3771 O
1961 3718 1993 3769 6
2043 3722 2194 3771 τοῦτο
2233 3722 2278 3772 Ο
2529 3718 2642 3788 μὲν]
2694 3721 2764 3789 μὴ
2803 3722 2858 3772 ⁸¹

424 3808 455 3858 7
504 3806 603 3877 λέγ.
642 3808 727 3860 καὶ
771 3806 828 3859 τὸ
876 3806 952 3867 de.
989 3808 1045 3859 a²
1248 3807 1278 3858 9
1332 3808 1466 3875 μένει
1503 3808 1787 3859 Usenerus:
1847 3806 1936 3874 μὲν
1973 3806 2094 3859 libri
2287 3807 2480 3860 ἐπειδὰν
2537 3809 2569 3877 ἡ
2609 3809 2716 3859 Va¹
2761 3809 2952 3861 Lond.:
3009 3810 3136 3862 ἐπει-

426 3892 515 3946 δὰν
566 3893 617 3946 δέ
662 3895 695 3965 ἡ
743 3894 823 3947 εἰ
880 3896 923 3948 εἰ
967 3896 1038 3965 μὴ
1087 3896 1281 3948 ἐπειδὰν
1324 3896 1417 3947 B²z
1473 3895 1669 3947 ἐπειδὰν
1716 3896 1787 3965 μὴ
1836 3895 1869 3964 ἡ
1921 3896 2178 3948 Usenerus
2233 3897 2323 3947 sed
2375 3897 2436 3947 cf.
2484 3897 2517 3948 1.
2555 3913 2598 3949 c.
2644 3897 2821 3965 p.613

426 3984 629 4053 γένηται
675 3980 859 4054 ἀληθές
900 3982 957 4036 a?
1254 3984 1317 4036 10
1372 3982 1615 4059 ἀνάγκης]
1664 3983 1965 4053 εἱμαρμένης
2013 3984 2180 4037 Heine
2476 3986 2533 4036 11
2593 3985 2756 4038 ἔσεται
2798 3986 2854 4037 a²

434 4086 496 4139 13
550 4075 875 4159 ἐνδεχομενόν
918 4105 994 4142 ωσ
1038 4092 1072 4141 i.
1100 4105 1142 4141 e.
1182 4087 1519 4157 ἐνδεχομένως
1566 4088 1699 4155 (alt.)
1748 4092 1819 4139 V:
1877 4088 2198 4157 ἐνδεχόμενον
2247 4089 2319 4146 ὡς
2361 4088 2440 4140 a¹²
2488 4088 2832 4163 (ἐνδεχόμενον
2883 4089 3011 4142 ὥστε
3058 4109 3138 4160 γε·

426 4172 595 4227 νέσθαι
636 4174 726 4237 13²)
1038 4177 1097 4227 14
1153 4177 1315 4229 πάντα
1362 4174 1594 4245 λέγοντος
1642 4173 1861 4243 γίνεσθαι
1911 4176 2072 4229 Lond.
2118 4180 2163 4230 Ο
2452 4176 2624 4242 πάλιν]
2673 4178 2716 4229 εἰ
2762 4180 2924 4229 πάντα
2971 4182 3017 4229 Η
3061 4195 3136 4248 γρ.

426 4266 515 4317 Es
749 4262 942 4333 (ὅμοιον
978 4268 1053 4334 τῷ
1092 4264 1486 4336 προειρημένῳ>·
1534 4262 1661 4331 ὁμοῦ
1711 4266 1900 4332 scripsi
2120 4264 2182 4317 15
2219 4265 2311 4334 γὰρ
2349 4264 2629 4325 παιζόντων
2669 4270 2731 4317 V:
2770 4265 2860 4333 μὲν
2898 4266 2989 4335 γὰρ
3027 4282 3139 4316 παι-

429 4351 617 4411 ζόντων
662 4355 732 4405 132
786 4353 1069 4414 παιζόντων
1114 4352 1217 4404 ἐστὶ
1268 4352 1345 4403 a¹²
1692 4352 1753 4404 16
1804 4352 2068 4421 γενόμενον
2116 4355 2160 4405 O
2507 4354 2564 4404 17
2623 4350 2865 4422 γίνεσθαι]
2923 4350 3039 4404 σθαι
3083 4354 3140 4404 in

427 4440 505 4492 lit.
546 4444 591 4492 v
844 4441 906 4493 18
962 4440 1031 4511 μὴ
1076 4440 1134 4492 τὸ
1172 4424 1446 4493 Lond.'0=
1500 4438 1559 4491 τὸ
1597 4440 1669 4508 μὴ
1711 4442 1839 4492 va¹2
1893 4440 1952 4492 τὸ
1991 4440 2069 4492 8²:
2130 4441 2226 4492 del.
2267 4440 2359 4503 B²;
2414 4440 2477 4493 cf.
2516 4443 2548 4493 1.
2576 4456 2619 4493 e.
2661 4440 2762 4491 614
2783 4456 2858 4507 sq.

434 4528 495 4579 19
535 4528 605 4598 μὴ
642 4532 867 4580 τοιοῦτον
904 4526 975 4579 13²
1200 4526 1269 4579 20
1304 4526 1435 4596 εἴγε
1472 4526 1573 4596 μὴν
1610 4528 1739 4579 Va¹=
1779 4542 1878 4579 om.
1919 4525 1997 4580 οὓς
2037 4526 2083 4579 εἴ
2115 4544 2168 4597 γε
2207 4528 2276 4598 μὴ
2316 4528 2412 4580 B²z
2451 4529 2669 4581 fortasse
2705 4526 2796 4580 δεῖ
2830 4525 3035 4596 λέγειν

429 4614 489 4666 οὒ
540 4614 631 4685 γὰρ
676 4616 775 4668 del.
822 4614 894 4667 13²
1105 4616 1375 4684 ἀναγκαῖον
1424 4630 1521 4666 om.
1573 4614 1629 4667 a²
1978 4614 2045 4667 22
2103 4615 2174 4671 ὡς
2219 4614 2379 4669 delevi
2753 4614 2818 4667 23
2875 4614 3140 4683 λεγόμενον

428 4704 638 4771 scripsi:
695 4702 953 4773 γινόμενον
1002 4703 1118 4755 libri
1378 4701 1443 4753 24
1496 4701 1690 4771 λέγοιτο
1734 4705 1948 4771 scripsi:
2009 4703 2194 4772 γίνοιτο
2249 4704 2466 4772 (γένοιτο
2507 4706 2671 4765 KES)
2719 4704 2836 4755 libri

430 4790 497 4841 25
550 4787 662 4842 τότ’
710 4792 923 4858 scripsi:
982 4786 1128 4843 τοῦτ’
1177 4791 1299 4843 libri
1582 4790 1648 4842 26
1704 4790 1924 4843 ἐνστάσει
1971 4790 2024 4841 ³²²
2348 4791 2594 4861 γεγόνεναι
2641 4795 2686 4843 V
2944 4791 3010 4842 27
3067 4791 3141 4857 δὲ]

430 4880 523 4950 γὰρ
572 4882 615 4931 O

536 4986 680 5037 Suppl.
712 4988 843 5026 Arist.
872 4986 914 5025 11
940 4982 969 5026 2
1026 4988 1145 5026 Alex.
1174 4988 1335 5037 scripta
1362 4988 1421 5025 mi
1425 4998 1542 5025 nnnnn
2665 4968 2744 5031 12
