3684 5567
1430 279 1712 337 ΒΙΒΛῙΟΝ
1752 279 2010 337 TPITON
2047 284 2184 335 8--9
3084 284 3168 347 95

547 458 633 538 τῷ
698 453 1105 518 αἰσθάνεσθαι·
1174 454 1267 517 διὰ
1312 460 1481 518 τοῦτο
1531 455 1639 539 γὰρ
1695 456 1789 519 καὶ
1848 457 1886 538 ἡ
1942 454 2216 538 αἴσθησις
2268 456 2451 538 κρίσις
2509 479 2590 523 τις
2649 454 2793 517 εἶναι
2849 452 3057 533 δοκεῖ),

544 556 735 638 εὑρών
781 580 834 618 τι
875 556 946 645 οἰ)
994 556 1167 640 μόνον
1213 562 1329 620 τῶν
1376 556 1644 620 ἐναντίων
1701 558 1978 639 ἀλλήλοις
2024 557 2321 641 αἰσθητῶν
2379 557 2480 627 τὰς
2525 557 2805 641 διαφορὰς
2849 559 3059 639 κρῖνον,

548 657 700 720 ἀλλὰ
750 659 847 721 καὶ
900 660 1131 721 πάντων
1182 665 1300 723 τῶν
1354 659 1655 743 αἰσθητῶν
1708 659 2002 742 (κρίνομεν
2046 659 2156 742 γὰρ
2213 661 2309 723 καὶ
2353 660 2454 728 τὰς
2511 664 2627 721 τῶν
2673 659 2900 740 ὁρατῶν
2947 659 3062 719 δια·
3089 673 3143 714 25

546 758 730 843 φορὰς
774 762 919 844 πρὸς
961 760 1063 829 τὰς
1108 766 1225 824 τῶν
1252 767 1533 843 γευστῶν,
1580 762 1799 843 ὁμοίως
1842 762 1910 823 δὲ
1939 762 2034 824 καὶ
2079 762 2224 845 πρὸς
2260 762 2360 831 τὰς
2391 766 2506 823 τῶν
2539 762 2863 833 ἀκουστῶν,
2909 758 3058 821 ἀλλὰ

476 882 506 928 5
545 862 642 924 καὶ
672 862 816 943 πρὸς
859 860 961 930 τὰς
1004 865 1122 924 τῶν
1154 862 1465 945 ὀσφρητῶν
1513 863 1609 924 καὶ
1640 864 1782 946 πρὸς
1828 864 1933 931 τὰς
1972 868 2088 925 τῶν
2119 864 2370 945 ἁπτῶν),
2416 868 2646 947 πρῶτον
2693 863 2797 945 μὲν
2828 858 3055 945 ἔλαβεν,

543 963 630 1026 ὅτι
674 964 948 1047 αἰσθήσει
998 964 1005 1047 Ι
1053 968 1235 1028 ταῦτα
1274 964 1542 1048 κρίνομεν
1584 964 1874 1048 (αἰσθητά
1917 989 1977 1028 τε
2009 966 2118 1049 γάρ
2163 966 2285 1028 ἐστι
2329 967 2427 1029 καὶ
2473 968 2554 1035 ὥς
2582 965 2882 1047 αἰσθητῶν
2929 960 3026 1026 αὖ·
3071 967 3158 1024 181

543 1070 659 1127 τῶν
705 1066 1031 1147 ποιούμεθα
1083 1068 1188 1149 τὴν
1236 1066 1477 1150 κρίσιν),
1541 1064 1672 1148 μεθ’
1730 1066 1763 1129 ὃ
1818 1064 2059 1141 ἔδειξεν,
2116 1067 2205 1130 ὅτι
2264 1069 2344 1150 μὴ
2403 1067 2525 1133 οἷόν
2583 1090 2646 1131 τε
2700 1066 2908 1151 κρίνειν
2953 1064 3058 1133 τὰς

542 1168 824 1252 διαφορὰς
862 1172 980 1230 τῶν
1024 1168 1325 1253 αἰσθητῶν
1382 1170 1464 1251 μὴ
1510 1167 1932 1250 αἰσθανόμενον
1989 1168 2182 1232 αὐτῶν
2228 1170 2289 1231 ἕν
2333 1192 2398 1233 τε
2443 1168 2506 1232 ὃν
2553 1170 2650 1233 καὶ
2691 1166 2918 1231 ταύτόν.
2987 1164 3055 1227 οὐ
3111 1181 3138 1224 5

542 1270 650 1353 γὰρ
695 1270 819 1333 οἷόν
862 1294 925 1333 τε
968 1272 1034 1333 τὸ
1090 1272 1171 1353 μὴ
1218 1270 1640 1353 αἰσθανόμενον
1695 1273 1925 1334 πάντων
1980 1272 2187 1355 κρίνειν
2231 1272 2424 1335 αὐτῶν
2483 1270 2584 1340 τὰς
2635 1272 2780 1355 πρὸς
2823 1268 3051 1352 ἄλληλα

448 1392 506 1437 ιο
544 1373 847 1457 διαφοράς·
902 1374 955 1436 εἰ
997 1373 1108 1457 γὰρ
1152 1377 1255 1436 τοῦ
1303 1372 1406 1453 μὲν
1452 1370 1617 1447 ἄλλο,
1664 1376 1766 1435 τοῦ
1813 1372 1866 1435 δ’
1923 1372 2067 1436 ἄλλο
2111 1373 2466 1449 αἰσθάνοιτο,
2513 1372 2814 1455 οὐδέτερον
2858 1370 3052 1433 αὐτῶν

542 1472 663 1537 οἶόν
706 1498 771 1538 τε
811 1476 1129 1559 γνωρίζειν,
1174 1474 1277 1538 τίνι
1324 1474 1395 1537 τὰ
1440 1475 1521 1538 ὧν
1565 1472 1900 1559 ᾐσθάνοντο
1945 1476 2216 1559 ἀλλήλων
2264 1475 2541 1560 διαφέρει.
2624 1476 2720 1538 καὶ
2765 1473 2874 1557 γὰρ
2919 1471 3044 1536 οὐδ’
3084 1490 3139 1532 ιο

542 1576 601 1637 ἐν
646 1574 813 1661 ἄλλῳ
858 1579 961 1641 τινὶ
1006 1578 1079 1663 ἦν
1123 1582 1201 1661 τῇ
1248 1578 1523 1659 αἰσθήσει
1566 1579 1631 1640 τὸ
1678 1576 1884 1660 κρίνειν
1931 1578 1970 1660 ἢ
2017 1577 2078 1640 ἐν
2123 1583 2208 1662 τῷ
2256 1578 2660 1643 αἰσθάνεσθαι.
2750 1577 2947 1659 λαβὼν
2993 1574 3046 1638 δ’

542 1678 608 1739 ἐκ
652 1678 871 1742 τούτων
928 1682 993 1743 τὸ
1048 1678 1109 1742 ἓν
1155 1679 1300 1742 εἶναι
1356 1681 1423 1743 τὸ
1475 1681 1707 1743 πάντων
1763 1679 2064 1763 αἰσθητῶν
2118 1679 2540 1762 αἰσθανόμενόν
2594 1702 2658 1741 τε
2708 1680 2812 1741 καὶ
2864 1682 3056 1762 κρῖνον

539 1779 733 1843 αὐτῶν
789 1781 891 1850 τὰς
944 1783 1245 1867 διαφοράς,
1300 1780 1511 1866 ἐφεξῆς
1566 1778 1795 1855 ἔδειξεν,
1855 1780 1943 1844 ὅτι
1989 1783 2103 1858 καί,
2161 1783 2212 1845 εἰ
2257 1783 2319 1845 ἐν
2364 1785 2454 1867 τῷ
2500 1781 2662 1865 αὐτῷ
2710 1778 2911 1865 χρόνῳ
2955 1780 3053 1843 καὶ

446 1901 504 1949 15
543 1882 665 1965 ἅμα
710 1882 905 1946 αὐτῶν
950 1884 1307 1961 αἰσθάνεται,
1370 1882 1469 1946 ὅτε
1514 1883 1687 1964 κρίνει
1739 1882 1844 1952 τὰς
1897 1884 2178 1970 διαφορὰς
2232 1885 2424 1948 αὐτῶν
2469 1882 2562 1965 (εἴ
2595 1906 2681 1967 γε,
2737 1882 2834 1945 ὅτε
2877 1882 3054 1967 κρίνει
3083 1898 3136 1940 15

538 1984 735 2059 αὐτάς,
786 1984 921 2047 τότε
962 1985 1322 2061 αἰσθάνεται,
1381 1984 1555 2069 κρίνει
1604 1982 1653 2047 δ’
1712 1986 1835 2068 ἅμα
1879 1985 1983 2053 τὰς
2024 1987 2170 2070 πρὸς
2213 1985 2440 2069 ἄλληλα
2483 1984 2678 2047 αὐτῶν
2723 1984 3055 2069 διαφοράς),

540 2088 637 2149 καὶ
690 2086 1013 2151 αἰσθάνοιτ’
1072 2086 1141 2150 ἂν
1196 2087 1320 2168 ἅμα
1375 2092 1492 2149 τῶν
1547 2087 1928 2171 κρινομένων·
1993 2088 2054 2151 ἐν
2110 2088 2221 2171 γὰρ
2274 2092 2358 2172 τῷ
2417 2088 2804 2151 αἰσθάνεσθαι
2847 2093 2921 2169 τῇ
2972 2087 3054 2149 αἰ-

539 2188 753 2272 σθήσει
810 2178 893 2251 τὸ
920 2190 1146 2271 κρίνειν.
1236 2193 1419 2251 ταῦτα
1462 2190 1689 2273 λαβών,
1750 2190 1815 2253 τό
1861 2214 1925 2253 τε
1978 2191 2111 2272 μίαν
2167 2189 2440 2272 αἴσθησιν
2493 2189 2669 2267 εἶναι,
2728 2186 2770 2275 ᾗ
2820 2192 3052 2253 πάντων
3081 2206 3137 2247 2⁰

538 2289 967 2375 αἰσθανόμεθα,
1011 2292 1107 2355 καὶ
1137 2291 1204 2353 τὸ
1251 2292 1375 2374 ἅμα
1413 2292 1801 2355 αἰσθάνεσθαι
1849 2293 2066 2357 τούτων
2111 2293 2195 2357 ὧν
2235 2292 2362 2375 ἅμα
2404 2292 2580 2375 κρίνει
2624 2293 2726 2361 τὰς
2755 2294 3052 2377 διαφοράς,

436 2412 501 2459 20
535 2393 632 2456 ἐπὶ
674 2394 897 2464 τούτοις
940 2394 1268 2479 ἠπόρησεν,
1324 2394 1453 2457 ἐπεὶ
1507 2394 1575 2456 τὸ
1628 2392 1754 2457 κατ’
1810 2394 2098 2479 ἐνέργειαν
2141 2394 2532 2458 αἰσθάνεσθαί
2578 2394 2702 2458 ἐστι
2752 2397 2820 2459 τὸ
2865 2395 2929 2457 τὸ
2977 2394 3052 2457 εἶ-

539 2498 637 2567 δος
686 2500 791 2561 τοῦ
836 2497 1125 2579 αἰσθητοῦ
1174 2498 1360 2581 χωρὶς
1402 2500 1509 2580 τῆς
1552 2496 1695 2579 ὕλης
1747 2497 2090 2581 λαμβάνειν,
2151 2502 2278 2565 πῶς
2322 2494 2446 2559 οἷόν
2501 2519 2562 2559 τε
2616 2496 2676 2559 ἕν
2721 2521 2773 2560 τι
2820 2496 2882 2561 ὃν
2929 2498 3054 2578 ἅμα
3078 2513 3134 2555 25

540 2598 822 2662 πλειόνων
873 2600 969 2661 καὶ
1012 2603 1131 2661 τῶν
1176 2598 1447 2662 ἐναντίων
1492 2598 1898 2662 αἰσθάνεσθαι.
1987 2599 2040 2663 εἰ
2081 2599 2191 2683 γὰρ
2236 2603 2436 2673 τοῦτο,
2495 2600 2695 2683 δεήσει
2738 2600 2882 2664 αὐτὸ
2926 2600 3050 2685 ἅμα

536 2699 765 2763 ἐναντία
807 2699 937 2785 εἴδη
984 2724 1047 2763 τε
1090 2702 1187 2764 καὶ
1232 2701 1397 2784 πάθη
1444 2701 1754 2785 δέχεσθαι,
1800 2702 2122 2786 λευκότητα
2165 2702 2262 2764 καὶ
2309 2702 2602 2784 μελανίαν,
2651 2700 2658 2787 Ι
2708 2702 2844 2767 ὅταν
2890 2704 3015 2766 τού·
3061 2709 3158 2767 182

534 2824 651 2865 των
694 2802 1044 2886 αἰσθάνηται
1087 2805 1183 2866 καὶ
1215 2807 1395 2867 ταῦτα
1426 2804 1615 2889 κρίνῃ,
1657 2803 1986 2886 γλυκύτητα
2015 2805 2111 2868 καὶ
2142 2804 2482 2887 πικρότητα,
2529 2806 2749 2889 ὁμοίως
2778 2807 2850 2870 τὰ
2877 2805 3047 2869 ἄλλα.

436 2922 500 2971 25
538 2904 689 2968 ἀλλὰ
736 2906 851 2989 μὴν
896 2905 1175 2969 ἀδύνατον
1230 2906 1297 2969 τὸ
1342 2906 1445 2975 τὰς
1496 2906 1752 2975 ἐναντίας
1812 2906 1936 2988 ἅμα
1990 2909 2242 2991 κινήσεις
2295 2907 2580 2971 κινεῖσθαι
2622 2910 2688 2971 τὸ
2735 2908 2907 2986 αὐτό,
2965 2908 3049 2976 εἰς

532 3006 854 3091 λευκότητα
909 3008 1035 3089 ἅμα
1079 3010 1177 3071 καὶ
1221 3009 1493 3091 μελανίαν
1542 3008 1933 3091 μεταβάλλον,
1993 3010 2093 3072 καὶ
2137 3010 2208 3073 τὰ
2253 3008 2478 3072 ἐναντία
2521 3009 2666 3074 εἶναι
2712 3012 3048 3096 δεχόμενον.
3104 3026 3131 3068 5

537 3112 720 3172 ταῦτα
765 3109 951 3179 δείξας
992 3111 1089 3173 καὶ
1131 3111 1453 3194 ἀπορήσας,
1499 3110 1653 3173 λύων
1697 3111 1802 3193 τὴν
1849 3110 2094 3194 ἀπορίαν
2138 3108 2347 3195 ἔλαβεν
2392 3112 2457 3173 τὸ
2504 3112 2629 3195 ἅμα
2677 3113 2780 3195 μὲν
2822 3114 2889 3176 τὸ
2935 3119 3052 3197 κρῖ·

536 3234 633 3273 νον
676 3211 883 3294 κρίνειν
936 3234 1001 3275 τε
1052 3212 1149 3275 καὶ
1202 3212 1588 3277 αἰσθάνεσθαι
1633 3217 1749 3274 τῶν
1794 3212 2107 3289 πλειόνων,
2163 3213 2224 3275 ἓν
2279 3212 2342 3276 ὂν
2395 3214 2490 3277 καὶ
2548 3214 2632 3298 μὴ
2677 3214 3046 3299 διῃρημένον,

535 3318 621 3396 τῷ
667 3313 824 3397 λόγῳ
877 3314 1331 3400 κεχωρισμένον,
1388 3318 1469 3383 ὥς
1514 3314 1575 3378 ἓν
1623 3314 1687 3378 ὃν
1731 3313 1859 3378 κατ’
1915 3313 2098 3399 ἄλλην
2145 3316 2250 3396 μὲν
2295 3316 2530 3398 δύναμιν
2577 3318 2834 3380 δεκτικὸν
2879 3318 3050 3381 τοῦδέ
3078 3333 3133 3374 1⁰

432 3434 498 3483 30
533 3439 685 3486 τινος
729 3414 896 3493 εἶναι,
941 3416 1069 3480 κατ’
1111 3416 1295 3502 ἄλλην
1341 3418 1407 3481 δὲ
1449 3422 1551 3481 τοῦ
1586 3418 1844 3481 ἐναντίου
1888 3418 2052 3502 αὐτῷ
2099 3417 2138 3501 ἢ
2185 3418 2572 3502 διαφέροντος,
2622 3418 2758 3504 [ὡς]
2806 3421 3052 3504 ἀδιαίρε·

535 3542 633 3583 τον
678 3518 741 3582 ὃν
786 3524 872 3604 τῷ
916 3542 981 3581 τε
1008 3519 1175 3603 τόπῳ
1220 3521 1318 3585 καὶ
1361 3524 1448 3605 τῷ
1493 3521 1755 3605 ἀριθμῷ,
1798 3520 2094 3584 τουτέστιν
2139 3526 2222 3604 τῷ
2272 3522 2658 3606 ὑποκειμένῳ.
2701 3521 2892 3607 ’τόπῳ
2935 3522 3048 3606 γὰρ

534 3622 857 3705 ἀδιαίρετον
900 3622 967 3684 τὸ
1012 3620 1074 3689 ἓν
1105 3622 1167 3684 ἐν
1209 3621 1373 3707 τόπῳ
1408 3620 1493 3697 ὅν,
1538 3626 1765 3684 τοιοῦτο
1807 3622 1876 3685 δὲ
1918 3623 2158 3707 συνεχὲς
2203 3622 2302 3685 καὶ
2345 3624 2427 3705 μὴ
2459 3622 2829 3708 διῃρημένον,
2876 3623 2909 3687 δ
2953 3627 3050 3689 καὶ
3079 3641 3131 3683 15

536 3724 598 3787 ἕν
641 3723 765 3787 ἐστι
808 3727 896 3808 τῷ
942 3724 1203 3808 ἀριθμῷ.
1294 3726 1474 3787 εἰπὼν
1520 3725 1584 3787 δὲ
1638 3728 1809 3787 τοῦτο
1865 3728 1948 3793 ὡς
1991 3726 2075 3794 εἰς
2119 3724 2278 3788 λύσιν
2332 3729 2436 3789 τοῦ
2489 3727 2864 3810 ἠπορημένου
2909 3726 3050 3811 ἐπή-

533 3848 731 3909 νεγκεν
774 3825 815 3909 ἢ
859 3824 994 3911 οὐχ
1038 3824 1185 3888 οἷόν
1229 3846 1329 3901 τε,
1377 3828 1598 3897 δεικνὺς
1644 3826 1734 3890 ὅτι
1784 3829 1868 3911 μὴ
1909 3828 2104 3891 λύεται
2149 3828 2338 3912 τούτῳ
2382 3829 2448 3890 τὸ
2479 3829 2870 3913 ἠπορημένον.
2961 3830 3051 3893 δύ·

432 3948 497 3996 35
534 3953 699 3993 ναεαι
747 3928 853 4011 μὲν
882 3927 993 4012 γὰρ
1037 3926 1099 3989 ἕν
1143 3950 1197 3991 τι
1228 3926 1291 3991 ὃν
1336 3927 1464 3991 κατ’
1506 3929 1757 4013 ἀριθμὸν
1800 3935 1886 4015 τῷ
1933 3930 2089 4015 λόγῳ
2120 3929 2412 4014 διαφέρειν
2455 3935 2542 4014 τῷ
2574 3931 2844 4015 δυνάμεις
2888 3930 3048 4016 ἔχειν

535 4030 935 4116 διαφερούσας,
981 4028 1119 4093 καθ’
1160 4030 1230 4099 ἃς
1274 4034 1393 4093 τῶν
1437 4032 1710 4095 ἐναντίων
1756 4032 1882 4096 ἐστὶ
1925 4031 2202 4109 δεκτικόν,
2249 4032 2317 4095 οὐ
2366 4032 2480 4115 μὴν
2526 4032 2681 4097 οὕτω
2725 4040 2843 4098 τῶν
2891 4036 3045 4099 ἐναν-
3072 4052 3129 4093 2⁰

538 4135 675 4197 τίων
720 4133 823 4203 τὰς
868 4134 1143 4217 δυνάμεις
1194 4127 1384 4218 ἔχειν,
1443 4137 1526 4203 ὥς
1568 4134 1691 4217 ἅμα
1742 4135 1892 4199 αὐτὰ
1947 4134 2231 4199 δύνασθαι
2276 4134 2576 4219 δέχεσθαι.
2665 4136 2732 4199 τὸ
2776 4136 2885 4220 γὰρ
2930 4143 3048 4200 τῶν

438 4347 455 4396 1
497 4344 821 4399 αἰσθάνεσθαι
856 4346 956 4399 8²³
990 4346 1108 4414 Sp.:
1148 4343 1435 4398 αἰσθάνεται
1474 4348 1581 4401 VS¹
1790 4346 1821 4399 7
1860 4346 1964 4400 οἷον
2001 4346 2098 4401 S³a
2133 4348 2249 4414 Sp.:
2295 4344 2468 4415 ὅμοιον
2505 4349 2708 4402 VBFS¹
2886 4350 2975 4407 τὰς
3009 4350 3156 4404 38⁸²

430 4432 545 4500 Sp.:
598 4433 632 4502 ἢ
670 4434 763 4491 τὰς
797 4434 931 4485 ΒΙΕε
988 4452 1021 4503 η
1060 4432 1154 4485 τὰσ
1200 4433 1279 4485 sic
1314 4436 1365 4483 V
1576 4434 1610 4487 8
1658 4434 1730 4503 μὴ
1770 4434 1906 4487 vict.
1943 4433 2062 4501 Sp.:
2099 4453 2131 4503 η
2173 4434 2354 4501 (supra
2387 4452 2421 4502 η
2461 4434 2563 4501 lit.)
2603 4438 2720 4487 VB=
2758 4435 2790 4502 ἢ
2829 4438 2945 4490 FSa

430 4519 479 4571 ἕν
525 4520 739 4587 scripsi:
796 4520 867 4590 μὴ
890 4519 959 4571 ’ἐν
998 4520 1133 4573 vict.
1170 4518 1283 4588 Sp.:
1339 4520 1373 4589 ἢ
1414 4520 1466 4572 ἰν
1502 4522 1647 4573 FSa:
1684 4520 1717 4591 ἠ
1757 4520 1809 4572 ἐν
1848 4525 1897 4573 V
2081 4520 2143 4573 13
2179 4520 2231 4572 ἓν
2271 4518 2414 4588 εἶναι]
2454 4521 2632 4575 ἐνεῖναι
2669 4540 2701 4573 a
2737 4522 2826 4591 Sp.
3009 4524 3075 4575 14
3111 4524 3154 4577 εἰ

431 4606 526 4657 del.
552 4605 641 4675 Sp.
828 4606 891 4659 15
929 4621 1005 4673 pr.
1044 4603 1127 4658 ὅτε
1166 4605 1283 4674 Sp.:
1322 4604 1399 4658 ὅτι
1436 4607 1555 4659 libri
1758 4605 1825 4659 25
1864 4623 1939 4675 pr.
1977 4606 2036 4659 τὸ
2075 4612 2372 4674 suspectum
2586 4606 2652 4659 29
2691 4606 2908 4661 fortasse
2944 4610 3022 4680 τῷ
3057 4610 3154 4675 (δὲ)

429 4691 562 4761 λόγῳ
725 4692 873 4745 τοῦδέ
910 4692 1051 4746 S²Fa
1087 4692 1205 4761 Sp.:
1244 4692 1357 4745 τόδε
1387 4694 1497 4746 VS·
1667 4692 1737 4745 30
1774 4692 1913 4762 αὐτῷ
1951 4694 1983 4763 ἠ
2023 4694 2138 4761 Sp.:
2179 4693 2320 4764 αὐτῷ
2358 4692 2391 4764 ᾗ
2431 4698 2546 4747 VF:
2586 4694 2729 4763 αὐτῷ·
2762 4692 2906 4764 αὐτῷ’
2939 4696 2971 4765 ἢ
3011 4699 3084 4751 Sa

432 4778 501 4837 ὡς
533 4779 698 4833 delevi
914 4777 977 4831 31
1036 4782 1111 4849 τῷ
1149 4797 1203 4831 τε
1243 4782 1359 4833 FSa
1395 4780 1511 4847 Sp.:
1566 4779 1682 4832 τότε
1721 4784 1767 4832 V
1982 4780 2050 4831 32
2105 4780 2380 4849 ἀδιαίρετον
2419 4783 2536 4834 FSa
2571 4781 2686 4849 Sp.:
2743 4782 2983 4852 διαιρετὸν
3036 4789 3081 4837 V

432 4862 513 4917 36.
548 4864 611 4919 37
654 4861 922 4932 ἐναντίων]
961 4865 1147 4917 αντίων
1184 4868 1235 4916 V
