3684 5567
534 272 620 337 86
1500 262 1813 323 ΑΠΟΡΙΩΝ
1853 262 1978 321 ΚΑΙ
2017 262 2286 321 ΛΥΣΕΩΝ

641 443 781 527 γάρ,
840 442 928 507 ὅτι
980 441 1091 504 οὐκ
1142 438 1295 503 ἔστιν
1349 441 1388 523 ἡ
1443 442 1546 502 τοῦ
1596 438 1751 503 οὕτω
1804 438 2046 521 δυνάμει
2098 436 2182 505 εἰς
2234 436 2299 499 τὸ
2357 436 2612 521 ἐνεργείᾳ
2673 436 2970 520 μεταβολὴ
3015 432 3150 497 οὔτε

642 543 832 613 πάθος
876 541 1011 606 οὔτε
1056 542 1365 610 ἀλλοίωσις
1408 540 1543 604 οὔτε
1586 540 1856 625 κίνησις),
1911 541 2006 602 ἐπὶ
2049 539 2117 603 τὸ
2164 539 2293 622 περὶ
2341 538 2590 623 ἑκάστης
2634 536 2972 620 αἰσθήσεως
3015 533 3141 599 κατ’

649 645 794 708 ἰδίαν
838 645 1021 727 λέγειν
1070 644 1379 727 μετῆλθεν.
3181 654 3238 697 2⁰

814 744 904 809 Τὰ
949 747 1014 810 δὲ
1066 747 1355 830 κεφάλαια
1397 750 1516 807 τῶν
1561 744 1916 829 εἰρημένων·
1987 748 2218 828 πρῶτον
2261 740 2496 827 ἔλαβεν,
2551 740 2641 805 ὅτι
2693 744 2732 825 ἢ
2779 740 3053 825 αἴσθησις
3097 740 3156 803 ἐν

579 869 609 917 5
648 852 732 933 τῷ
766 847 1056 911 κινεῖσθαί
1095 870 1157 910 τε
1202 848 1297 911 καὶ
1342 848 1613 932 πάσχειν,
1659 844 1797 930 μεθ’
1832 846 1866 909 ὃ
1911 844 2216 929 ἐζήτησεν,
2262 850 2388 915 πῶς
2431 845 2498 907 τὸ
2541 846 2813 929 πάσχειν,
2857 845 2923 908 τὸ
2969 844 3021 907 εἰ
3067 843 3158 907 δύ·

648 951 818 1015 ναταί
856 973 910 1011 τι
964 950 1061 1012 καὶ
1108 948 1218 1012 ὑπὸ
1273 952 1377 1011 τοῦ
1423 950 1627 1030 ὁμοίου
1680 950 1959 1033 πάσχειν·
2016 945 2111 1032 ἐφ’
2171 944 2180 1031 Ι
2228 948 2316 1016 οἷς
2367 948 2700 1031 ἀπορήσας,
2753 946 2848 1010 διὰ
2890 947 2948 1010 τί
2987 944 3124 1031 οὐχὶ
3167 951 3264 1008 162

646 1054 746 1117 καὶ
799 1055 915 1114 τῶν
971 1050 1370 1135 αἰσθητηρίων
1432 1049 1627 1113 αὐτῶν
1687 1049 1964 1133 αἴσθησις
2017 1050 2252 1131 γίνεται
2287 1046 2470 1112 ὄντων
2527 1048 2857 1132 αἰσθητῶν,
2917 1048 3002 1117 εἰς
3051 1048 3156 1130 τὴν

643 1155 805 1220 λύσιν
848 1158 955 1237 τῆς
996 1152 1241 1236 ἀπορίας
1294 1149 1501 1236 ἔλαβεν
1555 1152 1622 1215 τὸ
1677 1150 1824 1215 εἶναι
1879 1152 1945 1215 τὸ
2001 1153 2066 1215 δὲ
2117 1153 2354 1233 δυνάμει
2407 1151 2512 1233 τὴν
2565 1148 2868 1234 αἴσθησιν,
2921 1151 3018 1215 καὶ
3062 1149 3158 1213 διὰ

646 1261 816 1321 τοῦτο
868 1256 986 1319 δεῖν
1031 1252 1183 1337 αὐτῇ
1231 1255 1374 1338 πρὸς
1418 1256 1523 1337 τὴν
1574 1254 1866 1338 ἐνέργειαν
1911 1254 2213 1338 παρόντων
2257 1256 2374 1316 τῶν
2414 1253 2716 1336 αἰσθητῶν
2760 1257 2944 1316 ποιεῖν
2989 1256 3154 1316 δυνα-
3207 1268 3235 1310 5

545 1382 608 1427 10
646 1358 855 1442 μένων.
930 1354 1023 1441 ἐφ’
1078 1356 1164 1424 οἷς
1208 1353 1413 1440 ἔλαβεν
1448 1356 1462 1381 ‘
1480 1358 1666 1441 διχῶς
1708 1358 1747 1439 ἡ
1793 1354 2088 1440 αἴσθησις,
2133 1357 2172 1438 ἡ
2221 1356 2324 1437 μὲν
2368 1356 2610 1438 δυνάμει
2655 1356 2692 1437 ἡ
2739 1356 2805 1419 δὲ
2851 1353 3160 1438 ἐνεργείᾳ’,

645 1460 781 1547 μεθ’
837 1460 877 1523 ἃ
920 1458 1081 1522 εἶπεν
1126 1460 1243 1521 δεῖν
1289 1458 1473 1539 λέγειν
1518 1456 1622 1534 ἔτι,
1668 1460 1721 1522 εἰ
1768 1458 2016 1542 μηδέπω
2063 1460 2382 1542 διώρισται,
2426 1457 2532 1520 τίνι
2575 1457 2836 1541 διαφέρει
2878 1458 2946 1521 τὸ
2991 1460 3156 1520 κινεῖ·

644 1564 789 1628 σθαί
830 1586 894 1625 τε
945 1563 1043 1625 καὶ
1094 1561 1343 1645 πάσχειν
1388 1564 1491 1623 τοῦ
1536 1561 1806 1645 ἐνεργεῖν,
1861 1562 1916 1623 εἰ
1969 1562 2036 1623 τὸ
2081 1562 2330 1645 πάσχειν
2384 1582 2448 1623 τε
2503 1561 2600 1623 καὶ
2652 1560 2938 1624 κινεῖσθαι
2981 1580 3159 1621 κινου-
3187 1574 3242 1617 ιο

644 1666 843 1749 μένου,
890 1664 1019 1727 ἐπεὶ
1061 1664 1159 1726 καὶ
1201 1661 1427 1744 λέγεται
1473 1664 1511 1745 ἡ
1558 1664 1779 1747 κίνησις
1822 1661 2084 1746 ἐνέργειά
2127 1684 2212 1731 τις
2255 1660 2419 1725 εἶναι.
2509 1660 2608 1745 ἐφ’
2663 1662 2750 1732 οἶς
2795 1660 3022 1748 ἔλαβεν,
3069 1661 3158 1725 ὅτι

642 1768 829 1830 πάντα
872 1770 958 1851 τῷ
992 1766 1239 1849 πάσχειν
1283 1765 1380 1827 καὶ
1410 1768 1647 1827 κινεῖται
1688 1787 1753 1828 τε
1796 1765 1912 1827 ὑπὸ
1955 1766 2058 1826 τοῦ
2090 1769 2391 1845 ποιητικοῦ
2437 1764 2695 1849 ἐνεργείᾳ
2741 1762 2905 1832 ὄντος
2934 1763 3159 1835 τούτου,

542 1891 605 1940 15
643 1869 676 1933 ὃ
721 1869 956 1933 δύναται
999 1869 1081 1931 τὸ·
1110 1869 1342 1951 πάσχον
1374 1866 1673 1948 γενέσθαι·
1721 1869 1809 1930 διὸ
1857 1868 2086 1951 πάσχον
2120 1866 2224 1948 μέν
2269 1865 2424 1929 ἐστιν
2457 1866 2750 1950 ἀνόμοιον,
2793 1868 2923 1931 ἐπεὶ
2951 1870 3066 1928 πᾶν
3093 1864 3162 1927 τὸ
3192 1880 3244 1922 1⁵

644 1975 877 2058 πάσχον
924 1970 1227 2053 ἀνόμοιον,
1282 1969 1575 2038 πεπονθὸς
1628 1970 1694 2033 δὲ
1738 1969 1970 2051 ὅμοιον,
2037 1970 2168 2033 ἐπεὶ
2211 1973 2286 2053 τῇ
2331 1968 2607 2051 αἰσθήσει
2649 1968 2725 2053 ἧν
2769 1970 2868 2033 καὶ
2921 1969 3160 2049 δύναμις

642 2075 739 2139 καὶ
783 2074 1061 2158 ἐνέργεια.
1160 2074 1257 2136 καὶ
1303 2070 1485 2141 ἔδειξε
1538 2074 1723 2136 διττὸν
1778 2074 1844 2136 τὸ
1901 2074 2162 2156 δυνάμει,
2220 2074 2316 2136 καὶ
2371 2072 2460 2135 ’ότι
2515 2074 2596 2155 μὴ
2655 2074 2884 2141 πάντως
2936 2076 3024 2156 τῷ
3069 2072 3161 2134 δυ-

640 2178 812 2259 νάμει
864 2178 904 2259 ἡ
963 2175 1047 2243 εἰς
1106 2175 1210 2257 τὴν
1272 2174 1561 2259 ἐνέργειαν
1622 2176 1917 2260 μεταβολὴ
1975 2174 2050 2239 δι’
2107 2175 2499 2243 ἀλλοιώσεως.
2597 2174 2690 2258 ἐφ’
2746 2176 2832 2243 οἷς
2889 2176 3162 2259 διαίρεσιν
3189 2189 3248 2231 ω

642 2279 962 2361 ἐποιήσατο
1014 2280 1119 2339 τοῦ
1174 2276 1581 2340 ἀλλοιοῦσθαι·
1644 2278 1854 2341 τούτου
1907 2277 2016 2361 γὰρ
2071 2278 2393 2360 δηλωτικὸν
2450 2276 2515 2339 τὸ
2571 2278 2841 2361 πάσχειν.
2930 2279 2997 2339 τὸ
3053 2277 3158 2357 μὲν

536 2401 604 2448 20
639 2382 749 2464 γάρ
794 2403 847 2442 τι
890 2380 1139 2463 πάσχειν
1184 2378 1331 2441 κατὰ
1376 2378 1603 2462 φθορὰν
1648 2380 1882 2461 γίνεται,
1929 2381 2055 2463 ἥτις
2109 2380 2221 2441 ὑπὸ
2277 2377 2534 2442 ἐναντίου
2586 2378 2828 2459 γίνεται,
2883 2381 2951 2442 τὸ
2997 2378 3062 2442 δέ
3104 2401 3158 2441 τι

640 2485 891 2567 πάσχειν
934 2481 1162 2562 λέγεται
1194 2480 1525 2562 σωζόμενον
1570 2482 1667 2543 καὶ
1712 2480 1969 2545 ἐπιδιδὸν
2015 2483 2100 2549 εἰς
2141 2482 2246 2564 τὴν
2292 2481 2472 2543 αὑτοῦ
2513 2481 2848 2565 τελειότητα
2893 2483 3006 2545 ὑπὸ
3049 2484 3152 2544 τοῦ
3182 2496 3238 2557 25

640 2586 847 2669 ὁμοίου
892 2581 1083 2666 αὐτῷ·
1154 2583 1327 2663 ὁμοία
1370 2584 1484 2667 γάρ
1526 2606 1653 2651 πως
1696 2584 1736 2666 ἡ
1782 2584 1901 2645 ἀπὸ
1946 2588 2053 2666 τῆς
2097 2582 2275 2652 ἕξεως
2319 2582 2576 2667 ἐνέργεια
2617 2588 2693 2665 τῇ
2741 2584 2874 2659 ἕξει,
2930 2582 3035 2669 ἀφ’
3089 2584 3163 2667 ἧς

638 2688 876 2771 γίνεται,
924 2684 957 2749 ὃ
1006 2682 1013 2770 Ι
1064 2686 1314 2769 πάσχειν
1360 2684 1467 2748 οὐκ
1512 2686 1822 2753 ἀλλοίωσις
1867 2684 1937 2748 ἂν
1982 2684 2098 2769 εἴη.
2189 2683 2283 2770 ἐφ’
2337 2685 2426 2755 οἷς
2472 2684 2711 2758 ἔδειξεν,
2756 2684 2846 2749 ὅτι
2891 2688 2930 2768 ἡ
2977 2684 3128 2749 κατὰ
3172 2691 3268 2749 163

640 2790 745 2873 τὴν
791 2788 1033 2871 δύναμιν
1060 2787 1401 2870 αἰσθήσεως
1444 2788 1529 2857 εἰς
1573 2790 1675 2871 τὴν
1722 2786 1850 2852 κατ’
1891 2788 2178 2871 ἐνέργειαν
2227 2788 2520 2873 μεταβολὴ
2569 2786 2677 2852 οὐκ
2721 2786 2872 2853 ἔστιν
2917 2790 2956 2872 ἡ
3002 2788 3154 2871 αὐτὴ

538 2912 603 2961 25
642 2896 718 2974 τῇ
764 2890 894 2955 κατ’
938 2891 1245 2955 ἀλλοίωσιν
1290 2890 1591 2975 γινομένη.
1682 2877 1801 2954 ἀλλ’
1853 2890 1985 2954 οὐδ’
2019 2891 2173 2954 οῦτω
2217 2893 2438 2977 πάσχει
2479 2893 2546 2955 τὸ
2591 2892 3034 2975 αἰσθανόμενον,
3081 2896 3163 2962 ὥς
3217 2909 3246 2951 ι

644 2992 875 3080 ἔπασχε
903 2995 976 3059 τὰ
1014 2992 1391 3079 φθειρόμενα,
1436 2992 1558 3056 ἀλλ’
1602 2996 1683 3063 ὥς
1716 2994 1782 3057 τὸ
1827 2994 1912 3062 εἰς
1954 2994 2127 3057 ἑαυτὸ
2173 2994 2450 3058 ἐπιδιδόν.
2540 2996 2637 3059 καὶ
2680 2996 2786 3079 τὴν
2829 2996 3164 3079 τελειότητα

642 3098 895 3181 διορίσας
938 3098 1121 3161 εἰπὼν
1166 3098 1285 3161 δεῖν
1328 3100 1449 3165 τοῖς
1492 3098 1705 3163 κοινοῖς
1750 3094 2002 3178 ὀνόμασι
2045 3097 2312 3181 χρῆσθαι
2356 3097 2418 3160 ἐν
2464 3102 2549 3181 τῷ
2599 3096 2757 3183 λόγῳ
2801 3102 2887 3183 τῷ
2933 3104 3038 3183 τῆς
3081 3098 3163 3161 αἰ-

644 3200 948 3283 σθήσεως,
1002 3199 1133 3262 ἐπεὶ
1190 3200 1272 3283 μὴ
1318 3197 1535 3284 ἔχομεν
1590 3197 1663 3260 τὰ
1716 3198 1888 3281 κύρια
1940 3201 2058 3261 τῶν
2113 3200 2588 3284 σημαινομένων,
2646 3201 2950 3265 ἀπέδωκεν
2995 3201 3164 3285 λόγον
3191 3218 3248 3260 ιο

642 3301 827 3385 αὐτῆς
870 3302 967 3365 καὶ
1012 3300 1170 3365 εἶπεν
1218 3301 1347 3385 [τὴν
1393 3300 1695 3383 αἴσθησιν]
1747 3302 1988 3383 δυνάμει
2043 3302 2110 3365 τὸ
2165 3301 2508 3385 αἰσθητικὸν
2561 3301 2737 3381 εἶναι,
2793 3304 2996 3368 ὁποῖόν
3041 3304 3164 3369 ἐστι

539 3424 607 3472 3ο
644 3404 711 3467 τὸ
759 3402 1040 3485 αἰσθητὸν
1088 3404 1440 3487 ἐντελεχείᾳ,
1493 3405 1725 3489 πάσχον
1770 3404 1836 3466 δὲ
1884 3400 1981 3487 ὑφ’
2039 3404 2248 3467 ἑαυτοῦ
2292 3405 2389 3467 καὶ
2434 3402 2509 3467 δι’
2565 3404 2769 3481 ἄλλου,
2815 3406 2884 3469 οὐ
2931 3408 3036 3491 μὲν
3081 3412 3164 3477 ὥς

644 3505 807 3571 εἶπεν
854 3503 1133 3589 πρότερον
1164 3504 1423 3587 γίνεσθαι
1466 3507 1572 3588 τὴν
1618 3504 1747 3569 κατ’
1789 3505 2080 3589 ἐνέργειαν
2125 3504 2420 3589 αἴσθησιν,
2467 3511 2594 3577 πῶς
2639 3510 2734 3571 δεῖ
2771 3514 2874 3573 τοῦ
2915 3513 3162 3595 πάσχειν

647 3610 746 3673 καὶ
791 3607 1173 3671 ἀλλοιοῦσθαι
1218 3606 1451 3671 ἀκούειν
1497 3607 1594 3670 ἐπὶ
1637 3612 1742 3691 τῆς
1788 3608 2116 3691 μεταβολῆς
2171 3613 2276 3690 τῆς
2321 3608 2470 3671 κατὰ
2523 3610 2628 3693 τὴν
2674 3612 2916 3693 δύναμιν
2959 3616 3164 3699 αἰσθή-
3195 3630 3248 3672 1⁸

647 3732 798 3779 σεως
842 3710 923 3779 εἰς
972 3710 1078 3793 τὴν
1124 3709 1411 3793 ἐνέργειαν
1458 3714 1842 3795 προειρηκώς.
1935 3712 1968 3773 ὃ
2013 3709 2066 3773 δ’
2107 3712 2422 3780 ἀποδοθεὶς
2466 3711 2636 3793 λόγος
2679 3718 2784 3797 τῆς
2827 3714 3166 3799 αἰσθήσεώς

646 3814 768 3878 ἐστι
810 3814 877 3876 τὸ
924 3812 1263 3894 αἰσθητικὸν
1309 3814 1551 3894 δυνάμει
1606 3811 1669 3875 ὃν
1716 3812 1837 3875 οἷον
1891 3816 1956 3876 τὸ
2001 3813 2284 3895 αἰσθητὸν
2340 3812 2457 3898 ἤδη
2511 3816 2664 3879 ἐστὶν
2721 3816 3077 3901 ἐντελεχείᾳ,
3131 3816 3164 3880 ὃ

544 3935 609 3985 35
652 3917 885 4001 πάσχον
933 3916 1037 3998 μὲν
1082 3913 1182 3977 ὑπ’
1237 3914 1415 3977 αὐτοῦ
1461 3913 1693 3977 οὐδέπω
1742 3916 1942 3999 ὅμοιόν
1989 3916 2133 3992 ἐστι,
2177 3916 2472 3985 πεπονθὸς
2515 3918 2581 3980 δὲ
2625 3916 2844 3999 ὅμοιον.
2897 3918 2904 4002 Ι
3190 3936 3249 3978 ω

545 4070 577 4123 2
615 4070 673 4123 τὸ
712 4070 880 4123 Diels:
918 4070 983 4121 τὰ
1019 4069 1139 4122 libri
1319 4069 1397 4122 ἐπὶ
1434 4070 1498 4121 τὰ
1536 4072 1701 4123 GFSa
1737 4068 1852 4136 Sp.=
1891 4068 1970 4120 ἐπι
2009 4068 2137 4133 (ἐπει
2175 4086 2221 4119 v.
2249 4070 2318 4135 e.)
2360 4087 2422 4121 τα
2459 4070 2537 4122 sic
2576 4074 2640 4121 V:
2691 4061 2860 4123 ἔπειτα
2895 4076 2940 4126 Β
3121 4074 3154 4127 5
3191 4074 3272 4143 τὸ]

543 4158 631 4212 καὶ
668 4157 805 4211 coni.
843 4156 949 4225 Sp„
989 4158 1080 4209 sed
1118 4156 1467 4225 supplendum
1508 4156 1717 4229 ἐζήτησε
1754 4157 1813 4209 τὸ
2001 4156 2048 4209 5.
2089 4157 2121 4209 6
2159 4154 2364 4209 δυναται
2404 4160 2450 4209 V
2629 4158 2664 4209 8
2697 4157 2757 4209 τὸ
2794 4157 2872 4227 δὲ]
2909 4177 2968 4212 το
3005 4160 3058 4213 δε
3093 4162 3276 4230 (supra

546 4262 575 4297 ο
612 4245 741 4311 ras.)
778 4250 843 4299 V:
888 4243 1004 4297 τότε
1040 4244 1179 4297 coni.
1216 4244 1305 4311 Sp.
1344 4244 1408 4297 cf.
1447 4244 1605 4309 83,12
1644 4242 1758 4297 τόδε
1794 4244 2056 4297 Schwartz
2235 4242 2268 4295 9
2312 4242 2438 4312 δεῖν]
2475 4242 2665 4297 δεῖσθαι
2702 4247 2835 4299 coni.
2873 4246 2964 4315 Sp.
3143 4248 3274 4321 αὺτῃ
3392 4300 3402 4305 ,

544 4334 755 4401 scripsi:
812 4330 970 4401 αὐτὴν
1005 4330 1130 4384 libri
1168 4330 1255 4398 (cf.
1282 4330 1463 4397 85,18)
1650 4330 1710 4383 12
1756 4332 1799 4383 εἰ
1834 4331 1894 4383 τὸ
1933 4332 2143 4398 scripsi:
2189 4330 2242 4382 lv
2290 4332 2367 4401 τῷ
2402 4330 2522 4385 libri
2707 4334 2768 4387 14
2821 4334 3040 4389 fortasse
3077 4340 3176 4387 πᾶν
3213 4334 3274 4387 τὸ

544 4421 739 4492 πάσχον
777 4420 957 4492 πάσχει
990 4436 1047 4470 τε
1070 4420 1155 4470 καὶ
1192 4426 1401 4471 κινεῖται
1438 4418 1535 4471 ὑπὸ
1572 4418 1637 4471 cf.
1664 4418 1783 4483 83,9
1822 4418 2006 4483 (πάντα
2045 4420 2243 4491 πάσχει,
2279 4438 2335 4471 τε
2361 4418 2478 4482 del„
2515 4422 2648 4484 <καὶ>
2686 4421 2752 4473 ἐν.
2780 4422 2894 4489 Sp.)
3041 4422 3105 4476 15
3142 4423 3274 4476 ἐστιν

546 4507 759 4575 scripsi:
799 4504 876 4559 ὅτι
909 4506 1059 4560 libri:
1098 4523 1146 4558 τι
1183 4505 1321 4559 coni.
1357 4505 1443 4573 Sp.
1592 4506 1653 4557 17
1695 4505 1784 4557 alt.
1811 4506 1901 4557 καὶ
1925 4504 2023 4557 del.
2054 4505 2144 4573 Sp.
2288 4506 2348 4557 21
2395 4508 2552 4561 ἀὐτου
2589 4510 2662 4560 sic
2693 4512 2738 4559 V
2879 4508 2950 4560 22
2987 4508 3132 4579 αὐτῷ
3157 4510 3274 4578 Sp.=

546 4593 705 4647 αὐτοῦ
729 4594 851 4647 libri
1020 4592 1087 4645 23
1130 4592 1188 4663 ή]
1224 4592 1266 4645 εἰ
1302 4610 1357 4645 a:
1406 4592 1625 4645 fortasse
1663 4594 1858 4661 ή<τῆς>
2023 4592 2092 4644 24
2131 4590 2413 4663 αἰσθήσεως
2451 4594 2586 4646 Vict.
2622 4596 2736 4662 Sp.=
2773 4592 3004 4664 αἰσθήσει
3041 4597 3074 4666 ή
3111 4600 3274 4651 GFB:

548 4678 775 4750 αἰσθήσει
810 4700 843 4751 η
883 4681 961 4732 sic
1001 4684 1063 4732 V:
1112 4678 1372 4749 αἰσθησείη
1410 4682 1483 4733 Sa
1670 4680 1735 4732 26
1784 4680 1932 4732 ὲαυτο
1971 4683 2016 4729 V
2195 4679 2408 4733 ἐπιδιδόν
2447 4682 2660 4748 scripsi:
2705 4680 2884 4734 ἀποδεῖ
2917 4682 3061 4737 libri:
3105 4684 3272 4755 ἐπειδὴ

550 4768 687 4821 vict.
831 4765 897 4818 29
934 4766 1029 4835 τὴν
1067 4764 1293 4835 αἴσθησιν
1334 4768 1720 4834 circumscripsi
1919 4766 1988 4818 30
2035 4766 2254 4820 fortasse
2297 4764 2386 4820 ὑπ’
2433 4768 2590 4819 αὺτοῦ
2795 4767 2910 4837 μὲν]
2949 4788 3040 4837 μιν
3077 4774 3142 4822 V:
3173 4772 3274 4843 μὴν

548 4855 685 4909 vict.
723 4852 811 4921 Sp.
992 4853 1076 4907 32.
1115 4853 1183 4907 33
1220 4850 1502 4925 αἰσθήσεως
1539 4854 1701 4906 Victa
1739 4852 1968 4925 αἴσθησιν
2005 4854 2128 4908 libri
2308 4854 2376 4907 34
2413 4854 2512 4929 ηὸη
2552 4860 2600 4907 V
2778 4854 3059 4934 ἐντελεχεια
3095 4862 3146 4910 V
