3684 5567
1280 276 1540 336 ΗΘΙΚΩΝ
1583 276 2112 336 ΠΡΟΒΛΗΜΑἹῺΝ
2155 280 2358 334 13-14
3059 283 3178 347 135

562 456 667 539 γὰρ
712 455 773 518 ἐν
818 458 943 523 ταῖς
987 455 1451 539 ἀνεμποδίστοις,
1508 453 1641 517 οὔτε
1686 454 1747 516 ἐν
1793 458 1917 521 ταῖς
1968 454 2037 523 ἃς
2081 454 2424 537 ἐνεργοῢμεν
2471 453 2934 537 ἐμποδιζόμενοι.
3024 454 3146 535 ἡιὸ

564 558 627 621 δὲ
671 558 818 641 αὐτὴ
866 558 1079 641 ἀπορία
1135 557 1335 620 ἕπεται
1388 556 1485 619 καὶ
1529 560 1650 625 τοῖς
1694 556 2018 641 εἰρημένοις
2073 558 2202 641 περὶ
2257 559 2469 641 ἡδονῆς
2523 557 2682 641 αὐτῷ
2741 558 2799 619 ἐν
2845 561 2933 642 τῷ
2980 582 3063 620 τε·

563 662 833 745 λευταίῳ,
878 660 951 723 δι’
994 662 1076 723 ὧν
1122 658 1275 743 λέγει
1319 659 1728 743 αἰσθήσεως
1776 660 1850 721 δὲ
1895 662 2120 742 πάσης
2165 662 2332 742 πρὸς
2377 661 2450 722 τὸ
2496 660 2836 744 αἰσθητὸν
2883 660 3066 743 ἐνερ·

561 764 847 848 γούσης,
901 764 1194 832 τελείως
1250 763 1323 825 δὲ
1369 768 1493 845 τῆς
1546 761 1619 825 εὖ
1666 763 2115 845 διακειμένης
2170 764 2340 847 πρὸς
2395 764 2468 825 τὸ
2514 765 2886 825 κάλλιστον
2933 769 3064 825 τῶν

497 888 527 936 5
567 867 695 929 ὑπὸ
750 868 875 950 τὴν
929 866 1299 949 αἴσθησιν·
1365 871 1683 929 τοιοῦτον
1736 866 1862 949 γὰρ
1911 866 2216 949 μάλιστα
2269 866 2446 929 εἶναι
2500 867 2697 928 δοκεῖ
2745 866 2782 947 ἡ
2836 866 3148 928 τελείαεο

568 971 884 1055 ἐνέργεια
928 970 1175 1053 (αὐτὴν
1222 969 1295 1031 δὲ
1344 966 1351 1051 Ι
1398 968 1624 1052 λέγειν
1670 969 1982 1053 ἐνεργεῖν
2037 970 2075 1052 ῆ
2122 970 2191 1031 ἐν
2237 964 2288 1054 ᾧ
2337 970 2486 1031 ἐστι
2531 968 2742 1052 μηδὲν
2789 970 3021 1054 διαφε·
3067 980 3171 1035 259

562 1074 794 1159 ρέτω).
854 1072 1007 1136 καθ’
1064 1072 1361 1136 ἕκαστον
1416 1073 1489 1135 δὲ
1544 1072 1880 1156 βελτίστη
1935 1072 2123 1135 ἐστὶν
2183 1075 2220 1155 ἡ
2276 1071 2590 1156 ἐνέργεια
2644 1076 2762 1135 τοῦ
2818 1070 3067 1157 ἄριστα

562 1176 1013 1259 διακειμένου
1065 1177 1235 1257 πρὸς
1280 1176 1353 1238 τὸ
1398 1176 1771 1259 κράτιστον
1826 1180 1960 1237 τῶν
2017 1172 2122 1237 ὑπ’
2179 1174 2412 1257 αὐτήν.
2502 1175 2676 1259 αὕτη
2732 1174 2782 1238 δ’
2839 1175 2916 1239 ἂν
2961 1202 3063 1241 τε-

560 1282 885 1363 λειοτάτη
932 1278 1043 1363 εἴη
1089 1280 1203 1342 καὶ
1234 1280 1515 1363 ἡδίστη·
1564 1278 1738 1341 κατὰ
1782 1283 2004 1341 πᾶσαν
2048 1278 2178 1362 γὰρ
2209 1276 2536 1359 αἴσθησίν
2583 1278 2771 1340 ἐστιν
2817 1280 3064 1365 ἡδονή,
3119 1296 3148 1338 5

464 1406 527 1453 ιο
563 1384 823 1467 ὁμοίως
882 1383 955 1445 δὲ
1009 1384 1123 1445 καὶ
1178 1383 1493 1445 διάνοιαν
1551 1383 1664 1445 καὶ
1718 1382 2046 1465 θεωρίαν,
2107 1381 2356 1463 ἡδίστη
2415 1378 2465 1443 δ’
2529 1383 2568 1464 ἡ
2626 1384 3062 1466 τελειοτάτη,

558 1488 970 1570 τελειοτάτη
1016 1484 1068 1547 δ’
1124 1486 1163 1569 ἡ
1211 1490 1332 1548 τοῦ
1377 1484 1451 1549 εὖ
1498 1483 1789 1570 ἔχοντος
1833 1486 2001 1567 πρὸς
2044 1484 2117 1546 τὸ
2165 1482 2722 1547 σπουδαιότατον
2768 1490 2900 1549 τῶν
2947 1485 3050 1549 ὑπ’

558 1590 797 1675 αὐτήν.
889 1590 985 1652 καὶ
1030 1588 1138 1672 γὰρ
1193 1588 1260 1652 ἐκ
1313 1590 1531 1652 τούτων
1584 1592 1683 1652 καὶ
1734 1594 1852 1651 τῶν
1913 1588 2132 1655 τούτοις
2186 1586 2396 1671 ἐφεξῆς
2452 1588 2777 1671 λεγομένων
2831 1590 2870 1673 ἡ
2915 1589 3062 1673 αὐτὴ
3095 1609 3148 1651 10

563 1695 775 1778 ἀπορία
832 1694 1162 1757 συνίσταταί
1212 1716 1275 1755 τε
1320 1693 1415 1755 καὶ
1473 1692 1649 1775 μένει.
1740 1692 1889 1754 ἀλλὰ
1949 1693 2062 1775 μὴν
2123 1692 2286 1753 δοκεῖ
2333 1690 2527 1758 αὐτοῖς
2585 1690 2736 1775 μέση
2792 1715 2874 1761 τις
2918 1693 3062 1757 εἶναι

561 1798 906 1866 κατάστασις
949 1798 1165 1879 ἡδονῆς
1210 1819 1271 1858 τε
1316 1796 1413 1859 καὶ
1456 1795 1661 1879 λύπης.
1746 1796 1785 1878 ἢ
1832 1799 2061 1878 πρῶτον
2109 1794 2234 1877 μέν,
2281 1794 2332 1857 εἰ
2378 1793 2438 1855 ἐν
2484 1798 2606 1863 ταῖς
2652 1794 2958 1879 ἐνεργείαις
3001 1799 3060 1860 αἱ

458 1920 519 1969 15
558 1902 766 1986 ἡδοναί
805 1922 866 1963 τε
913 1901 1008 1963 καὶ
1040 1903 1217 1962 λῦπαι
1259 1903 1383 1968 ταῖς
1427 1904 1543 1961 τῶν
1575 1898 1913 1982 αἰσθήσεων
1959 1898 2053 1961 καὶ
2099 1902 2222 1965 ταῖς
2268 1902 2372 1980 τῆς
2403 1897 2653 1965 διανοίας
2697 1921 2760 1959 τε
2789 1900 2886 1961 καὶ
2916 1899 3062 1963 θεω-
3091 1917 3144 1959 15

560 2003 705 2089 ρίας,
752 2006 925 2087 δῆλον
974 2007 1056 2071 ὡς
1100 2002 1159 2065 ἐν
1205 2006 1329 2071 ταῖς
1368 2002 1798 2086 ἀνενεργησίαις
1840 2005 1967 2069 ταῖς
1996 2000 2145 2063 κατὰ
2191 2003 2370 2062 ταῦτα
2415 1999 2476 2061 ἐν
2508 1999 2797 2084 οὐδετέρῳ
2843 2002 3061 2065 τούτων

556 2107 837 2189 ἐσόμεθα.
938 2102 1090 2168 ἔστιν
1138 2104 1203 2168 δὲ
1246 2103 1345 2167 ὅτε
1388 2100 1523 2167 οὔτε
1567 2103 1715 2167 κατὰ
1759 2102 1861 2173 τὰς
1905 2104 2208 2187 αἰσθήσεις
2253 2100 2388 2165 οὔτε
2425 2102 2573 2165 κατὰ
2619 2102 2867 2187 θεωρίαν
2911 2106 3059 2190 ἐνερ-

555 2214 799 2293 γοῦμεν,
866 2211 945 2277 ὡς
977 2194 981 2197 ’
1008 2205 1068 2270 ἔν
1128 2231 1191 2270 τε
1250 2212 1386 2279 τοῖς,
1430 2208 1626 2275 ὕπνοις
1690 2208 1788 2270 καὶ
1848 2206 1908 2269 ἐν
1969 2212 2095 2275 ταῖς
2153 2206 2337 2291 χωρὶς
2401 2206 2592 2268 ὕπνων
2653 2206 3059 2273 ἀναπαύσεσιν.
3090 2227 3146 2269 90

556 2310 755 2375 ἔπειτα
800 2314 852 2375 εἰ
896 2311 957 2373 ἐν
1003 2316 1126 2379 ταῖς
1179 2310 1497 2391 βελτίσταις
1548 2310 1856 2394 ἐνεργείαις
1909 2310 1976 2372 τὸ
2022 2311 2284 2393 ἥδιστον,
2340 2308 2626 2392 βέλτισται
2671 2310 2736 2371 δὲ
2781 2309 3062 2395 ἐνέργειαι

451 2435 519 2482 20
556 2417 616 2479 αἱ
646 2421 762 2477 τῶν
809 2414 1013 2498 ἄριστα
1043 2412 1419 2495 διακειμένων
1466 2412 1665 2489 ἕξεων,
1711 2412 1848 2476 ὅταν
1893 2414 2195 2495 γίγνωνται
2225 2412 2355 2495 περὶ
2401 2412 2474 2473 τὰ
2503 2412 2778 2495 κράτιστα
2808 2419 2922 2477 τῶν
2955 2417 3052 2479 ὑπ’

558 2517 754 2590 αὐτάς,
814 2520 989 2602 δῆλον
1040 2522 1121 2586 ὥς
1173 2517 1225 2579 εἰ
1273 2517 1353 2599 μὴ
1400 2516 1585 2584 οὕτως
1630 2514 1810 2597 ἄμφω
1857 2512 2016 2599 ἔχοι,
2082 2512 2272 2577 οὐκέτ’
2329 2512 2397 2576 ἂν
2444 2516 2672 2599 ἥδισται
2716 2516 2955 2597 γίνοιντο
2999 2521 3060 2582 αἱ
3086 2538 3139 2580 25

557 2620 859 2704 ἐνέργειαι.
948 2622 1145 2704 ὀλίγης
1192 2619 1295 2701 μὲν
1340 2616 1440 2681 οὖν
1485 2619 1874 2703 παραβάσεως
1929 2618 2024 2680 καὶ
2071 2616 2327 2685 ἀνέσεως
2372 2621 2475 2679 τοῦ
2520 2616 2580 2679 ἐν
2627 2618 2888 2704 ἑκατέρῳ
2931 2647 3062 2706 κρα-

556 2724 749 2787 τίστου
796 2724 1096 2807 γινομένης
1146 2720 1153 2807 Ι
1202 2720 1286 2785 ἔτι
1342 2720 1411 2783 ἂν
1468 2720 1691 2803 μένοιεν
1734 2723 1956 2804 ἡδεῖαι,
2010 2721 2062 2785 εἰ
2117 2723 2212 2783 καὶ
2259 2722 2340 2803 μὴ
2387 2721 2634 2802 ἥδισται.
2718 2721 2770 2783 εἰ
2823 2724 2876 2785 δ’
2933 2724 3015 2789 ἔτι
3059 2736 3166 2792 260

559 2829 777 2908 μᾶλλον
818 2826 1079 2890 ἀνεθεῖεν
1112 2826 1319 2909 (δῆλον
1365 2826 1423 2887 αἱ
1469 2824 1552 2893 εἰς
1594 2825 1660 2887 τὸ
1703 2827 1886 2909 χωρὶς
1929 2826 2148 2908 ἡδονῆς
2191 2848 2254 2886 τε
2300 2826 2396 2887 καὶ
2439 2825 2625 2909 λύπης
2669 2826 3058 2910 ἐνεργεῖσθαι·

452 2946 519 2997 25
558 2926 603 3008 †
642 2928 816 2991 αἰτίαι
846 2932 947 2991 τοῦ
978 2929 1268 3014 χρησίμου
1298 2929 1472 3012 χάριν
1502 2926 1791 3009 γινόμεναι
1826 2926 1986 3011 ὄψεις
2030 2951 2092 2990 τε
2139 2929 2235 2989 καὶ
2266 2928 2436 2991 ἀκοαὶ
2481 2930 2576 2991 καὶ
2608 2930 2922 3014 ὀσφρήσεις
2967 2935 3063 2996 καὶ

558 3031 721 3115 ἁφαί,
770 3032 893 3094 οἷον
933 3036 1035 3095 τοῦ
1075 3030 1452 3116 φυλάξασθαί
1487 3053 1540 3092 τι
1583 3030 1621 3111 ἢ
1653 3035 1755 3093 τοῦ
1784 3029 2107 3114 γνωρίσαι).
2155 3031 2331 3113 δῆλαί
2370 3031 2510 3094 εἰσιν
2543 3030 2676 3095 οὔτε
2707 3034 2770 3096 τὸ
2802 3037 3064 3119 λυπηρὸν
3119 3054 3146 3095 5

558 3132 806 3219 ἔχουσαι
852 3132 985 3198 οὔτε
1028 3135 1095 3196 τὸ
1139 3133 1283 3217 ἡδύ,
1337 3134 1389 3195 εἰ
1432 3132 1608 3201 αὐτὸς
1652 3132 1842 3207 εἶπεν,
1888 3133 2052 3195 ποῖαί
2091 3134 2233 3195 εἰσιν
2279 3133 2556 3217 ἐνέργειαι
2604 3136 2804 3218 μέσαι,
2850 3136 2924 3202 δι’
2981 3141 3062 3202 ὧν

558 3237 943 3322 προσέθηκεν,
987 3236 1172 3318 λέγων
1205 3240 1348 3305 πῶς
1378 3234 1498 3299 οὖν
1544 3234 1775 3305 οὐδεὶς
1810 3240 2125 3320 συνεχῶς
2158 3237 2402 3320 ἥδεται
2447 3237 2798 3321 ἣκάμνει;
2847 3243 3066 3305 πάντα

559 3341 683 3427 γὰρ
729 3341 811 3403 τὰ
856 3338 1273 3423 ἀνθρώπεια
1328 3339 1657 3403 ἀδυνατεῖ
1709 3342 2022 3422 συνεχῶς
2076 3340 2406 3424 ἐνεργεῖν.
2498 3339 2574 3403 οὐ
2631 3342 2899 3423 γίνεται
2943 3343 3062 3408 οὖν
3093 3362 3147 3406 ιο

448 3462 518 3511 30
554 3444 718 3508 οὐδὲ
746 3444 989 3527 ἡδονή·
1038 3441 1285 3505 ἕπεται
1327 3442 1454 3527 γὰρ
1498 3447 1583 3526 τῇ
1618 3442 1952 3525 ἐνεργείᾳ.
2023 3438 2174 3504 ἔνια
2220 3443 2293 3504 δὲ
2339 3440 2577 3526 τέρπει
2622 3445 2824 3508 καινὰ
2869 3445 3060 3527 ὄντα,

556 3548 845 3629 ὕστερον
891 3545 965 3608 δὲ
1021 3543 1154 3628 οὐχ
1200 3546 1463 3627 ὁμοίως
1515 3545 1628 3608 διὰ
1673 3544 1911 3608 ταύτό·
1976 3545 2049 3607 τὸ
2098 3546 2217 3627 μὲν
2269 3544 2394 3629 γὰρ
2439 3550 2714 3630 πρῶτον
2759 3552 3063 3635 παρακέ-

552 3653 808 3733 κληται
852 3649 889 3731 ἡ
938 3648 1239 3724 διάνοια,
1299 3648 1412 3711 καὶ
1456 3646 1980 3729 διατεταμένως
2033 3648 2188 3730 περὶ
2233 3646 2406 3711 αὐτὰ
2449 3649 2760 3734 ἐνεργεῖ,
2820 3654 3064 3739 ὥσπερ
3094 3670 3145 3714 15

445 3943 493 3995 2.
532 3942 565 3995 3
601 3943 654 3995 ἐν
691 3946 766 4012 τῷ
804 3940 1101 4012 τελευταίῳ]
1140 3941 1253 3993 Eth.
1291 3941 1403 3994 Nic.
1440 3942 1511 4005 X,
1537 3942 1587 3993 4.
1631 3940 1880 3993 1174b14
2072 3940 2105 3993 3
2143 3940 2196 3993 δὲ
2233 3943 2319 3994 καὶ
2355 3960 2388 3994 a
2424 3945 2512 4010 Sp.
2710 3944 2742 3997 5
2780 3952 2901 4014 post
2937 3948 3167 4021 αἴσθησιν

444 4032 562 4084 add.
598 4032 848 4099 κειμένων
888 4032 1023 4083 vict.
1235 4034 1463 4082 τοιοῦτον
1500 4028 1675 4081 Viet.?
1713 4028 1784 4081 13²
1819 4031 1935 4096 Sp.:
1975 4027 2220 4081 τοιούτων
2257 4032 2429 4083 VBSa
2641 4031 2671 4083 6
2722 4030 2790 4103 ᾧ]
2835 4040 2958 4089 ante
3006 4035 3048 4106 ᾦ
3089 4040 3165 4091 lit.

446 4120 469 4170 1
500 4118 600 4170 litt.
626 4122 688 4169 V:
726 4120 782 4170 in
820 4119 959 4170 lit.B
1140 4117 1171 4169 7
1210 4117 1427 4187 ἑκάστην
1464 4116 1535 4169 13²
1572 4120 1661 4182 Sp.
1863 4116 1896 4169 8
1943 4112 2034 4185 ὑφ’
2083 4116 2240 4187 αὒτὴν
2287 4137 2320 4169 a
2354 4120 2442 4186 Sp.
2492 4135 2556 4171 ex
2594 4120 2752 4174 Arist.
2991 4125 3047 4176 11
3110 4126 3165 4177 εὖ

444 4204 649 4277 ἔχοντος
684 4204 755 4257 13²
788 4204 923 4257 vict.
963 4207 1081 4271 Sp.:
1134 4205 1445 4275 περιέχοντος
1481 4206 1677 4258 VB'Sa
1859 4205 1936 4255 11.
1982 4204 2043 4256 12
2095 4199 2186 4273 ὑφ’
2227 4202 2384 4274 αὑτὴν
2423 4224 2454 4257 a
2490 4208 2578 4274 Sp.
2619 4224 2681 4260 ex
2722 4210 2883 4263 Arist.
2924 4209 3045 4278 (ὑπ’
3085 4213 3164 4265 αὐ.

444 4294 601 4345 Arist.
638 4291 747 4358 Kb)
953 4292 1016 4343 14
1053 4292 1085 4361 ἡ
1123 4309 1155 4343 a
1357 4292 1447 4359 μὲν
1486 4290 1553 4359 εἰ]
1593 4293 1730 4360 μένει
1766 4309 1797 4343 a
2001 4291 2064 4343 15
2120 4310 2173 4344 τε
2214 4293 2299 4344 καὶ
2335 4301 2442 4351 ταῖς
2479 4312 2510 4346 a
2546 4297 2635 4361 Sp.
2851 4298 2919 4351 20
2975 4299 3026 4351 αἱ
3063 4315 3160 4353 om.

442 4452 475 4486 a
510 4436 599 4500 Sp.
754 4380 911 4505 ἀρίστα
946 4433 1023 4485 sie
1046 4436 1095 4484 V
1240 4430 1306 4483 22
1347 4432 1572 4501 ἑκατέρῳ
1600 4435 1677 4484 Fa
1703 4434 1819 4499 Sp.:
1860 4432 2100 4503 ἑκατέρου
2130 4436 2174 4483 V
2319 4433 2386 4486 23
2427 4452 2496 4504 μη
2520 4439 2569 4486 V
2711 4436 2778 4489 24
2817 4438 2969 4507 δῆλον
3007 4442 3058 4493 αἱ
3095 4443 3166 4500 εἰς

444 4523 691 4576 VS¹B¹F=
730 4520 773 4573 ὃ.
814 4520 887 4578 ὡς
922 4520 990 4579 εἰς
1014 4520 1107 4573 B²z
1146 4520 1191 4571 δ.
1232 4520 1303 4577 ὡς
1340 4520 1435 4573 S²a
1459 4523 1575 4588 Sp.:
1626 4520 1847 4573 fortasse
1885 4520 2180 4592 δηλονότι
2217 4521 2285 4579 εἰς
2427 4522 2493 4574 25
2531 4522 2681 4575 αἰτίαι
2709 4526 2938 4577 VS'BF:
2978 4527 3075 4580 οἶαι
3113 4530 3164 4581 αἱ

442 4608 607 4662 B²S⁹a
631 4611 749 4677 Sp.:
788 4608 1005 4662 sortasse
1042 4607 1226 4661 αὗται
1262 4604 1313 4661 δ’
1340 4610 1435 4673 (αἱ)
1578 4610 1643 4662 26
1684 4609 1806 4677 ἁφαι
1832 4612 1881 4660 V
2025 4609 2088 4661 27
2128 4610 2171 4661 εἰ
2200 4610 2379 4662 VS¹F:
2419 4609 2474 4667 ὃς
2499 4610 2625 4663 3²12:
2666 4612 2735 4669 ὡς
2761 4612 2823 4665 S²
2851 4614 3019 4667 vien?
3046 4618 3160 4683 Sp.:

442 4711 563 4779 εἴγε
586 4711 845 4765 Schwartz
986 4716 1109 4779 post
1144 4712 1275 4765 εἶπεν
1312 4713 1429 4764 add.
1468 4710 1634 4781 δηλῶν
1660 4731 1693 4764 a
1718 4716 1807 4779 Sp.
1952 4702 2188 4786 ἐνέργείαι
2225 4715 2301 4767 sic
2333 4719 2389 4766 'V
2569 4715 2634 4767 28
2671 4714 2856 4785 λέγων]
2893 4718 3008 4771 Eth.
3047 4720 3162 4772 Nic.

441 4798 513 4865 X,
538 4799 617 4851 10.
660 4798 873 4852 1175⁸3
1059 4798 1222 4852 οὒδεῖσ
1261 4804 1307 4849 V
1488 4799 1552 4850 29
1592 4798 1882 4869 ἀνθρώπεια
1920 4817 2048 4853 corr.
2086 4817 2152 4853 ex
2189 4798 2454 4870 ἀνθρώπια
2479 4805 2528 4852 V
2708 4802 2776 4854 30
2811 4806 2958 4858 καινὰ
2994 4807 3162 4859 B²S²a

443 4888 564 4956 Sp.:
604 4888 729 4942 κενὰ
766 4887 991 4942 VB¹S¹F
1169 4887 1235 4939 32
1274 4886 1461 4941 διανοια
1498 4892 1547 4939 V
1725 4888 1811 4941 31.
1850 4886 1918 4940 32
1956 4888 2315 4961 παρακέκλιται
2351 4892 2448 4942 Sa:
2496 4888 2885 4959 παρακέκλισται
2919 4895 2962 4944 F
