3684 5567
473 251 557 314 '24
1199 246 1660 304 ΑΛΕΞΑΝΔΡΟΥ
1697 246 2005 304 ΑΠΟΡΙΩΝ
2046 246 2167 301 ΚΑΙ
2206 243 2475 302 ΛΥΣΕΩΝ

578 420 739 507 αὐτῷ
786 422 1176 546 συμβεβηκός.
1258 423 1382 485 ἐπεὶ
1427 425 1563 502 γοῦν
1607 422 1674 483 τὸ
1720 420 1845 502 γέν
1833 445 1882 489 ς
1926 424 2183 484 τοιοῦτον
2230 419 2299 484 οὐ
2344 421 2583 504 πρᾶγμά
2629 443 2700 498 τι,
2748 416 2899 480 ἀλλὰ
2946 437 3089 498 συμ-

580 523 828 646 βεβηκὸς
872 525 1170 608 πράγματί
1207 548 1332 598 τινι,
1385 522 1545 586 εἶπεν
1589 523 1734 586 αὐτὸ
1772 521 2186 607 Ἀριστοτέλης
2229 523 2268 604 ἢ
2317 522 2534 606 μηδὲν
2576 521 2788 594 εἶναι,
2836 519 2959 582 ἐπεὶ
3008 519 3089 602 μὴ
3116 535 3171 578 2⁵

578 624 793 708 κυρίως
839 625 929 687 ὄν·
977 627 1042 688 τὸ
1073 627 1182 710 γὰρ
1227 629 1309 694 ὡς
1351 625 1517 707 γένος
1565 630 1720 710 ζῳον
1753 623 2105 710 βουλόμενος
2149 627 2415 708 δηλῶσαι
2445 623 2781 708 προσέθηκε
2826 627 2911 705 τῷ
2946 619 3089 706 ζῴῳ

578 728 644 790 τὸ
676 727 953 807 καθόλου,
1001 730 1180 790 εἰπὼν
1225 729 1291 791 τὸ
1336 729 1459 810 γὰρ
1510 725 1518 811 Ι
1568 731 1747 810 ζῷον
1791 728 1866 790 τὸ
1912 725 2249 789 καθόλου.
2325 729 2495 788 τοῦτο
2541 723 2643 788 οὖν
2688 727 2753 786 τὸ
2798 727 2882 792 ὡς
2924 722 3084 806 γένος
3124 729 3195 786 50

507 848 537 897 5
578 833 728 914 ζῷον
777 829 906 914 ἤτοι
950 829 1118 892 οὐδέν
1165 829 1341 904 ἐστιν,
1397 829 1524 892 ἐπεὶ
1573 830 1654 912 μὴ
1701 829 1877 912 φύσιν
1932 827 2059 890 τινὰ
2102 828 2315 890 οἰκείαν
2369 825 2517 912 ἔχει,
2575 825 2697 891 ἀλλ’
2752 824 2907 891 ἔστιν
2955 825 3093 906 σὺμ-

576 955 788 1015 πτωμα
833 933 935 995 ἐπί
971 956 1078 995 τινι
1127 931 1424 1015 γινόμενον
1470 934 1782 1016 πράγματι,
1844 931 1883 1012 ἢ
1927 930 1981 992 εἰ
2034 931 2130 993 καὶ
2178 931 2243 992 τὸ
2289 929 2475 998 οὕτως
2519 928 2582 992 ὃν
2627 927 2745 1012 <ὅν>
2788 951 2871 998 τις
2916 927 3091 1008 λέγοι,

579 1033 815 1118 ὕστερον
863 1033 1023 1098 ἔσται
1069 1035 1292 1098 ἐκείνου
1347 1029 1397 1118 ᾧ
1454 1035 1725 1118 ὑπάρχει.
1815 1035 1901 1096 δεῖ
1945 1032 2054 1114 γὰρ
2108 1031 2255 1095 εἶναι
2301 1035 2531 1116 πρῶτον
2585 1031 2651 1093 τὸ
2706 1035 2945 1115 πρᾶγμα
2990 1034 3089 1094 τοῦ
3145 1045 3174 1087 ε

580 1135 1015 1220 συμβεβηκότος
1065 1135 1252 1220 αὐτῷ.
1352 1135 1438 1199 ὅτι
1493 1137 1544 1199 δ’
1600 1136 1838 1219 ὕστερον
1892 1137 1993 1196 τοῦ
2052 1136 2419 1217 πράγματος,
2476 1135 2675 1217 δῆλον.
2771 1132 2929 1219 ζῴου
2984 1133 3089 1215 μὲν

576 1237 685 1321 γὰρ
732 1237 894 1306 ὄντος
947 1238 1054 1302 οὐκ
1106 1239 1328 1321 ἀνάγκη
1375 1240 1442 1301 τὸ
1489 1241 1570 1307 ὡς
1613 1237 1774 1320 γένος
1827 1241 1982 1320 ζῷον
2036 1235 2233 1320 (εἶναι)
2274 1235 2539 1318 (δύναται
2590 1237 2702 1320 γὰρ
2758 1237 2901 1319 πρὸς
2958 1235 3091 1298 ὑπό-

477 1359 543 1406 10
581 1340 743 1403 θεσιν
790 1341 885 1403 καὶ
931 1340 991 1402 ἕν
1037 1364 1091 1402 τι
1137 1345 1288 1424 ζῷον
1335 1340 1510 1414 εἶναι,
1565 1341 1693 1403 ἐπεὶ
1737 1339 1820 1422 μὴ
1869 1339 1928 1400 ἐν
1974 1343 2049 1421 τῇ
2096 1337 2264 1420 οὐσίᾳ
2318 1337 2497 1402 αὐτοῦ
2552 1341 2618 1402 τὸ
2664 1338 2974 1422 καθόλου),
3040 1340 3093 1402 εἰ
3120 1353 3175 1395 10

578 1444 644 1505 δὲ
688 1443 781 1524 εἴη
828 1444 893 1505 τὸ
941 1447 1020 1511 ὡς
1063 1442 1225 1524 γένος
1257 1447 1427 1526 ζῷον,
1477 1443 1696 1524 ἀνάγκη
1730 1441 1824 1504 καὶ
1856 1440 1923 1504 τὸ
1957 1444 2111 1523 ζῷον
2154 1439 2317 1502 εἶναι.
2395 1441 2490 1504 καὶ
2522 1442 2939 1526 ἀναιρουμένης
2986 1442 3089 1522 μὲν

579 1544 775 1613 οὐσίας
821 1546 1092 1630 ἐμψύχου
1149 1545 1494 1628 αἰσθητικῆς
1549 1543 1672 1607 οὐδ’
1729 1543 1796 1606 ἂν
1853 1543 1923 1606 τὸ
1970 1545 2052 1610 ὥς
2104 1542 2266 1622 γένος
2322 1546 2475 1626 ζῷον
2520 1541 2613 1627 εἴη
2669 1542 2770 1625 (οὐ
2814 1543 2923 1626 γὰρ
2968 1541 3089 1606 οἷόν

577 1670 638 1708 τε
684 1649 749 1709 τὸ
799 1649 878 1730 μὴ
929 1646 991 1710 ὃν
1047 1647 1110 1709 ἐν
1155 1645 1413 1710 πλείοσιν
1467 1645 1670 1728 εἶναι),
1725 1647 1778 1708 εἰ
1823 1645 2017 1726 μέντοι
2062 1646 2395 1730 ἀναιρεθείη
2450 1647 2515 1709 τὸ
2572 1650 2653 1715 ὡς
2707 1647 2871 1730 γένος
2916 1652 3090 1730 ζῷον,
3118 1661 3172 1706 ιι

575 1749 682 1811 οὐκ
738 1750 958 1832 ἀνάγκη
1012 1749 1108 1812 καὶ
1161 1750 1266 1831 τὴν
1322 1748 1519 1812 οὐσίαν
1574 1747 1839 1833 ἔμψυχον
1893 1749 2240 1830 αἰσθητικὴν
2294 1749 2655 1832 ἀνῃρῆσθαι,
2712 1748 2807 1833 εἴη
2858 1749 2969 1834 γὰρ
3022 1749 3091 1813 ἂν

475 1871 535 1919 15
576 1855 656 1919 ὡς
701 1851 862 1914 εἶπον
909 1853 1005 1914 καὶ
1051 1851 1112 1913 ἐν
1159 1849 1261 1930 ἐνί,
1310 1853 1406 1913 καὶ
1452 1849 1574 1914 ἔστι
1619 1851 1714 1913 διὰ
1769 1849 1934 1914 ταῦτ’
1990 1849 2294 1932 εἰρημένον
2348 1851 2414 1912 τὸ
2472 1851 2510 1934 ἦ
2562 1850 2766 1914 οὐδέν
2810 1853 3001 1916 ἐστιν
3049 1853 3087 1935 ἢ

577 1954 886 2036 ὕστερον.
975 1954 1210 2036 ὕστερον
1257 1954 1322 2016 δὲ
1368 1952 1432 2016 ὃν
1475 1958 1579 2016 τοῦ
1623 1955 1963 2035 πράγματος
2006 1947 2057 2037 ᾧ
2110 1951 2465 2036 συμβέβηκε,
2534 1955 2707 2016 πάλιν
2750 1953 2893 2019 αὐτὸ
2938 1961 3095 2038 πρῶ-

574 2079 671 2118 τον
716 2057 965 2119 ἑκάστου
1009 2059 1125 2118 τῶν
1180 2055 1240 2117 ἐν
1289 2055 1450 2140 μέρει
1501 2055 1596 2117 καὶ
1652 2052 1751 2115 ὑπ’
1811 2053 1953 2116 αὑτὸ
2005 2054 2245 2135 γίνεται,
2300 2053 2447 2117 διότι
2488 2057 2555 2118 τὸ
2602 2056 2706 2138 μὲν
2750 2057 2902 2138 γένει
2946 2057 3100 2122 εἷναί
3119 2073 3177 2116 so

575 2159 728 2222 ἐστιν
773 2160 833 2223 ἐν
879 2162 967 2242 τῷ
1013 2159 1160 2222 κατὰ
1206 2161 1442 2221 πολλῶν
1493 2158 1588 2220 καὶ
1633 2155 2023 2240 διαφερόντων
2072 2159 2552 2241 κατηγορεῖσθαι,
2606 2159 2671 2221 τὸ
2716 2157 2767 2222 δ’
2823 2160 2885 2222 ἐν
2928 2161 3093 2244 μέρει

573 2261 722 2325 εἶναί
763 2261 884 2325 ἐστι
927 2263 993 2323 τὸ
1041 2260 1186 2341 μετὰ
1233 2262 1466 2322 πολλῶν
1513 2258 1658 2322 εἶναι
1705 2257 1805 2342 ὑφ’
1850 2257 1911 2319 ἕν
1956 2281 2010 2320 τι
2054 2257 2092 2339 ἢ
2138 2259 2301 2340 γένος
2348 2260 2385 2343 ἢ
2432 2259 2605 2329 εἶδος.
2696 2262 2784 2324 διὸ
2830 2261 3091 2346 ἀναιρου-

469 2387 536 2435 20
575 2366 734 2450 μένῳ
782 2366 886 2449 μὲν
933 2365 1016 2426 ἑνὶ
1070 2368 1187 2426 τῶν
1233 2363 1346 2424 ὑπὸ
1401 2364 1466 2424 τὸ
1511 2363 1698 2425 κοινὸν
1745 2362 1813 2424 οὐ
1860 2365 2282 2442 συναναιρεῖται
2337 2363 2403 2424 τὸ
2452 2362 2661 2438 κοινόν,
2718 2363 2887 2448 <διότι
2940 2364 3095 2428 ἐστὶν
3120 2382 3176 2425 ει

575 2471 635 2532 ἐν
677 2465 980 2550 πλείοσιν.)
1022 2468 1075 2530 εἰ
1121 2463 1169 2530 δ’
1213 2465 1550 2549 ἀναιρεθείη
1598 2466 1661 2527 τὸ
1693 2464 1905 2538 κοινόν,
1950 2463 2074 2527 οὐδ’
2118 2463 2188 2526 ἄν
2233 2469 2351 2527 τῶν
2400 2465 2511 2529 ὑπὸ
2548 2467 2611 2529 τὸ
2658 2469 2847 2530 κοινὸν
2891 2467 2983 2551 εἴη
3018 2492 3090 2546 τι,

578 2573 665 2639 οἷς
708 2571 774 2633 τὸ
820 2569 963 2632 εἶναι
1011 2568 1072 2630 ἐν
1117 2571 1205 2652 τῷ
1251 2569 1439 2630 ἐκεῖνο
1487 2565 1644 2652 ἔχειν
1691 2566 1752 2630 ἐν
1799 2567 2045 2635 ἑαυτοῖς.
2096 2563 2106 2651 1

573 2878 710 2942 XII.
805 2878 958 2946 Πῶς
1023 2878 1171 2941 οἷόν
1239 2901 1310 2942 τε
1377 2879 1518 2960 ἅμα
1570 2879 1684 2942 τὸν
1751 2876 1964 2940 αὑτὸν
2022 2879 2323 2962 ἥδεσθαι
2376 2879 2493 2942 καὶ
2546 2881 2965 2958 λυπεῖσθαι,
3032 2885 3093 2948 εἰ
3138 2892 3202 2948 51

1547 2979 1831 3043 ἐναντία
1888 2985 2123 3044 ταῦτα.

473 3205 539 3253 ‘25
753 3183 826 3248 Εἰ
871 3186 1150 3249 ἀδύνατον
1204 3185 1329 3268 ἅμα
1381 3185 1454 3248 τὰ
1499 3185 1728 3246 ἐναντία
1781 3191 1866 3268 τῷ
1925 3185 2087 3268 αὐτῷ
2137 3185 2448 3270 ὑπάρχειν,
2500 3192 2635 3260 ,πῶς
2685 3187 2807 3251 οἶόν
2861 3213 2925 3252 τε
2968 3191 3093 3273 ἅμα

585 3289 682 3350 τὸν
729 3287 902 3352 αὑτὸν
949 3289 1194 3372 ἥδεσθαι
1240 3311 1300 3351 τε
1345 3289 1441 3350 καὶ
1487 3289 1818 3357 λυπεῖσθαι,
1877 3288 1908 3349 ὃ
1966 3288 2269 3373 συμβαίνει
2312 3293 2430 3358 τοῖς
2476 3291 2717 3373 διψῶσίν
2762 3313 2824 3352 τε
2870 3293 2965 3353 καὶ
3012 3293 3097 3353 πί·
3148 3309 3178 3351 5

576 3412 787 3460 νουσιν,
836 3391 1049 3468 ὁμοίως
1095 3391 1159 3452 δὲ
1202 3392 1301 3453 καὶ
1345 3394 1468 3458 τοῖς
1499 3395 1770 3452 πεινῶσιν
1817 3413 1881 3452 τε
1928 3392 2020 3452 καὶ
2054 3390 2373 3460 ἐσθίουσιν,
2422 3389 2507 3454 ἔτι
2554 3393 2620 3454 δὲ
2648 3399 2766 3461 τοῖς
2796 3396 3095 3478 ψωριῶσίν

577 3516 642 3555 τε
686 3494 782 3557 καὶ
830 3492 1172 3571 κνωμένοις;
1238 3493 1275 3574 ἦ
1323 3492 1430 3575 γὰρ
1479 3492 1583 3555 οὐκ
1627 3491 1881 3554 ἐναντίον
1929 3493 2111 3574 ἡδονὴ
2159 3493 2347 3576 λύπῃ,
2392 3495 2431 3576 ἢ
2478 3493 2583 3556 οὐκ
2628 3495 2852 3576 ἀληθὲς
2898 3498 2961 3558 τὸ
3010 3499 3093 3581 μὴ

579 3593 700 3657 οἷόν
745 3617 808 3658 τε
854 3595 976 3677 ἅμα
1033 3599 1118 3678 τῷ
1174 3595 1334 3678 αὐτῷ
1391 3595 1460 3656 τὰ
1521 3593 1746 3656 ἐναντία
1802 3594 2107 3678 ὑπάρχειν.
2194 3593 2287 3678 <ἢ>
2332 3593 2467 3658 οὔτε
2522 3595 2586 3658 τὸ
2640 3597 2920 3660 ἀδύνατον
2966 3599 3089 3679 ἅμα
3119 3617 3179 3658 ιο

473 3717 539 3766 3ο
577 3703 662 3783 τῷ
719 3697 882 3781 αὐτῷ
939 3697 1009 3759 τὰ
1063 3697 1288 3760 ἐναντία
1345 3697 1629 3782 ὑπάρχειν
1693 3698 1897 3765 ἁπλῶς
1950 3696 2201 3779 ἀληθές,
2266 3697 2415 3760 ἀλλὰ
2474 3698 2621 3762 κατὰ
2676 3698 2883 3775 ταύτό,
2948 3699 3083 3764 οὔθ’

480 3963 501 4014 1
545 3962 686 4030 γοῦν]
724 3959 890 4036 τοίνυν
928 3959 1092 4022 21,30
1305 3961 1510 4032 πρᾶγμά
1549 3979 1595 4013 τι
1632 3961 1723 4026 Sp.
1759 3967 1809 4012 et
1848 3959 2037 4025 21,30:
2078 3965 2281 4031 πρᾶγμα
2310 3963 2645 4015 VGFBSLa:
2682 3965 2935 4034 πράγματι
2972 3967 3107 4018 vict.

473 4049 505 4100 3
556 4047 612 4100 ὃν
635 4077 694 4085 -
721 4046 792 4104 ὡς
839 4049 1028 4099 desunt
1074 4047 1158 4112 22,
1191 4049 1208 4098 l
1428 4049 1462 4099 4
1501 4047 1573 4105 ὡς
1610 4064 1708 4100 om.
1751 4049 1822 4096 V¹
1866 4048 2005 4113 (add.
2046 4048 2140 4112 V'2)
2380 4049 2411 4101 5
2450 4049 2559 4102 ἐπεὶ
2595 4051 2669 4120 μὴ
2710 4052 2844 4104 vict.
2882 4059 2936 4105 ot
2974 4053 3129 4117 223:
3166 4053 3202 4124 ἢ

475 4136 518 4189 εἰ
557 4137 626 4203 μὴ
671 4137 764 4186 V¹:
803 4135 844 4186 εί
881 4133 951 4204 μὴ
992 4136 1324 4188 V²GFBSLa
1537 4133 1662 4206 ἔχει]
1705 4135 1933 4206 σημαίνει
1973 4135 2102 4198 29,3
2316 4135 2347 4186 6
2387 4135 2442 4188 ὃν
2480 4137 2597 4188 add.
2636 4137 2707 4189 13²
2746 4139 2875 4191 vict.
2914 4147 2966 4192 et
3004 4139 3131 4204 224

474 4222 506 4274 8
546 4221 644 4288 ὅτι]
683 4221 741 4272 τὸ
779 4241 808 4271 a
1023 4218 1174 4290 δῆλον
1211 4221 1310 4272 del.
1347 4221 1479 4274 813³:
1521 4236 1619 4272 om.
1657 4240 1690 4272 a
1922 4222 1951 4272 9
2005 4223 2077 4280 ὡς
2114 4223 2167 4274 in
2206 4222 2280 4274 lit.
2308 4226 2359 4274 V
2572 4224 2694 4278 εἶναι
2731 4225 2849 4278 add.
2878 4227 3014 4278 vict,
3042 4228 3130 4296 Sp.

483 4311 546 4361 10
584 4307 693 4376 καὶ]
735 4303 858 4360 καθ’
900 4326 930 4358 τι
1152 4307 1209 4358 17
1261 4308 1384 4360 αὐτὸ
1433 4311 1642 4362 GFLSa
1688 4308 1778 4375 Sp.
1827 4313 1878 4360 et
1924 4307 2122 4372 22‚15:
2175 4309 2333 4363 αὑτοῦ
2380 4311 2473 4362 ΥΒ
2684 4313 2763 4365 18.
2808 4313 2869 4364 19
2906 4313 3035 4366 ἐστιν
3071 4315 3201 4366 ἐν·-

478 4395 599 4447 εἶναι
637 4413 735 4446 υιη.
769 4399 812 4446 V
843 4399 970 4448 GFS
985 4397 1041 4447 ¹1,
1080 4397 1194 4446 exin.
1238 4397 1406 4448 V²S²a
1443 4395 1529 4461 Sp.
1571 4401 1622 4446 et
1659 4395 1812 4455 ‘2216
2005 4395 2088 4446 20.
2128 4395 2187 4448 21
2232 4396 2360 4448 διότι
2394 4397 2525 4449 ἐστὶν
2564 4398 2616 4450 ἐν
2654 4397 2871 4451 πλείοσιν
2908 4401 3023 4452 add.
3064 4401 3201 4454 Vict.

477 4491 526 4534 et
567 4483 721 4546 22,18
866 4483 925 4533 21
972 4478 1111 4550 οὐδ’]
1153 4482 1228 4552 εἴη
1267 4477 1321 4532 δ’
1353 4501 1384 4533 a
1527 4481 1612 4532 21.
1651 4481 1716 4533 22
1755 4499 1804 4534 τι
1841 4482 1914 4539 οἶς
1954 4485 2102 4534 ΥἝυ
2144 4484 2257 4551 Sp.:
2294 4499 2373 4536 τισ
2410 4484 2485 4536 oto
2526 4486 2623 4536 V¹=
2677 4481 2782 4538 τιθ’
2824 4486 2894 4544 οἶς
2930 4489 2996 4538 F:
3050 4485 3206 4546 τιθεὶς

477 4571 608 4622 LS¹2
664 4567 821 4625 τιθοῖς
856 4569 918 4620 8²
1130 4569 1196 4620 25
1253 4569 1439 4622 οἴονται
1479 4571 1548 4619 Υ1
1764 4568 1830 4620 26
1890 4571 2033 4636 prius
2081 4589 2135 4623 τε
2176 4587 2275 4624 om.
2315 4590 2348 4623 a
2384 4572 2473 4640 Sp.
2692 4571 2910 4641 συβαίνει
2948 4577 3017 4624 Vl

478 4657 561 4708 26.
601 4655 662 4706 2Ἷ
705 4661 910 4706 πινῶσιν
943 4655 1018 4706 V¹
1056 4656 1206 4722 (corr.
1233 4655 1328 4721 V‘2)
1564 4673 1620 4708 τε
1659 4670 1758 4706 om.
1797 4673 1828 4706 a
1868 4657 1956 4722 Sp.
2198 4659 2261 4709 27
2302 4655 2377 4725 δὲ]
2415 4675 2469 4710 τε
2504 4675 2538 4710 a
2574 4659 2661 4726 Sp.
2900 4663 3203 4730 κνωμένοις]

478 4739 812 4808 κνηθομένοις
851 4743 1024 4794 GLFS
1247 4741 1312 4793 28
1369 4740 1524 4811 ἡδονὴ
1563 4741 1695 4811 λὺπη
1737 4745 1903 4796 GFSa
1938 4743 2056 4811 Sp.:
2114 4744 2146 4815 ἡ
2186 4745 2333 4816 κοινὴ
2372 4743 2506 4816 λὺπη
2548 4746 2644 4797 V¹=
2700 4746 2733 4820 η
2770 4744 2927 4820 ἡδονὴ
2965 4753 3026 4822 τῆ
3068 4749 3201 4824 λὺπη

481 4829 626 4880 WB:
666 4827 799 4899 λὺπη
837 4831 880 4880 L
1061 4827 1120 4880 21
1163 4827 1194 4900 ἠ
1234 4827 1348 4880 οὔτε
1385 4829 1456 4882 Β2
