3684 5567
554 245 639 311 28
1280 244 1742 303 ΑΛΕΞΑΝΔΡΟΥ
1781 244 2090 304 ΑΠΟΡΙΩΝ
2129 245 2251 302 ΚΑΙ
2290 245 2559 302 ΛΥΣΕΩΝ

663 557 828 620 XVI.
922 555 1192 626 Λέξεως
1235 556 1570 640 ἐξήγησις
1614 557 2000 641 εἰρημένης
2045 559 2112 620 ἐν
2160 563 2252 642 τῷ
2300 570 2339 620 ᾶ
2383 562 2507 640 τῆς
2558 557 2876 642 Φυσικῆς
2928 557 3264 640 ἀκροά-εο

662 680 838 729 σεως
885 657 1418 744 Ἀριστοτέλους
1489 661 1648 744 περὶ
1716 664 1835 722 τοῦ
1902 661 2236 723 τάναντία
2300 683 2443 728 πως
2494 659 2613 730 τὰς
2680 661 2901 747 ἀρχὰς
2956 665 3179 722 ποιεῖν

1783 785 2063 832 παντας.

818 928 980 996 υΟτι
1027 933 1149 1014 μὲν
1195 932 1317 996 οὖν
1373 933 1700 996 τάναντία
1753 956 1898 1002 πως
1950 935 2203 1002 πάντες
2254 939 2535 998 ποιοῦσι
2588 935 2707 1004 τὰς
2752 935 3009 1020 ἀρχάς,
3066 937 3263 1018 δῆ·ἓ5

590 1054 620 1103 5
659 1035 795 1098 λον.
887 1037 997 1098 καὶ
1054 1034 1235 1098 τοῦτ’
1291 1033 1656 1120 εὐλόΙγως·
1723 1038 1834 1099 δεῖ
1875 1036 2002 1121 γὰρ
2054 1036 2178 1106 τὰς
2230 1037 2458 1122 ἀρχὰς
2512 1041 2686 1122 μήτε
2736 1038 2809 1107 ἐξ
2854 1038 3180 1120 ἀλλήλων
3220 1045 3288 1100 57

661 1138 846 1200 εἶναι
903 1139 1082 1221 μήτε
1135 1138 1206 1207 ἐξ
1257 1138 1518 1215 ἄλλων,
1579 1141 1690 1202 καὶ
1745 1138 1822 1202 ἐκ
1877 1139 2141 1202 τούτων
2199 1141 2437 1204 πάντα.
2529 1147 2675 1209 τοῖς
2728 1140 2779 1204 δ’
2836 1141 3183 1209 ἐναντίοις

661 1244 806 1308 τοῖς
851 1245 1154 1324 πρώτοις
1199 1242 1511 1327 ὑπάρχει
1555 1246 1805 1318 ταῦτα,
1860 1243 1973 1305 διὰ
2020 1243 2141 1324 μὲν
2187 1243 2261 1306 τὸ
2306 1248 2547 1326 πρῶτα
2592 1243 2771 1306 εἶναι
2818 1244 2907 1326 μὴ
2954 1243 3025 1312 ἐξ
3068 1240 3180 1304 ἄλ·
3234 1258 3263 1300 ε

659 1346 824 1420 λων,
886 1345 996 1408 διὰ
1052 1345 1125 1407 δὲ
1179 1345 1256 1408 τὸ
1309 1345 1590 1408 ἐναντία
1643 1345 1735 1427 μὴ
1792 1344 1860 1413 ἐξ
1915 1346 2264 1428 ἀλλήλων.
2356 1345 2623 1430 ἠπόρησε
2667 1349 2723 1408 τί
2766 1344 2893 1408 πότ’
2949 1347 3071 1408 ἐστι
3113 1347 3181 1410 τὸ

659 1446 965 1529 εἰρημένον
1012 1447 1108 1510 διὰ
1137 1447 1352 1529 ταύτης
1396 1452 1502 1530 τῆς
1529 1446 1763 1522 λέξεως,
1809 1449 1907 1510 καὶ
1949 1447 2043 1511 διὰ
2091 1448 2145 1510 τί
2186 1449 2225 1530 ἢ
2258 1447 2367 1510 οὐκ
2416 1448 2473 1515 ἐξ
2506 1450 2775 1532 ἀλλήλων
2820 1449 2892 1510 τὰ
2936 1448 3181 1522 ἐναντία,

559 1567 622 1614 10
659 1549 697 1632 ἢ
745 1548 852 1611 οὐκ
897 1549 957 1619 ἐξ
1000 1549 1195 1612 ἄλλων
1244 1548 1392 1633 (καὶ)
1441 1549 1514 1612 τὰ
1560 1551 1828 1632 πρότερα.
1923 1548 1987 1612 τό
2032 1571 2095 1612 τε
2146 1549 2254 1634 γὰρ
2301 1550 2362 1619 ἐξ
2405 1550 2677 1633 ἀλλήλων
2722 1551 2795 1612 τὰ
2838 1552 3065 1614 ἐναντία
3106 1552 3182 1633 γί·
3212 1567 3265 1608 ιο

664 1652 868 1715 νεσθαι
913 1653 1086 1720 αὐτὸς
1132 1653 1322 1734 ὀλίγον
1368 1653 1675 1736 προελθὼν
1721 1653 1875 1734 λέγει
1934 1651 2155 1734 (δείξας
2213 1655 2323 1737 γάρ
2366 1675 2491 1714 τινα
2538 1652 2879 1736 ἐπήνεγκεν·
2946 1654 3006 1715 εἰ
3047 1654 3184 1716 τοί-

658 1776 774 1816 νυν
821 1753 1002 1817 τοῦτ’
1045 1753 1239 1818 ἔστιν
1284 1755 1580 1838 ἀληθές,
1629 1755 1806 1818 ἅπαν
1856 1755 1932 1817 ἂν
1978 1756 2240 1835 γίνοιτο
2286 1757 2364 1818 τὸ
2409 1754 2786 1836 γινόμενον
2833 1756 2946 1819 καὶ
2991 1756 3184 1840 φθεί-

659 1880 854 1940 ροιτο
900 1858 974 1920 τὸ
1019 1857 1495 1942 φθειρόμενον
1551 1859 1588 1941 ἦ
1636 1858 1705 1927 ἐξ
1751 1857 2087 1920 ἐναντίων
2132 1856 2227 1942 (ἢ)
2280 1860 2379 1926 εἰς
2424 1858 2705 1921 ἐναντία
2748 1859 2862 1921 καὶ
2908 1857 2987 1920 τὰ
3032 1857 3181 1920 τού-

658 1983 794 2023 των
849 1961 1123 2042 μεταξύ.
1223 1961 1302 2023 τὰ
1358 1962 1432 2024 δὲ
1487 1960 1744 2044 μεταξὺ
1802 1961 1878 2024 ἐκ
1931 1967 2065 2023 τῶν
2118 1961 2447 2024 ἐναντίων
2504 1961 2721 2036 ἐστίν,
2784 1962 2937 2023 οἷον
2998 1963 3263 2045 χρώ·ιὸ

561 2083 618 2131 15
660 2085 840 2146 ματα
885 2062 960 2125 ἐκ
1005 2065 1260 2125 λευκοῦ
1309 2063 1424 2126 καὶ
1470 2062 1797 2145 μέλανος,
1847 2064 2029 2126 ὥστε
2073 2065 2295 2125 πάντα
2341 2062 2418 2125 ἂν
2464 2062 2573 2146 εἴη
2622 2063 2702 2125 τὰ
2746 2063 2951 2146 φύσει
2996 2061 3177 2145 γινό-

661 2188 836 2246 μενα
890 2165 930 2248 ἢ
984 2166 1265 2228 ἐναντία
1324 2167 1362 2249 ἢ
1415 2166 1485 2235 ἐξ
1538 2165 1931 2248 ἐναντίων),
1986 2165 2052 2228 τό
2100 2189 2161 2228 τε
2206 2166 2388 2246 λέγειν
2442 2165 2513 2228 τὰ
2558 2170 2764 2248 πρῶτα
2817 2165 3043 2228 ἐναντία
3092 2166 3173 2248 μὴ

660 2268 721 2338 ἐξ
765 2268 958 2331 ἄλλων
1005 2269 1264 2349 γίνεσθαι
1299 2270 1597 2352 ἀπορήσαι
1643 2293 1725 2338 τις
1756 2268 1847 2344 ἄν,
1895 2275 2021 2337 πῶς
2053 2269 2299 2350 λέγεται.
2368 2267 2625 2330 καθόσον
2672 2269 2776 2350 μὲν
2822 2268 2929 2350 γὰρ
2976 2273 3181 2351 πρῶτα
3207 2281 3265 2323 2⁰

665 2370 963 2433 ὑπόκειται
1007 2372 1255 2448 ἐναντία,
1310 2373 1416 2435 οὐκ
1464 2372 1534 2435 ἂν
1581 2371 1671 2456 εἴη
1717 2371 1989 2457 γινόμενα
2032 2371 2099 2435 ἔκ
2155 2394 2323 2434 τινων
2370 2370 2867 2455 προϋπαρχόντων
2912 2371 3181 2434 ἐναντίων

666 2472 888 2553 (οὐκέτι
933 2473 1042 2559 γὰρ
1085 2474 1152 2538 ἂν
1197 2475 1345 2538 αὐτὰ
1390 2481 1598 2558 πρῶτα
1645 2475 1788 2558 εἴη),
1836 2479 1962 2543 πῶς
2008 2473 2061 2536 δ’
2103 2475 2157 2536 εί
2201 2475 2281 2556 μὴ
2332 2477 2500 2536 τοῦτο
2544 2473 2772 2555 γίνοιτο,
2820 2474 2975 2536 ἀίδια
3020 2470 3183 2535 ἔσται

554 2597 620 2643 20
664 2576 736 2638 τὰ
781 2582 985 2659 πρῶτα
1031 2577 1292 2660 ἐναντία;
1352 2578 1392 2660 ἢ
1439 2578 1549 2661 γὰρ
1595 2578 1790 2659 δεήσει
1836 2577 1985 2640 αὐτὰ
2040 2577 2121 2644 εἰς
2170 2573 2397 2659 ἄλληλα
2444 2576 2853 2658 μεταβάλλειν,
2899 2575 3061 2642 ὅπως
3105 2575 3180 2657 γί·
3208 2589 3263 2634 25

657 2679 810 2743 νοιτό
857 2703 908 2742 τι
953 2679 1014 2749 ἐξ
1060 2679 1252 2743 αὐτῶν
1298 2680 1520 2763 (οὕτως
1565 2681 1630 2742 δὲ
1675 2676 1865 2742 οὐκέτ’
1902 2677 1971 2741 ἂν
2019 2682 2266 2749 σώζοιτο
2312 2677 2449 2740 οὐδὲ
2496 2678 2586 2739 αἐὶ
2637 2676 2642 2735 ¹
2696 2679 2881 2760 μένοι,
2924 2676 3046 2740 οὐδ’
3103 2677 3173 2741 ἂν
3212 2685 3285 2742 58

659 2779 932 2866 ἄφθαρτα
977 2781 1070 2865 εἴη
1126 2781 1251 2845 οὐδ’
1305 2783 1686 2866 ἀμετάβλητα
1742 2781 1826 2849 είς
1872 2779 2159 2863 ἄλληλα),
2218 2781 2255 2862 ἢ
2302 2781 2355 2842 εἰ
2409 2781 2501 2842 ἀεὶ
2550 2781 2709 2861 μένοι
2760 2781 2831 2843 τὰ
2876 2780 3055 2858 αὐτά,
3112 2780 3181 2844 οὐ

657 2885 804 2945 κατὰ
863 2884 1190 2967 μεταβολὴν
1248 2882 1316 2946 ἂν
1371 2885 1511 2947 οὐδὲ
1569 2881 1696 2946 κατ’
1756 2882 2067 2946 ἀλλοίωσίν
2121 2904 2244 2944 τινα
2300 2882 2371 2944 τὰ
2425 2882 2695 2965 γινόμενα
2737 2882 2975 2964 γίνοιτο,
3030 2883 3181 2946 ἀλλὰ

659 2985 926 3049 συνθέσει
973 3009 1036 3048 τε
1068 2987 1163 3048 καὶ
1198 2987 1501 3069 συγκρίσει
1545 2987 1642 3048 καὶ
1689 2985 1970 3068 διακρίσει
2014 2989 2130 3046 τῶν
2178 2987 2425 3068 πρώτων
2472 2986 2615 3067 πρὸς
2645 2985 2871 3068 ἄλληλα
2914 2986 3011 3047 καὶ
3040 2990 3181 3070 ποιᾷ
3234 3001 3263 3043 5

554 3107 619 3156 25
661 3087 826 3150 θέσει
871 3089 965 3150 καὶ
1011 3087 1186 3156 τάξει.
1276 3087 1390 3171 οὐχ
1436 3088 1590 3150 οὕτω
1637 3085 1688 3148 δ’
1745 3083 1905 3170 ἔχειν
1961 3086 2121 3170 αὐτῷ
2176 3089 2358 3148 δοκεῖ.
2448 3086 2486 3168 ἢ
2534 3087 2593 3154 ἐξ
2646 3087 2915 3169 ἀλλήλων
2962 3087 3067 3169 μὲν
3110 3086 3178 3151 οὔ

658 3211 801 3273 φησι
867 3189 1130 3272 γίνεσθαι
1197 3189 1267 3252 τὰ
1324 3189 1578 3263 ἐναντία,
1651 3187 1738 3250 ὅτι
1795 3189 1877 3270 μὴ
1947 3189 2134 3256 οὕτως
2188 3188 2447 3269 γίνεσθαι
2500 3187 2558 3256 ἐξ
2612 3188 2883 3269 ἀλλήλων
2945 3189 3179 3252 δύναται

659 3297 739 3362 ὡς
785 3291 1190 3376 ὑπομενόντων
1240 3290 1338 3374 (οὐ
1369 3291 1478 3376 γὰρ
1525 3289 1803 3371 ὑπομένει
1849 3291 1915 3353 τὸ
1957 3289 2152 3373 ἕτερον
2199 3294 2314 3352 τῶν
2360 3290 2632 3352 ἐναντίων
2682 3290 2973 3374 θάτερον),
3020 3293 3184 3355 δοκεῖ
3210 3308 3263 3350 ιο

658 3395 724 3458 δὲ
779 3399 892 3456 πᾶν
949 3394 1252 3476 γινόμενον
1308 3391 1375 3455 ἔκ
1439 3415 1588 3460 τινος
1653 3395 1733 3461 ὡς
1789 3391 2171 3474 ὑπομένοντος
2228 3391 2406 3454 αὐτοῦ
2468 3391 2755 3473 γίνεσθαι,
2824 3395 2907 3462 ὡς
2960 3397 3178 3476 προϊὼν

657 3498 830 3566 αὐτὸς
875 3497 1128 3560 δείκνυσί
1183 3519 1246 3559 τε
1293 3496 1387 3556 καὶ
1433 3495 1682 3576 διορίζει.
1775 3495 1827 3556 εἰ
1882 3491 1931 3556 δ’
1990 3495 2143 3556 οὕτω
2203 3495 2308 3576 μὲν
2368 3493 2427 3562 ἐξ
2488 3496 2760 3578 ἀλλήλων
2816 3495 2897 3577 μὴ
2942 3497 3177 3578 γίνεται,

554 3619 621 3666 30
659 3599 806 3662 κατὰ
852 3601 916 3662 δὲ
949 3601 1052 3682 τὴν
1098 3603 1200 3661 τοῦ
1235 3597 1616 3681 ὑποκειμένου
1664 3597 1821 3681 παρὰ
1870 3597 2042 3679 μέρος
2073 3597 2156 3664 εἰς
2197 3597 2476 3678 ἑκάτερον
2508 3596 2700 3659 αὐτῶν
2734 3599 3060 3681 μεταβολὴν
3104 3599 3177 3682 γί-
3210 3617 3261 3659 15

557 3873 578 3924 1
628 3872 680 3924 ιν
718 3874 791 3940 τῷ
829 3885 862 3924 α
897 3874 988 3940 τῆς
1025 3868 1252 3940 φυσικῆς
1295 3868 1610 3941 ἀκροάσεως]
1659 3870 1816 3936 Phys.
1854 3884 1995 3921 ausc.
2038 3867 2076 3933 1,
2105 3867 2154 3920 5.
2200 3841 2415 3920 188226
2466 3867 2535 3934 (v.
2578 3871 2609 3920 9
2648 3867 2714 3920 cf.
2752 3869 2820 3920 ib.
2866 3869 3107 3934 1881221)

552 3961 585 4011 4
623 3957 858 4011 τάναντία
883 3957 995 4025 Sp.:
1035 3956 1234 4009 ἐναντία
1257 3961 1408 4009 VBa:
1446 3955 1670 4013 ἐναντίας
1696 3958 1872 4010 GFSL
2040 3957 2070 4008 5
2108 3951 2270 4024 τοῦτ’]
2300 3955 2357 4006 τὸ
2395 3973 2427 4006 a
2594 3955 2625 4007 7
2666 3955 2905 4027 ὓπάρχειν
2932 3973 2961 4007 a
3130 3959 3163 4010 8
3212 3959 3285 4028 μὴ

553 4047 623 4096 V¹
663 4048 718 4098 in
767 4061 867 4113 mg.
1115 4045 1339 4114 ἠπόρησε
1387 4045 1568 4112 (supra
1605 4061 1629 4095 ε
1667 4043 1954 4110 paullulum
2005 4043 2198 4108 rasum)
2245 4045 2367 4095 VB:
2424 4043 2676 4115 ἠπόρηται
2726 4045 2935 4096 GFSLa
2983 4042 3070 4111 sp.

553 4131 700 4202 ποτ’]
739 4133 873 4184 iufra
910 4151 936 4184 ο
977 4131 1267 4198 paullulum
1320 4147 1493 4183 rasum
1535 4135 1577 4182 V
1795 4131 1826 4182 9
1874 4130 1905 4198 ἢ
1946 4146 2044 4182 om.
2084 4149 2115 4182 a
2153 4129 2242 4197 Sp.
2464 4131 2527 4182 10
2588 4131 2674 4182 καὶ
2720 4129 2837 4182 add.
2878 4130 3010 4182 vict.
3052 4129 3140 4198 Sp.

559 4222 615 4272 11
658 4217 952 4288 προσελθὼν
992 4220 1063 4269 V¹
1102 4221 1254 4284 (corr.
1302 4219 1394 4284 V‘·')
1575 4219 1822 4287 ἐπήγαγεν
1861 4235 1892 4268 a
1922 4217 2017 4284 Sp.
2218 4215 2279 4267 13
2318 4216 2349 4284 ἢ
2390 4217 2506 4268 add.
2546 4217 2633 4284 Sp.
2826 4218 2887 4269 16
2925 4217 3186 4281 ἐναντίων]
3224 4236 3284 4268 αν

551 4322 710 4374 supra
747 4323 948 4358 versum
991 4310 1034 4357 V
1203 4305 1261 4358 τὸ
1300 4304 1352 4357 δὲ
1397 4305 1531 4358 vict.
1709 4305 1772 4356 19
1809 4299 1863 4355 δ’
1906 4303 1971 4371 εἰ]
2010 4303 2084 4354 δεῖ
2119 4320 2150 4355 a
2330 4304 2390 4354 21
2435 4301 2549 4354 οὐδὲ
2588 4304 2664 4354 ἀεὶ
2703 4305 2843 4371 μένοι
2884 4305 2928 4357 G
2968 4305 3128 4356 Vict.:
3168 4303 3283 4356 οὐδὲ

553 4397 598 4447 εἰ
648 4395 788 4462 μένοι
827 4397 1020 4448 VSBa:
1077 4392 1378 4461 οὒδεείμενοι
1416 4396 1502 4444 1⁰12
1717 4390 1783 4443 22
1841 4391 1978 4458 μένοι
2018 4391 2179 4456 (μένει
2216 4391 2284 4453 Β)
2323 4391 2387 4442 τὰ
2434 4389 2562 4441 αὐτοὶ
2599 4393 2857 4444 BGFSLa
2892 4390 3005 4458 Sp.:
3063 4395 3171 4458 μὲν,
3220 4391 3285 4442 τὰ

555 4481 632 4544 (τὸ
670 4498 826 4548 supra
862 4481 925 4532 τὰ
951 4481 1042 4543 V1)
1079 4481 1207 4532 αὐτα
1245 4482 1318 4532 sic
1361 4484 1406 4530 V
1446 4479 1580 4546 quod
1621 4477 1878 4546 quomodo
1920 4479 2198 4529 correxerit
2240 4477 2310 4527 V²
2348 4479 2601 4529 incertum
2773 4477 2841 4530 23
2878 4476 2937 4528 ἂν
2964 4477 3083 4530 v²13
3118 4479 3281 4530 vicu:

555 4567 610 4620 ὂν
645 4569 733 4620 V¹:
773 4583 872 4620 om.
914 4571 1124 4620 GFSLa
1305 4565 1370 4616 25
1417 4563 1554 4617 οὕτω
1593 4560 1670 4633 δ’]
1711 4563 1881 4616 οὕτωσ
1919 4564 1992 4616 V¹
2028 4567 2177 4629 (corr.
2211 4565 2300 4627 Ψ)
2479 4565 2698 4617 fortasse
2735 4563 2887 4628 δοκεῖ,
2926 4565 2981 4616 εἰ
3018 4564 3069 4623 ἐξ

556 4656 622 4706 27
681 4653 938 4723 ὓπομένει]
991 4671 1032 4705 ει
1070 4656 1124 4705 in
1163 4654 1239 4705 lit.
1278 4658 1325 4704 V
1540 4651 1760 4703 fortasse
1799 4649 2011 4723 θάτερον
2050 4653 2348 4721 (γινόμενον)
2564 4651 2628 4703 29
2668 4649 2883 4718 διορίζει]
2926 4651 3083 4718 Phys.
3122 4653 3279 4704 Ausc.

557 4744 593 4806 l,
624 4743 670 4792 7.
717 4741 930 4793 189030
951 4757 1064 4808 sqq.
1235 4741 1306 4808 μὴ
1333 4739 1520 4808 γίνεται
1543 4743 1610 4790 V:
1653 4738 1712 4790 οὐ
1741 4738 1927 4806 γίνεται
1952 4739 2087 4791 138²:
2130 4739 2199 4806 μὴ
2240 4740 2422 4806 γίνοιτο
2450 4741 2681 4793 GFs¹La
2848 4737 2918 4789 30
2956 4738 3281 4806 ὺποκειμένον

557 4831 624 4881 V¹
675 4829 824 4898 (corr.
866 4829 958 4892 V²)
1138 4826 1422 4900 μεταβολὴν
1457 4827 1557 4878 3²:
1597 4825 1855 4896 μεταβολὴ
1896 4825 2009 4876 libri
