3684 5567
1452 307 1733 365 ΒΙΒΛΙΟΝ
1772 307 2026 365 ἸῬΙἹῸΝ
2068 311 2098 363 9
3044 310 3124 376 97

535 485 668 547 τίων
711 486 783 548 τὰ
812 486 960 548 αὐτὰ
1002 482 1129 568 [τὰ]
1168 485 1535 569 αἰσθητήρια,
1583 480 1877 569 ἀδύναΙτον
1923 482 1974 547 δ’
2015 484 2075 547 ἐν
2121 489 2204 569 τῷ
2245 484 2404 568 αὐτῷ
2439 484 2802 568 αἰσθητηρίῳ
2834 484 2981 547 κατὰ
3027 488 3123 543 185

535 590 601 650 τὸ
646 587 787 651 αὐτὸ
835 587 1005 671 μέρος
1052 587 1174 669 ἅμα
1226 587 1296 649 τὰ
1343 587 1457 649 ἀπὸ
1515 591 1629 649 τῶν
1674 587 1939 650 ἐναντίων
1991 587 2248 668 γίνεσθαι
2293 587 2474 668 πάθη.
2565 585 2700 649 ὅταν
2744 586 2849 669 γὰρ
2897 584 3020 669 βλέ-

538 714 737 773 πωμεν
784 692 907 773 ἅμα
949 688 1153 753 λευκόν
1200 713 1260 753 τε
1307 691 1401 753 καὶ
1447 690 1645 772 μέλαν,
1691 691 1777 759 οἷς
1817 690 2016 773 μέρεσι
2058 696 2162 772 τῆς
2205 689 2383 773 κόρης
2427 688 2701 773 ἑκατέρου
2747 688 2936 751 αὐτῶν
2982 689 3019 770 ἡ

536 790 781 875 ἔμφασις
824 796 1056 875 γίνεται,
1103 794 1299 877 ὥσπερ
1346 794 1573 877 ὁρῶμεν
1616 794 1912 877 γινόμενον
1965 794 2060 855 καὶ
2105 792 2200 855 ἐπὶ
2244 798 2359 855 τῶν
2403 794 2768 876 κατόπτρων,
2815 813 2854 853 κ
2899 814 2938 854 x-
2984 815 3024 855 α·
3077 807 3104 847 5

468 917 497 965 5
536 895 668 959 οὔτε
724 895 816 979 ἐφ’
872 896 905 959 ὃ
952 895 1260 959 διαδίδοται
1303 900 1509 973 ταῦτα,
1564 900 1733 958 τοῦτο
1779 895 1829 958 δ’
1887 894 2038 959 ἔστιν
2085 898 2164 963 ὡς
2216 894 2376 956 εἷπον
2423 897 2487 958 τὸ
2532 893 2778 978 ἔσχατον
2823 894 3025 975 αἰσθη-

534 1000 749 1083 τήριον,
796 1000 979 1069 οὕτως
1022 998 1145 1062 οἷόν
1190 1023 1252 1061 τε
1295 998 1653 1062 διαδιδόσθαι
1698 1001 1779 1068 ὡς
1824 999 1905 1082 μὴ
1953 998 2014 1061 ἐν
2053 996 2500 1082 κεχωρισμένοις
2545 998 2720 1061 αὐτοῦ
2758 997 3016 1080 γίνεσθαι

538 1102 785 1187 μέρεσιν,
839 1099 976 1166 ὥστ’
1034 1102 1127 1164 ἐπὶ
1176 1103 1279 1184 μὲν
1324 1106 1423 1163 τοῦ
1471 1104 1741 1184 σώματος
1795 1100 2071 1164 ἀδύνατον
2123 1102 2316 1185 λαβεῖν
2363 1124 2414 1162 τι
2469 1099 2664 1183 ὅμοιον
2721 1104 2794 1184 τῇ
2849 1099 3026 1163 εἰκόνι
3051 1114 3108 1155 1⁰

536 1211 612 1289 τῇ
658 1209 759 1269 τοῦ
806 1206 1051 1288 σημείου
1106 1228 1166 1267 τε
1218 1205 1313 1267 καὶ
1358 1209 1473 1267 τῶν
1516 1208 1797 1287 γραμμῶν
1845 1205 1926 1265 ὦν
1980 1204 2157 1288 πέρας
2200 1204 2263 1266 τὸ
2311 1207 2568 1286 σημεῖον.
2658 1202 2799 1272 ἴσως
2850 1201 2900 1265 δ’
2957 1200 3026 1265 ἂν

536 1307 883 1393 ἐφαρμόζειν
914 1308 1141 1371 δύναιτο
1188 1310 1403 1391 μᾶλλον
1450 1312 1524 1389 τῇ
1556 1308 1797 1389 δυνάμει
1840 1312 1914 1388 τῇ
1959 1310 2060 1369 τοῦ
2106 1309 2373 1390 σώματος
2418 1308 2663 1383 ἐκείνου,
2711 1306 2742 1369 ὃ
2787 1306 3026 1388 λέγομεν

438 1434 499 1479 10
534 1409 779 1497 ἔσχατον
826 1411 1230 1495 αἰσθητήριον,
1284 1409 1349 1473 οὖ
1395 1411 1775 1495 ἡαίσθητικὴ
1824 1410 2061 1493 δύναμις
2103 1410 2272 1485 εἶδος,
2319 1411 2444 1494 ἥτις
2488 1410 2722 1490 δύναμις
2764 1408 3028 1471 αἰσθάνε-
3057 1422 3108 1464 1⁶

464 1496 469 1501 ι
535 1538 626 1579 ται
670 1516 765 1577 καὶ
810 1514 985 1599 κρίνει
1030 1513 1101 1575 τὰ
1146 1514 1205 1575 ἐν
1250 1516 1335 1597 τῷ
1376 1515 1623 1593 σώματι,
1670 1513 1737 1577 οὔ
1778 1512 2013 1596 δύναμις
2056 1514 2152 1577 καὶ
2183 1512 2335 1583 εἶδός
2380 1512 2532 1576 ἐστιν
2562 1511 2839 1595 γενόμενα
2882 1509 3028 1573 κατὰ

539 1620 642 1702 τὴν
697 1618 812 1680 ἀπὸ
873 1620 988 1679 τῶν
1043 1616 1435 1699 αἰσθητηρίων
1492 1618 1763 1679 διάδοσιν.
1854 1618 1890 1697 ἡ
1937 1616 2045 1699 γὰρ
2089 1616 2322 1699 δύναμις
2382 1616 2528 1699 αὕτη
2584 1614 2688 1697 μία
2737 1613 2884 1679 οὖσα
2927 1614 3022 1676 καὶ

540 1723 738 1805 ὥσπερ
782 1719 960 1804 πέρας
1001 1724 1103 1782 τοῦ
1150 1722 1421 1803 σώματος
1472 1718 1677 1782 τούτου
1722 1718 1789 1782 οὔ
1834 1720 2070 1801 δύναμίς
2125 1720 2304 1791 ἐστιν,
2359 1719 2560 1801 ἐπειδὴ
2607 1718 2702 1781 ἐπὶ
2746 1722 2914 1781 τοῦτο
2959 1717 3024 1779 τὸ
3053 1731 3110 1773 2⁰

538 1823 787 1909 ἔσχατον
832 1824 890 1886 αἱ
936 1821 1189 1904 κινήσεις
1228 1821 1516 1906 φέρονται,
1564 1822 1875 1903 ἀσώματός
1919 1846 1984 1886 τε
2027 1820 2173 1885 οὖσα
2217 1824 2312 1885 καὶ
2352 1822 2672 1906 ἀδιαίρετος
2716 1822 2810 1885 καὶ
2857 1819 3030 1903 ὁμοία

438 1950 497 1996 15
536 1928 753 2010 πάντῃ,
810 1926 909 2007 μία
953 1924 1117 2001 οὖσα,
1164 1925 1375 1987 πολλαί
1424 1948 1549 1993 πως
1602 1926 1845 2007 γίνονται
1895 1930 1979 2009 τῷ
2035 1932 2151 1988 τῶν
2204 1924 2340 1989 καθ’
2395 1926 2636 1989 ἕκαστον
2685 1926 2882 2008 μόριον
2929 1926 3028 1986 τοῦ

538 2032 828 2112 σώματος,
873 2028 941 2091 οὖ
976 2028 1208 2110 δύναμίς
1254 2028 1396 2103 ἐστι,
1442 2026 1724 2112 κινήσεων
1767 2029 2152 2092 αἰσθάνεσθαι
2197 2029 2430 2112 ὁμοίως,
2477 2028 2545 2091 ἄν
2591 2051 2654 2091 τε
2685 2028 2828 2091 κατὰ
2874 2026 2933 2089 ἕν
2977 2048 3028 2087 τι

540 2133 735 2216 μόριον
787 2132 825 2214 ἢ
881 2132 1103 2215 κίνησις
1154 2131 1214 2194 ἐν
1268 2131 1430 2215 αὐτῷ
1486 2130 1742 2215 γένηται,
1801 2130 1870 2194 ἄν
1922 2154 1987 2193 τε
2037 2133 2185 2195 κατὰ
2238 2132 2436 2194 πλείω.
2527 2131 2586 2194 ἐν
2629 2131 2738 2214 γὰρ
2792 2135 2866 2213 τῇ
2915 2137 3027 2193 τῶν
3055 2144 3110 2185 25

538 2234 816 2298 πλειόνων
870 2235 1051 2317 κρίσει
1101 2235 1312 2297 πολλαί
1370 2258 1495 2303 πως
1547 2236 1815 2317 δυνάμεις
1867 2236 1904 2318 ἡ
1963 2235 2064 2319 μία
2121 2236 2330 2317 γίνεται
2384 2238 2464 2303 ὡς
2519 2235 2767 2297 ἑκάστου
2831 2234 3032 2318 μορίου

542 2337 717 2420 πέρας
762 2332 990 2421 οἰΙκεῖον
1037 2337 1466 2420 λαμβανομένη.
1541 2338 1607 2399 τὸ
1654 2338 1755 2419 μὲν
1801 2338 1910 2420 γὰρ
1955 2342 2127 2419 σῶμα
2171 2337 2276 2399 οὐκ
2307 2337 2544 2401 ἐδύνατο
2588 2338 2710 2419 ἅμα
2753 2338 2899 2400 κατὰ
2929 2338 2992 2399 τὸ
3039 2341 3138 2398 186

435 2461 501 2507 20
538 2440 677 2503 αὐτὸ
710 2442 889 2503 πλείω
923 2440 1204 2526 δέχεσθαι
1247 2441 1431 2524 πάθη,
1478 2440 1571 2503 διὰ
1603 2443 1668 2504 τὸ
1699 2440 1976 2504 ἀδύνατον
2009 2439 2150 2502 εἶναι
2181 2439 2252 2502 τὰ
2297 2441 2520 2503 ἐναντία
2554 2441 2613 2503 ἐν
2644 2446 2727 2525 τῷ
2759 2440 2920 2525 αὐτῷ
2953 2439 3027 2521 γί-

538 2544 737 2607 νεσθαι
770 2543 893 2625 ἅμα
922 2566 984 2605 τε
1008 2541 1157 2627 <καὶ>
1178 2542 1306 2606 κατ’
1338 2541 1505 2607 αὐτό·
1542 2544 1763 2606 ἐναντία
1788 2540 1906 2627 <δὲ>
1928 2544 1993 2605 τὸ
2025 2542 2176 2610 εἶδος
2206 2544 2270 2605 τὸ
2302 2547 2402 2605 τοῦ
2433 2547 2643 2607 λευκοῦ
2675 2545 2768 2607 καὶ
2793 2540 2910 2627 <τὸ>
2933 2547 3035 2605 τοῦ
3088 2558 3115 2599 ὅ

542 2646 801 2729 μέλανος.
869 2646 957 2709 διὸ
1003 2644 1167 2709 οὐδὲν
1214 2644 1335 2708 οἷόν
1379 2670 1443 2709 τε
1475 2650 1649 2727 σῶμα
1693 2646 1817 2729 ἅμα
1864 2646 2143 2731 δέχεσθαι
2173 2650 2371 2723 ταῦτα,
2419 2647 2567 2709 ἀλλὰ
2611 2652 2713 2709 τοῦ
2757 2647 3034 2730 αἰσθητη-

540 2749 663 2833 ρίου
710 2748 932 2812 ἐκείνου
978 2746 1102 2811 κατ’
1146 2747 1287 2811 ἄλλο
1336 2749 1437 2828 μὲν
1487 2746 1684 2831 μόριον
1730 2750 1868 2812 τάδε
1913 2748 2036 2811 τινὰ
2082 2754 2195 2811 τῶν
2227 2750 2525 2833 αἰσθητῶν
2571 2754 2684 2812 τῶν
2731 2749 2854 2832 ἅμα
2897 2772 3029 2832 προ-

544 2850 897 2915 σπιπτόντων
929 2852 1193 2934 γίγνεται,
1240 2849 1365 2913 κατ’
1408 2849 1550 2913 ἄλλο
1598 2852 1661 2914 δὲ
1705 2852 1842 2915 τάδε
1887 2856 2001 2913 τῶν
2033 2854 2150 2915 ἀπὸ
2199 2856 2312 2915 τῶν
2357 2854 2603 2937 πρώτων
2637 2852 3030 2936 αἰσθητηρίων

440 2974 505 3023 25
544 2952 634 3017 ἐπ’
678 2954 817 3017 αὐτὸ
863 2953 1199 3038 φερομένων
1244 2954 1339 3017 τὸν
1386 2952 1615 3037 τρόπον.
1702 2954 1740 3036 ἡ
1786 2954 1852 3015 δὲ
1896 2953 2133 3037 δύναμις
2174 2958 2212 3039 ἡ
2261 2956 2573 3039 αἰσθητικὴ
2619 2953 2808 3017 οὐκέτι
2856 2957 3032 3017 κεκώ·
3062 2971 3116 3012 ιο

543 3061 709 3120 λυται
755 3057 877 3139 ἅμα
920 3058 1024 3140 τὴν
1069 3057 1249 3139 κρίσιν
1296 3056 1485 3119 αὐτῶν
1532 3058 1852 3135 ποιεῖσθαι,
1910 3056 1998 3121 ὅτι
2043 3060 2125 3143 μὴ
2171 3058 2376 3122 ταύτόν
2422 3058 2540 3122 ἐστι
2585 3060 2649 3121 τὸ
2696 3060 2901 3141 κρίνειν
2945 3062 3030 3143 τῷ

544 3160 769 3222 παθεῖν.
858 3160 1063 3223 παθεῖν
1112 3160 1214 3242 μὲν
1259 3160 1368 3243 γάρ
1413 3182 1466 3221 τι
1510 3161 1574 3221 τὺ
1620 3160 1761 3223 αὐτὸ
1808 3162 1930 3242 ἅμα
1975 3161 2044 3223 τὰ
2090 3161 2314 3225 ἐναντία
2359 3162 2655 3237 ἀδύνατον,
2735 3186 2786 3225 τι
2832 3162 3035 3225 ἀδύνα-

548 3286 639 3325 τον
685 3262 807 3345 ἅμα
858 3286 911 3324 τι
955 3261 1237 3347 δέχεσθαι
1287 3262 1361 3325 τὰ
1405 3263 1628 3325 ἐναντία
1680 3264 2118 3348 (ἀσυνὺπαρκτα
2172 3265 2235 3327 δὲ
2288 3264 2359 3327 τὰ
2403 3266 2682 3348 ἐναντία),
2747 3269 2926 3347 κρῖναι
2972 3266 3036 3327 δὲ
3065 3281 3116 3323 15

546 3365 667 3447 ἅμα
711 3366 780 3427 τὰ
826 3365 1053 3428 ἐναντία
1098 3366 1262 3429 οὐδὲν
1303 3367 1589 3441 ἀδυνατεῖ,
1636 3365 1723 3429 ὅτι
1769 3368 1852 3450 μὴ
1899 3364 2052 3430 ἔστιν
2098 3368 2157 3429 ἐν
2197 3368 2377 3450 κρίσει
2422 3368 2646 3431 ἐναντία
2692 3370 2756 3431 τὸ
2801 3369 2866 3431 τὸ
2912 3371 3034 3430 λευ-

440 3487 507 3535 30
544 3469 642 3531 κὸν
687 3468 895 3531 λευκὸν
937 3473 1121 3552 κρῖναι
1182 3469 1276 3531 καὶ
1332 3469 1395 3531 τὸ
1452 3470 1629 3551 μέλαν
1676 3470 1874 3553 μέλαν.
1967 3474 2048 3539 ὡς
2093 3470 2198 3555 γὰρ
2255 3471 2314 3533 ἐν
2362 3477 2443 3556 τῷ
2491 3472 2736 3555 πάσχειν
2785 3472 3035 3533 ἐναντίον

549 3573 613 3634 τὸ
656 3572 726 3636 τὰ
772 3570 997 3634 ἐναντία
1053 3569 1175 3655 [τὸ]
1220 3572 1427 3636 παθεῖν
1487 3576 1551 3635 τὸ
1597 3574 1738 3637 αὐτὸ
1795 3573 1971 3658 μέρος
2023 3574 2117 3637 καὶ
2163 3575 2223 3637 ἐν
2270 3573 2461 3657 ταύτῷ
2507 3574 2739 3660 χρόνῳ,
2802 3576 2894 3637 καὶ
2942 3574 3036 3637 διὰ
3063 3590 3119 3632 20

545 3677 711 3736 τοῦτο
757 3675 817 3737 ἐν
862 3680 947 3758 τῷ
996 3675 1242 3759 πάσχειν
1290 3680 1455 3739 τοῦτο
1502 3676 1808 3750 ἀδύνατον,
1867 3677 2050 3747 οὕτως
2094 3676 2155 3740 ἐν
2201 3678 2384 3760 κρίσει
2427 3680 2597 3741 πάλιν
2645 3679 2920 3741 ἀδύνατον
2966 3678 3032 3740 τὸ

548 3778 610 3839 τὸ
654 3778 863 3840 λευκὸν
908 3779 1058 3860 ὁμοῦ
1106 3778 1208 3858 μὲν
1238 3778 1461 3856 λευκόν,
1510 3782 1659 3862 ὁμοῦ
1703 3781 1767 3843 δὲ
1815 3781 1993 3864 μέλαν
2026 3781 2448 3864 ὑπολαμβάνειν
2493 3781 2656 3845 εἶναι.
2731 3783 2818 3845 διὸ
2866 3783 3034 3844 πάλιν

548 3878 607 3942 ἐν
652 3880 832 3962 κρίσει
876 3881 941 3941 τὸ
988 3880 1171 3949 οὕτως
1214 3880 1353 3967 ἔχον
1399 3882 1850 3967 ἀσυνόπαρκτον.
1941 3886 2004 3946 τὸ
2053 3885 2156 3965 μὲν
2203 3868 2380 3965 μέλαν
2429 3884 2636 3966 μέλαν,
2689 3886 2754 3947 τὸ
2801 3887 2866 3948 δὲ
2911 3890 3037 3948 λευ-
3065 3900 3118 3942 25

444 4001 508 4049 35
548 3983 645 4046 κὸν
690 3983 892 4045 λευκὸν
937 3983 1117 4046 εἰπεῖν
1164 3984 1269 4048 οὐκ
1300 3985 1598 4063 ἀδύνατον,
1646 3985 1732 4048 ὅτι
1779 3985 1917 4069 μηδ’
1960 3987 2228 4049 ἐναντίον.
2297 3988 2348 4049 εἰ
2395 3988 2498 4069 μὲν
2543 3986 2652 4072 γὰρ
2697 3988 2769 4072 ἧν
2814 3989 3034 4073 ἀνάγκη

548 4088 642 4149 καὶ
686 4087 743 4149 ἐν
789 4090 865 4169 τῇ
900 4087 1134 4169 δυνάμει
1177 4094 1251 4169 τῇ
1298 4088 1572 4172 κρινούσῃ
1619 4088 1691 4151 τὰ
1722 4090 1976 4173 αἰσθητὰ
2020 4089 2092 4153 τὰ
2135 4087 2261 4171 εἴδη
2311 4088 2317 4175 Ι
2367 4095 2594 4175 πρῶτον
2641 4095 2753 4153 τῶν
2801 4090 3001 4174 αἰσθη-
3047 4097 3142 4155 187

446 4309 469 4361 1
522 4310 586 4361 τὰ
632 4324 732 4361 om.
770 4326 801 4360 a
836 4308 925 4376 Sp.
1155 4312 1189 4362 4
1224 4310 1442 4363 fortasse
1477 4310 1615 4374 (οὔτε
1651 4310 1756 4380 ἅμα
1792 4312 1844 4364 ἐν
1883 4320 1984 4371 τοῖς
2021 4312 2186 4372 αὐτοῖς
2223 4312 2534 4383 ἐμφαίνεται)
2571 4312 2686 4366 οὔτε
2897 4311 2929 4364 5
2975 4310 3146 4382 ἐφόδια

450 4394 715 4448 διαδίδοται
750 4398 917 4450 FSGa
1163 4398 1195 4451 8
1242 4398 1313 4450 ὧν
1350 4400 1483 4452 vict.
1520 4399 1634 4467 Sp.:
1692 4400 1762 4458 ὡς
1808 4400 1926 4453 libri
2183 4403 2244 4455 15
2299 4403 2515 4454 fortasse
2561 4400 2743 4468 γίνεται
2957 4401 3018 4451 16
3073 4418 3148 4451 κι-

440 4484 630 4553 νήσεων
666 4486 878 4553 scripsi:
934 4485 1180 4553 κινήσεως
1222 4487 1341 4541 libri
1576 4488 1637 4539 19
1674 4487 2015 4557 λαμβάνοντος
2039 4488 2110 4542 Β2
2321 4489 2382 4540 21
2425 4489 2511 4541 καὶ
2547 4492 2598 4541 et
2635 4486 2686 4539 δὲ
2724 4494 2774 4539 et
2810 4486 2866 4539 τὸ
2900 4487 3076 4539 addidi

442 4567 560 4623 κατ’
598 4570 745 4641 αὐτὸ]
784 4573 917 4625 κατὰ
958 4572 1113 4625 ταύτὸ
1162 4574 1251 4642 Sp.
1462 4574 1503 4626 ἐ.
1538 4576 1633 4643 γὰρ
1669 4574 1725 4627 τὸ
1764 4574 1833 4627 Β2
2079 4576 2144 4629 23
2200 4576 2391 4629 ἐκείνου
2429 4576 2542 4642 Sp.:
2600 4574 2762 4627 ἐκεῖνο
2799 4574 2918 4627 libri

443 4658 508 4711 25
562 4658 641 4711 ἐπὶ
676 4659 763 4711 τὸν
801 4660 953 4713 αὐτὸν
992 4680 1044 4732 φ.
1082 4661 1235 4714 τόπον
1273 4663 1408 4714 coni.
1448 4661 1563 4729 Sp.:
1622 4661 1839 4715 fortasse
1887 4662 2108 4728 (παθῶν)
2145 4665 2220 4717 ἐπ.
2259 4664 2383 4717 αὐτὸ
2431 4682 2482 4732 φ.
2521 4665 2744 4729 (τοῦτον)
2779 4679 2824 4713 τ.
2861 4680 2937 4731 τρ.

444 4744 510 4797 28
546 4744 621 4815 δὲ]
658 4748 750 4818 γὰρ
788 4766 821 4800 a
856 4749 944 4817 Sp.
1140 4749 1203 4802 31
1244 4748 1303 4801 τὸ
1340 4749 1439 4803 del.
1476 4748 1610 4803 3²82
1646 4768 1678 4802 a.
1714 4749 1803 4818 Sp.
1999 4750 2176 4806 παθεῖν
2214 4754 2345 4806 κατὰ
2382 4751 2440 4803 τὸ
2475 4750 2642 4805 B²S²a
2679 4752 2767 4817 Sp.
2968 4748 3030 4801 31
3072 4750 3150 4818 τῷ·

444 4831 580 4904 αὐτῷ
614 4853 645 4887 a
680 4836 769 4905 Sp.
994 4836 1061 4891 35
1116 4834 1455 4890 οὒκαδύνατον
1496 4841 1543 4889 V
1755 4837 1821 4890 36
1879 4836 2116 4909 αἰσθητὰ]
2166 4837 2227 4892 σθ
2272 4841 2330 4892 in
2375 4840 2452 4892 lit.
2491 4843 2540 4891 V
2751 4835 2880 4906 εἴδη]
2927 4836 3149 4889 fortasse

444 4918 581 4991 πάθη
756 4922 983 4995 πρῶτον]
1022 4924 1118 4997 πρὸ
1154 4931 1260 4977 τῶν
1297 4924 1433 4977 coni.
1470 4923 1559 4991 Sp.
1738 4932 1844 4979 τῶν
1883 4943 1982 4979 om.
2023 4944 2054 4978 a
2090 4926 2178 4995 Sp.

546 5031 687 5081 Suppl.
720 5033 851 5073 Arist.
879 5034 923 5073 11
948 5030 977 5074 2
1030 5034 1154 5074 Alex.
1182 5034 1345 5083 scripta
1370 5034 1551 5072 minora.
2712 5015 2745 5078 7
