<?xml version="1.0" encoding="UTF-8"?>
<!DOCTYPE html PUBLIC "-//W3C//DTD XHTML 1.0 Transitional//EN"
    "http://www.w3.org/TR/xhtml1/DTD/xhtml1-transitional.dtd">
<html xmlns="http://www.w3.org/1999/xhtml" xml:lang="en" lang="en">
 <head>
  <title>
</title>
<meta http-equiv="Content-Type" content="text/html;charset=utf-8" />
  <meta name='ocr-system' content='tesseract 3.04.00' />
  <meta name='ocr-capabilities' content='ocr_page ocr_carea ocr_par ocr_line ocrx_word'/>
</head>
<body>
  <div class='ocr_page' id='page_1' title='image "./supplementumari00wissgoog_0167.png"; bbox 0 0 3684 5567; ppageno 0'>
   <div class='ocr_carea' id='block_1_1' title="bbox 1357 160 3116 233">
    <p class='ocr_par' dir='ltr' id='par_1_1' title="bbox 1357 160 3116 233">
     <span class='ocr_line' id='line_1_1' title="bbox 1357 160 3116 233; baseline 0.01 -17"><span class='ocrx_word' id='word_1_1' title='bbox 1357 160 1641 219; x_wconf 78' lang='grc' dir='ltr'><strong>ΒῙΒΑΙΟΝ</strong></span> <span class='ocrx_word' id='word_1_2' title='bbox 1678 162 1935 219; x_wconf 87' lang='lat' dir='ltr'>TPITON</span> <span class='ocrx_word' id='word_1_3' title='bbox 1979 166 2180 219; x_wconf 79' lang='lat'>10—12</span> <span class='ocrx_word' id='word_1_4' title='bbox 3001 171 3116 233; x_wconf 89' lang='grc'>101</span> 
     </span>
    </p>
   </div>
   <div class='ocr_carea' id='block_1_2' title="bbox 449 336 3092 1143">
    <p class='ocr_par' dir='ltr' id='par_1_2' title="bbox 522 336 3092 734">
     <span class='ocr_line' id='line_1_2' title="bbox 525 336 3007 423; baseline -0 -22"><span class='ocrx_word' id='word_1_5' title='bbox 525 337 616 421; x_wconf 78' lang='grc' dir='ltr'>εἴη</span> <span class='ocrx_word' id='word_1_6' title='bbox 660 337 808 401; x_wconf 83' lang='grc' dir='ltr'>κατὰ</span> <span class='ocrx_word' id='word_1_7' title='bbox 850 336 1018 423; x_wconf 83' lang='grc' dir='ltr'>φύσιν</span> <span class='ocrx_word' id='word_1_8' title='bbox 1063 342 1182 407; x_wconf 87' lang='grc' dir='ltr'>τοῖς</span> <span class='ocrx_word' id='word_1_9' title='bbox 1225 339 1519 422; x_wconf 79' lang='grc' dir='ltr'>πράγμασι</span> <span class='ocrx_word' id='word_1_10' title='bbox 1571 340 1637 400; x_wconf 89' lang='grc' dir='ltr'>τὸ</span> <span class='ocrx_word' id='word_1_11' title='bbox 1698 336 1795 421; x_wconf 82' lang='grc' dir='ltr'>ὑφ’</span> <span class='ocrx_word' id='word_1_12' title='bbox 1851 340 2022 421; x_wconf 78' lang='grc' dir='ltr'>ἡμῶν</span> <span class='ocrx_word' id='word_1_13' title='bbox 2067 339 2260 409; x_wconf 81' lang='grc' dir='ltr'>αὐτοῖς</span> <span class='ocrx_word' id='word_1_14' title='bbox 2307 340 2375 402; x_wconf 80' lang='grc' dir='ltr'>τὰ</span> <span class='ocrx_word' id='word_1_15' title='bbox 2421 339 2675 423; x_wconf 84' lang='grc' dir='ltr'>ὀνόματα</span> <span class='ocrx_word' id='word_1_16' title='bbox 2720 339 3007 413; x_wconf 83' lang='grc' dir='ltr'>τίθεσθαι,</span> 
     </span>
     <span class='ocr_line' id='line_1_3' title="bbox 524 438 3012 528; baseline 0.001 -25"><span class='ocrx_word' id='word_1_17' title='bbox 524 439 647 504; x_wconf 79' lang='grc' dir='ltr'>οὐδ’</span> <span class='ocrx_word' id='word_1_18' title='bbox 687 439 755 503; x_wconf 76' lang='grc' dir='ltr'>ἂν</span> <span class='ocrx_word' id='word_1_19' title='bbox 800 443 941 523; x_wconf 83' lang='grc' dir='ltr'>ἡμῖν</span> <span class='ocrx_word' id='word_1_20' title='bbox 984 438 1077 523; x_wconf 86' lang='grc' dir='ltr'>εἴη</span> <span class='ocrx_word' id='word_1_21' title='bbox 1123 441 1269 503; x_wconf 88' lang='grc' dir='ltr'>κατὰ</span> <span class='ocrx_word' id='word_1_22' title='bbox 1312 442 1481 525; x_wconf 90' lang='grc' dir='ltr'>φύσιν</span> <span class='ocrx_word' id='word_1_23' title='bbox 1528 442 1593 503; x_wconf 82' lang='grc' dir='ltr'>τὸ</span> <span class='ocrx_word' id='word_1_24' title='bbox 1642 441 1906 505; x_wconf 88' lang='grc' dir='ltr'>τίθεσθαι</span> <span class='ocrx_word' id='word_1_25' title='bbox 1949 442 2020 505; x_wconf 86' lang='grc' dir='ltr'>τὰ</span> <span class='ocrx_word' id='word_1_26' title='bbox 2066 442 2320 523; x_wconf 84' lang='grc' dir='ltr'>ὀνόματα</span> <span class='ocrx_word' id='word_1_27' title='bbox 2365 442 2584 511; x_wconf 80' lang='grc' dir='ltr'>αὐτοῖς·</span> <span class='ocrx_word' id='word_1_28' title='bbox 2631 443 2699 507; x_wconf 84' lang='grc' dir='ltr'>οὐ</span> <span class='ocrx_word' id='word_1_29' title='bbox 2744 445 2851 528; x_wconf 84' lang='grc' dir='ltr'>γὰρ</span> <span class='ocrx_word' id='word_1_30' title='bbox 2885 443 3012 506; x_wconf 83' lang='grc' dir='ltr'>ταύ-</span> 
     </span>
     <span class='ocr_line' id='line_1_4' title="bbox 522 542 3092 630; baseline -0.002 -24"><span class='ocrx_word' id='word_1_31' title='bbox 522 542 616 607; x_wconf 91' lang='grc' dir='ltr'>τόν</span> <span class='ocrx_word' id='word_1_32' title='bbox 661 544 783 607; x_wconf 86' lang='grc' dir='ltr'>ἐστι</span> <span class='ocrx_word' id='word_1_33' title='bbox 830 543 1044 607; x_wconf 86' lang='grc' dir='ltr'>θέσθαι</span> <span class='ocrx_word' id='word_1_34' title='bbox 1090 544 1272 627; x_wconf 88' lang='grc' dir='ltr'>ὄνομα</span> <span class='ocrx_word' id='word_1_35' title='bbox 1314 545 1410 608; x_wconf 87' lang='grc' dir='ltr'>καὶ</span> <span class='ocrx_word' id='word_1_36' title='bbox 1440 544 1619 623; x_wconf 83' lang='grc' dir='ltr'>εἰπεῖν</span> <span class='ocrx_word' id='word_1_37' title='bbox 1666 544 1729 607; x_wconf 87' lang='grc' dir='ltr'>τὸ</span> <span class='ocrx_word' id='word_1_38' title='bbox 1776 544 2056 627; x_wconf 88' lang='grc' dir='ltr'>κείμενον.</span> <span class='ocrx_word' id='word_1_39' title='bbox 2132 543 2251 608; x_wconf 84' lang='grc' dir='ltr'>ἔδει</span> <span class='ocrx_word' id='word_1_40' title='bbox 2295 569 2358 607; x_wconf 88' lang='grc' dir='ltr'>τε</span> <span class='ocrx_word' id='word_1_41' title='bbox 2402 547 2454 608; x_wconf 86' lang='grc' dir='ltr'>εἰ</span> <span class='ocrx_word' id='word_1_42' title='bbox 2500 544 2682 609; x_wconf 88' lang='grc' dir='ltr'>ἔκειτο</span> <span class='ocrx_word' id='word_1_43' title='bbox 2728 548 2897 630; x_wconf 87' lang='grc' dir='ltr'>φύσει</span> <span class='ocrx_word' id='word_1_44' title='bbox 2941 543 3010 605; x_wconf 79' lang='grc' dir='ltr'>τὰ</span> <span class='ocrx_word' id='word_1_45' title='bbox 3041 560 3092 601; x_wconf 72' lang='lat'>15</span> 
     </span>
     <span class='ocr_line' id='line_1_5' title="bbox 526 646 3009 734; baseline 0 -25"><span class='ocrx_word' id='word_1_46' title='bbox 526 647 801 730; x_wconf 81' lang='grc' dir='ltr'>ὀνόματα,</span> <span class='ocrx_word' id='word_1_47' title='bbox 846 648 941 710; x_wconf 86' lang='grc' dir='ltr'>καὶ</span> <span class='ocrx_word' id='word_1_48' title='bbox 988 646 1119 717; x_wconf 75' lang='grc' dir='ltr'>τοὺς</span> <span class='ocrx_word' id='word_1_49' title='bbox 1147 647 1419 729; x_wconf 90' lang='grc' dir='ltr'>λέγοντας</span> <span class='ocrx_word' id='word_1_50' title='bbox 1463 648 1680 716; x_wconf 84' lang='grc' dir='ltr'><strong><em>πάντας</em></strong></span> <span class='ocrx_word' id='word_1_51' title='bbox 1721 647 1905 729; x_wconf 86' lang='grc' dir='ltr'>λέγειν</span> <span class='ocrx_word' id='word_1_52' title='bbox 1951 648 2022 710; x_wconf 84' lang='grc' dir='ltr'>τὰ</span> <span class='ocrx_word' id='word_1_53' title='bbox 2067 647 2232 711; x_wconf 86' lang='grc' dir='ltr'>αὐτά.</span> <span class='ocrx_word' id='word_1_54' title='bbox 2303 648 2422 711; x_wconf 87' lang='grc' dir='ltr'>ἀλλ’</span> <span class='ocrx_word' id='word_1_55' title='bbox 2463 649 2514 711; x_wconf 89' lang='grc' dir='ltr'>εἰ</span> <span class='ocrx_word' id='word_1_56' title='bbox 2557 649 2729 734; x_wconf 88' lang='grc' dir='ltr'>φύσει</span> <span class='ocrx_word' id='word_1_57' title='bbox 2771 648 2842 711; x_wconf 77' lang='grc' dir='ltr'>τὰ</span> <span class='ocrx_word' id='word_1_58' title='bbox 2888 648 3009 710; x_wconf 84' lang='grc' dir='ltr'>ὀνό-</span> 
     </span>
    </p>

    <p class='ocr_par' dir='ltr' id='par_1_3' title="bbox 449 748 3088 1143">
     <span class='ocr_line' id='line_1_6' title="bbox 449 748 3008 835; baseline -0 -23"><span class='ocrx_word' id='word_1_59' title='bbox 449 770 481 819; x_wconf 83' lang='grc'>5</span> <span class='ocrx_word' id='word_1_60' title='bbox 522 773 703 833; x_wconf 83' lang='grc' dir='ltr'><strong>ματα,</strong></span> <span class='ocrx_word' id='word_1_61' title='bbox 756 752 847 813; x_wconf 86' lang='grc' dir='ltr'>δεῖ</span> <span class='ocrx_word' id='word_1_62' title='bbox 888 751 983 814; x_wconf 85' lang='grc' dir='ltr'>καὶ</span> <span class='ocrx_word' id='word_1_63' title='bbox 1028 750 1099 813; x_wconf 84' lang='grc' dir='ltr'>τὰ</span> <span class='ocrx_word' id='word_1_64' title='bbox 1144 756 1405 835; x_wconf 87' lang='grc' dir='ltr'>στοιχεῖα</span> <span class='ocrx_word' id='word_1_65' title='bbox 1449 748 1523 813; x_wconf 81' lang='grc' dir='ltr'>δι’</span> <span class='ocrx_word' id='word_1_66' title='bbox 1579 751 1661 812; x_wconf 83' lang='grc' dir='ltr'>ὧν</span> <span class='ocrx_word' id='word_1_67' title='bbox 1706 751 1976 813; x_wconf 84' lang='grc' dir='ltr'>τάσσεται</span> <span class='ocrx_word' id='word_1_68' title='bbox 2019 749 2162 814; x_wconf 81' lang='grc' dir='ltr'>εἶναι</span> <span class='ocrx_word' id='word_1_69' title='bbox 2205 750 2401 835; x_wconf 88' lang='grc' dir='ltr'>φύσει·</span> <span class='ocrx_word' id='word_1_70' title='bbox 2465 752 2532 814; x_wconf 82' lang='grc' dir='ltr'>οὐ</span> <span class='ocrx_word' id='word_1_71' title='bbox 2577 752 2685 835; x_wconf 80' lang='grc' dir='ltr'>γὰρ</span> <span class='ocrx_word' id='word_1_72' title='bbox 2731 751 2879 834; x_wconf 84' lang='grc' dir='ltr'>ἄλλη</span> <span class='ocrx_word' id='word_1_73' title='bbox 2925 752 3008 819; x_wconf 91' lang='grc' dir='ltr'>τίς</span> 
     </span>
     <span class='ocr_line' id='line_1_7' title="bbox 522 851 3088 938; baseline -0.002 -21"><span class='ocrx_word' id='word_1_74' title='bbox 522 854 643 918; x_wconf 88' lang='grc' dir='ltr'>ἐστι</span> <span class='ocrx_word' id='word_1_75' title='bbox 686 858 789 937; x_wconf 76' lang='grc' dir='ltr'>τῆς</span> <span class='ocrx_word' id='word_1_76' title='bbox 834 854 1113 938; x_wconf 82' lang='grc' dir='ltr'>διαφορᾶς</span> <span class='ocrx_word' id='word_1_77' title='bbox 1156 857 1271 915; x_wconf 90' lang='grc' dir='ltr'>τῶν</span> <span class='ocrx_word' id='word_1_78' title='bbox 1318 852 1462 916; x_wconf 86' lang='grc' dir='ltr'>κατὰ</span> <span class='ocrx_word' id='word_1_79' title='bbox 1508 851 1652 937; x_wconf 89' lang='grc' dir='ltr'>ἔθνη</span> <span class='ocrx_word' id='word_1_80' title='bbox 1686 852 2072 937; x_wconf 77' lang='grc' dir='ltr'>διαφερόντων</span> <span class='ocrx_word' id='word_1_81' title='bbox 2118 854 2213 916; x_wconf 87' lang='grc' dir='ltr'>ἐπὶ</span> <span class='ocrx_word' id='word_1_82' title='bbox 2256 858 2370 916; x_wconf 90' lang='grc' dir='ltr'>τῶν</span> <span class='ocrx_word' id='word_1_83' title='bbox 2417 854 2608 917; x_wconf 84' lang='grc' dir='ltr'>αὐτῶν</span> <span class='ocrx_word' id='word_1_84' title='bbox 2653 857 3004 937; x_wconf 80' lang='grc' dir='ltr'>πραγμάτων</span> <span class='ocrx_word' id='word_1_85' title='bbox 3027 871 3088 931; x_wconf 63' lang='grc' dir='ltr'>ρο</span> 
     </span>
     <span class='ocr_line' id='line_1_8' title="bbox 522 956 3006 1040; baseline 0.001 -23"><span class='ocrx_word' id='word_1_86' title='bbox 522 956 676 1040; x_wconf 84' lang='grc' dir='ltr'>παρὰ</span> <span class='ocrx_word' id='word_1_87' title='bbox 719 956 823 1039; x_wconf 84' lang='grc' dir='ltr'>τὴν</span> <span class='ocrx_word' id='word_1_88' title='bbox 868 960 982 1017; x_wconf 89' lang='grc' dir='ltr'>τῶν</span> <span class='ocrx_word' id='word_1_89' title='bbox 1016 956 1319 1040; x_wconf 83' lang='grc' dir='ltr'>στοιχείων</span> <span class='ocrx_word' id='word_1_90' title='bbox 1364 978 1427 1018; x_wconf 90' lang='grc' dir='ltr'>τε</span> <span class='ocrx_word' id='word_1_91' title='bbox 1469 956 1565 1020; x_wconf 82' lang='grc' dir='ltr'>καὶ</span> <span class='ocrx_word' id='word_1_92' title='bbox 1606 956 1911 1039; x_wconf 87' lang='grc' dir='ltr'>συλλαβῶν</span> <span class='ocrx_word' id='word_1_93' title='bbox 1957 956 2124 1018; x_wconf 82' lang='grc' dir='ltr'>ποιὰν</span> <span class='ocrx_word' id='word_1_94' title='bbox 2158 956 2442 1020; x_wconf 87' lang='grc' dir='ltr'>σύνθεσιν.</span> <span class='ocrx_word' id='word_1_95' title='bbox 2512 958 2698 1021; x_wconf 85' lang='grc' dir='ltr'>ἱκαναὶ</span> <span class='ocrx_word' id='word_1_96' title='bbox 2746 958 2810 1020; x_wconf 84' lang='grc' dir='ltr'>δὲ</span> <span class='ocrx_word' id='word_1_97' title='bbox 2839 961 3006 1020; x_wconf 78' lang='grc' dir='ltr'>τοῦτο</span> 
     </span>
     <span class='ocr_line' id='line_1_9' title="bbox 516 1057 2711 1143; baseline 0 -21"><span class='ocrx_word' id='word_1_98' title='bbox 516 1063 797 1143; x_wconf 85' lang='grc' dir='ltr'>συστῆσαι</span> <span class='ocrx_word' id='word_1_99' title='bbox 843 1060 939 1123; x_wconf 84' lang='grc' dir='ltr'>καὶ</span> <span class='ocrx_word' id='word_1_100' title='bbox 984 1060 1043 1121; x_wconf 86' lang='grc' dir='ltr'>αἱ</span> <span class='ocrx_word' id='word_1_101' title='bbox 1090 1059 1413 1142; x_wconf 85' lang='grc' dir='ltr'>ὁμωνυμίαι</span> <span class='ocrx_word' id='word_1_102' title='bbox 1455 1059 1553 1121; x_wconf 85' lang='grc' dir='ltr'>καὶ</span> <span class='ocrx_word' id='word_1_103' title='bbox 1596 1060 1655 1121; x_wconf 85' lang='grc' dir='ltr'>αἱ</span> <span class='ocrx_word' id='word_1_104' title='bbox 1700 1057 2098 1140; x_wconf 87' lang='grc' dir='ltr'>πολυωνυμίαι</span> <span class='ocrx_word' id='word_1_105' title='bbox 2143 1059 2236 1121; x_wconf 86' lang='grc' dir='ltr'>καὶ</span> <span class='ocrx_word' id='word_1_106' title='bbox 2285 1058 2711 1142; x_wconf 84' lang='grc' dir='ltr'>μετονομασίαι.</span> 
     </span>
    </p>
   </div>
   <div class='ocr_carea' id='block_1_3' title="bbox 510 1284 1587 1374">
    <p class='ocr_par' dir='ltr' id='par_1_4' title="bbox 510 1284 1587 1374">
     <span class='ocr_line' id='line_1_10' title="bbox 510 1284 1587 1374; baseline -0.003 -19"><span class='ocrx_word' id='word_1_107' title='bbox 510 1289 647 1355; x_wconf 86' lang='lat' dir='ltr'><strong>XII.</strong></span> <span class='ocrx_word' id='word_1_108' title='bbox 725 1284 865 1357; x_wconf 88' lang='grc' dir='ltr'>Ὅτι</span> <span class='ocrx_word' id='word_1_109' title='bbox 911 1292 1000 1374; x_wconf 89' lang='grc' dir='ltr'>μὴ</span> <span class='ocrx_word' id='word_1_110' title='bbox 1045 1289 1331 1372; x_wconf 82' lang='grc' dir='ltr'>ἄπειρον</span> <span class='ocrx_word' id='word_1_111' title='bbox 1377 1288 1449 1351; x_wconf 85' lang='grc' dir='ltr'>τὸ</span> <span class='ocrx_word' id='word_1_112' title='bbox 1497 1286 1587 1353; x_wconf 86' lang='grc' dir='ltr'>ὄν.</span> 
     </span>
    </p>
   </div>
   <div class='ocr_carea' id='block_1_4' title="bbox 372 1457 3104 4232">
    <p class='ocr_par' dir='ltr' id='par_1_5' title="bbox 372 1457 3104 4232">
     <span class='ocr_line' id='line_1_11' title="bbox 412 1457 3082 1545; baseline -0.003 -18"><span class='ocrx_word' id='word_1_113' title='bbox 412 1484 473 1531; x_wconf 90' lang='lat'>10</span> <span class='ocrx_word' id='word_1_114' title='bbox 664 1460 729 1527; x_wconf 85' lang='lat' dir='ltr'>‘O</span> <span class='ocrx_word' id='word_1_115' title='bbox 774 1462 943 1545; x_wconf 84' lang='grc' dir='ltr'>λόγος</span> <span class='ocrx_word' id='word_1_116' title='bbox 985 1460 1270 1525; x_wconf 81' lang='grc' dir='ltr'>δεικνύναι</span> <span class='ocrx_word' id='word_1_117' title='bbox 1299 1461 1490 1524; x_wconf 83' lang='grc' dir='ltr'>θέλων</span> <span class='ocrx_word' id='word_1_118' title='bbox 1521 1458 1757 1544; x_wconf 83' lang='grc' dir='ltr'>ἄπειρον</span> <span class='ocrx_word' id='word_1_119' title='bbox 1801 1462 1868 1523; x_wconf 86' lang='grc' dir='ltr'>τὸ</span> <span class='ocrx_word' id='word_1_120' title='bbox 1916 1458 1977 1523; x_wconf 85' lang='grc' dir='ltr'>ὃν</span> <span class='ocrx_word' id='word_1_121' title='bbox 2028 1457 2034 1545; x_wconf 85' lang='grc' dir='ltr'>Ι</span> <span class='ocrx_word' id='word_1_122' title='bbox 2084 1460 2178 1523; x_wconf 83' lang='grc' dir='ltr'>διὰ</span> <span class='ocrx_word' id='word_1_123' title='bbox 2209 1464 2310 1523; x_wconf 78' lang='grc' dir='ltr'>τοῦ</span> <span class='ocrx_word' id='word_1_124' title='bbox 2339 1460 2435 1521; x_wconf 84' lang='grc' dir='ltr'>τὸν</span> <span class='ocrx_word' id='word_1_125' title='bbox 2467 1460 2820 1523; x_wconf 82' lang='grc' dir='ltr'>ὑποτεθέντα</span> <span class='ocrx_word' id='word_1_126' title='bbox 2859 1459 3002 1523; x_wconf 83' lang='grc' dir='ltr'>εἶναι</span> <span class='ocrx_word' id='word_1_127' title='bbox 3027 1476 3082 1519; x_wconf 73' lang='lat'>2⁶</span> 
     </span>
     <span class='ocr_line' id='line_1_12' title="bbox 510 1562 3104 1651; baseline -0 -22"><span class='ocrx_word' id='word_1_128' title='bbox 510 1567 568 1629; x_wconf 89' lang='grc' dir='ltr'>ἐν</span> <span class='ocrx_word' id='word_1_129' title='bbox 614 1572 699 1651; x_wconf 82' lang='grc' dir='ltr'>τῷ</span> <span class='ocrx_word' id='word_1_130' title='bbox 740 1568 845 1629; x_wconf 78' lang='grc' dir='ltr'>τοῦ</span> <span class='ocrx_word' id='word_1_131' title='bbox 890 1564 1115 1646; x_wconf 82' lang='grc' dir='ltr'>κόσμου</span> <span class='ocrx_word' id='word_1_132' title='bbox 1174 1564 1375 1648; x_wconf 85' lang='grc' dir='ltr'>πέρατι</span> <span class='ocrx_word' id='word_1_133' title='bbox 1418 1563 1548 1645; x_wconf 83' lang='grc' dir='ltr'>ἤτοι</span> <span class='ocrx_word' id='word_1_134' title='bbox 1600 1562 1847 1626; x_wconf 86' lang='grc' dir='ltr'>ἐκτενεῖν</span> <span class='ocrx_word' id='word_1_135' title='bbox 1903 1564 2168 1627; x_wconf 81' lang='grc' dir='ltr'>ἐπέκεινα</span> <span class='ocrx_word' id='word_1_136' title='bbox 2213 1567 2314 1626; x_wconf 79' lang='grc' dir='ltr'>τοῦ</span> <span class='ocrx_word' id='word_1_137' title='bbox 2357 1562 2578 1647; x_wconf 78' lang='grc' dir='ltr'>κόσμου</span> <span class='ocrx_word' id='word_1_138' title='bbox 2623 1564 2728 1645; x_wconf 88' lang='grc' dir='ltr'>τὴν</span> <span class='ocrx_word' id='word_1_139' title='bbox 2772 1568 2961 1648; x_wconf 88' lang='grc' dir='ltr'>χεῖρα,</span> <span class='ocrx_word' id='word_1_140' title='bbox 3011 1572 3104 1628; x_wconf 73' lang='grc'>194</span> 
     </span>
     <span class='ocr_line' id='line_1_13' title="bbox 511 1665 2998 1754; baseline -0.001 -22"><span class='ocrx_word' id='word_1_141' title='bbox 511 1670 548 1753; x_wconf 83' lang='grc' dir='ltr'>ἢ</span> <span class='ocrx_word' id='word_1_142' title='bbox 594 1667 729 1754; x_wconf 79' lang='grc' dir='ltr'>(δι’)</span> <span class='ocrx_word' id='word_1_143' title='bbox 773 1668 939 1751; x_wconf 86' lang='grc' dir='ltr'>ὁτιδὴ</span> <span class='ocrx_word' id='word_1_144' title='bbox 997 1665 1485 1749; x_wconf 79' lang='grc' dir='ltr'>κωλυθήσεσθαι,</span> <span class='ocrx_word' id='word_1_145' title='bbox 1538 1666 1883 1751; x_wconf 81' lang='grc' dir='ltr'>ἀμφοτέρως</span> <span class='ocrx_word' id='word_1_146' title='bbox 1929 1668 1994 1731; x_wconf 88' lang='grc' dir='ltr'>δὲ</span> <span class='ocrx_word' id='word_1_147' title='bbox 2045 1665 2287 1731; x_wconf 87' lang='grc' dir='ltr'>ἔσεσθαί</span> <span class='ocrx_word' id='word_1_148' title='bbox 2327 1690 2379 1729; x_wconf 91' lang='grc' dir='ltr'>τι</span> <span class='ocrx_word' id='word_1_149' title='bbox 2425 1666 2589 1735; x_wconf 87' lang='grc' dir='ltr'>ἐκτὸς</span> <span class='ocrx_word' id='word_1_150' title='bbox 2632 1670 2734 1728; x_wconf 80' lang='grc' dir='ltr'>τοῦ</span> <span class='ocrx_word' id='word_1_151' title='bbox 2779 1666 2998 1750; x_wconf 89' lang='grc' dir='ltr'>κόσμου</span> 
     </span>
     <span class='ocr_line' id='line_1_14' title="bbox 512 1768 3079 1857; baseline -0.002 -21"><span class='ocrx_word' id='word_1_152' title='bbox 512 1773 579 1856; x_wconf 85' lang='grc' dir='ltr'>(ἢ</span> <span class='ocrx_word' id='word_1_153' title='bbox 624 1772 731 1857; x_wconf 83' lang='grc' dir='ltr'>γὰρ</span> <span class='ocrx_word' id='word_1_154' title='bbox 777 1774 843 1835; x_wconf 82' lang='grc' dir='ltr'>τὸ</span> <span class='ocrx_word' id='word_1_155' title='bbox 888 1775 1113 1835; x_wconf 80' lang='grc' dir='ltr'>κωλῦον</span> <span class='ocrx_word' id='word_1_156' title='bbox 1159 1771 1324 1839; x_wconf 89' lang='grc' dir='ltr'>ἐκτός</span> <span class='ocrx_word' id='word_1_157' title='bbox 1368 1770 1543 1847; x_wconf 89' lang='grc' dir='ltr'>ἐστιν,</span> <span class='ocrx_word' id='word_1_158' title='bbox 1588 1771 1625 1854; x_wconf 85' lang='grc' dir='ltr'><strong>ἢ</strong></span> <span class='ocrx_word' id='word_1_159' title='bbox 1673 1771 1732 1833; x_wconf 91' lang='grc' dir='ltr'>ἐν</span> <span class='ocrx_word' id='word_1_160' title='bbox 1779 1768 1829 1855; x_wconf 74' lang='grc' dir='ltr'><strong><em>ᾧ</em></strong></span> <span class='ocrx_word' id='word_1_161' title='bbox 1879 1768 2039 1833; x_wconf 86' lang='grc' dir='ltr'>ἔσται</span> <span class='ocrx_word' id='word_1_162' title='bbox 2084 1772 2150 1833; x_wconf 82' lang='grc' dir='ltr'>τὸ</span> <span class='ocrx_word' id='word_1_163' title='bbox 2195 1769 2638 1852; x_wconf 87' lang='grc' dir='ltr'>ἐκτεινόμενον),</span> <span class='ocrx_word' id='word_1_164' title='bbox 2685 1771 2787 1853; x_wconf 89' lang='grc' dir='ltr'>τὴν</span> <span class='ocrx_word' id='word_1_165' title='bbox 2835 1772 2998 1834; x_wconf 87' lang='grc' dir='ltr'>πιθα·</span> <span class='ocrx_word' id='word_1_166' title='bbox 3051 1789 3079 1831; x_wconf 76' lang='lat'><strong>5</strong></span> 
     </span>
     <span class='ocr_line' id='line_1_15' title="bbox 504 1873 2992 1961; baseline -0.001 -22"><span class='ocrx_word' id='word_1_167' title='bbox 504 1874 714 1961; x_wconf 88' lang='grc' dir='ltr'>νότητα</span> <span class='ocrx_word' id='word_1_168' title='bbox 759 1874 888 1960; x_wconf 85' lang='grc' dir='ltr'>ἔχει</span> <span class='ocrx_word' id='word_1_169' title='bbox 932 1874 1089 1959; x_wconf 86' lang='grc' dir='ltr'>παρὰ</span> <span class='ocrx_word' id='word_1_170' title='bbox 1140 1878 1245 1958; x_wconf 81' lang='grc' dir='ltr'>τῆς</span> <span class='ocrx_word' id='word_1_171' title='bbox 1287 1873 1599 1958; x_wconf 85' lang='grc' dir='ltr'>φαντασίας</span> <span class='ocrx_word' id='word_1_172' title='bbox 1650 1897 1714 1937; x_wconf 92' lang='grc' dir='ltr'>τε</span> <span class='ocrx_word' id='word_1_173' title='bbox 1767 1876 1864 1938; x_wconf 81' lang='grc' dir='ltr'>καὶ</span> <span class='ocrx_word' id='word_1_174' title='bbox 1919 1874 2281 1958; x_wconf 83' lang='grc' dir='ltr'>αἰσθήσεως,</span> <span class='ocrx_word' id='word_1_175' title='bbox 2343 1873 2540 1957; x_wconf 83' lang='grc' dir='ltr'>ὥσπερ</span> <span class='ocrx_word' id='word_1_176' title='bbox 2591 1874 2684 1936; x_wconf 90' lang='grc' dir='ltr'>καὶ</span> <span class='ocrx_word' id='word_1_177' title='bbox 2731 1875 2764 1936; x_wconf 85' lang='grc' dir='ltr'><strong>ὁ</strong></span> <span class='ocrx_word' id='word_1_178' title='bbox 2808 1874 2992 1957; x_wconf 87' lang='grc' dir='ltr'>λέγων</span> 
     </span>
     <span class='ocr_line' id='line_1_16' title="bbox 404 1976 2994 2064; baseline -0.001 -23"><span class='ocrx_word' id='word_1_179' title='bbox 404 2000 465 2047; x_wconf 82' lang='lat'>15</span> <span class='ocrx_word' id='word_1_180' title='bbox 502 1982 613 2041; x_wconf 84' lang='grc' dir='ltr'>πᾶν</span> <span class='ocrx_word' id='word_1_181' title='bbox 659 1980 723 2042; x_wconf 85' lang='grc' dir='ltr'>τὸ</span> <span class='ocrx_word' id='word_1_182' title='bbox 769 1977 1203 2064; x_wconf 83' lang='grc' dir='ltr'>πεπερασμένον</span> <span class='ocrx_word' id='word_1_183' title='bbox 1248 1977 1450 2061; x_wconf 81' lang='grc' dir='ltr'>πέρατι</span> <span class='ocrx_word' id='word_1_184' title='bbox 1494 1977 1808 2061; x_wconf 81' lang='grc' dir='ltr'>περαίνειν·</span> <span class='ocrx_word' id='word_1_185' title='bbox 1874 1977 2218 2062; x_wconf 82' lang='grc' dir='ltr'>ἀμφοτέρων</span> <span class='ocrx_word' id='word_1_186' title='bbox 2263 1976 2370 2061; x_wconf 83' lang='grc' dir='ltr'>γὰρ</span> <span class='ocrx_word' id='word_1_187' title='bbox 2420 1979 2459 2060; x_wconf 80' lang='grc' dir='ltr'>ἡ</span> <span class='ocrx_word' id='word_1_188' title='bbox 2507 1976 2823 2061; x_wconf 84' lang='grc' dir='ltr'>πιθανότης</span> <span class='ocrx_word' id='word_1_189' title='bbox 2878 1978 2994 2040; x_wconf 85' lang='grc' dir='ltr'>ἀπὸ</span> 
     </span>
     <span class='ocr_line' id='line_1_17' title="bbox 501 2080 3078 2168; baseline -0.002 -23"><span class='ocrx_word' id='word_1_190' title='bbox 501 2088 603 2166; x_wconf 85' lang='grc' dir='ltr'>τῆς</span> <span class='ocrx_word' id='word_1_191' title='bbox 648 2082 1003 2167; x_wconf 86' lang='grc' dir='ltr'>αἰσθήσεως.</span> <span class='ocrx_word' id='word_1_192' title='bbox 1090 2086 1177 2168; x_wconf 80' lang='grc' dir='ltr'>τῳ</span> <span class='ocrx_word' id='word_1_193' title='bbox 1222 2080 1331 2165; x_wconf 83' lang='grc' dir='ltr'>γὰρ</span> <span class='ocrx_word' id='word_1_194' title='bbox 1376 2083 1532 2166; x_wconf 78' lang='grc' dir='ltr'>ἡμᾶς</span> <span class='ocrx_word' id='word_1_195' title='bbox 1576 2080 1669 2144; x_wconf 82' lang='grc' dir='ltr'>διὰ</span> <span class='ocrx_word' id='word_1_196' title='bbox 1713 2082 1777 2144; x_wconf 87' lang='grc' dir='ltr'>τὸ</span> <span class='ocrx_word' id='word_1_197' title='bbox 1825 2083 2221 2165; x_wconf 84' lang='grc' dir='ltr'>ἀφαντάστους</span> <span class='ocrx_word' id='word_1_198' title='bbox 2263 2081 2408 2144; x_wconf 84' lang='grc' dir='ltr'>εἶναι</span> <span class='ocrx_word' id='word_1_199' title='bbox 2453 2084 2555 2143; x_wconf 80' lang='grc' dir='ltr'>τοῦ</span> <span class='ocrx_word' id='word_1_200' title='bbox 2605 2081 2994 2165; x_wconf 84' lang='grc' dir='ltr'>ἀντικειμένου</span> <span class='ocrx_word' id='word_1_201' title='bbox 3023 2099 3078 2140; x_wconf 84' lang='lat'>10</span> 
     </span>
     <span class='ocr_line' id='line_1_18' title="bbox 501 2182 2994 2271; baseline -0 -22"><span class='ocrx_word' id='word_1_202' title='bbox 501 2192 617 2256; x_wconf 92' lang='grc' dir='ltr'>τοῖς</span> <span class='ocrx_word' id='word_1_203' title='bbox 668 2186 1066 2271; x_wconf 87' lang='grc' dir='ltr'>ἐρωτωμένοις</span> <span class='ocrx_word' id='word_1_204' title='bbox 1120 2187 1297 2269; x_wconf 84' lang='grc' dir='ltr'>μηδὲν</span> <span class='ocrx_word' id='word_1_205' title='bbox 1344 2185 1537 2253; x_wconf 85' lang='grc' dir='ltr'>αὐτοῖς</span> <span class='ocrx_word' id='word_1_206' title='bbox 1591 2184 1651 2254; x_wconf 77' lang='grc' dir='ltr'>ἐξ</span> <span class='ocrx_word' id='word_1_207' title='bbox 1702 2186 2037 2269; x_wconf 86' lang='grc' dir='ltr'>αἰσθήσεως</span> <span class='ocrx_word' id='word_1_208' title='bbox 2093 2182 2252 2270; x_wconf 86' lang='grc' dir='ltr'>ἔχειν</span> <span class='ocrx_word' id='word_1_209' title='bbox 2309 2185 2720 2269; x_wconf 87' lang='grc' dir='ltr'>παρασχέσθαι</span> <span class='ocrx_word' id='word_1_210' title='bbox 2774 2186 2994 2255; x_wconf 82' lang='grc' dir='ltr'>τούτοις</span> 
     </span>
     <span class='ocr_line' id='line_1_19' title="bbox 498 2286 2991 2374; baseline -0.001 -22"><span class='ocrx_word' id='word_1_211' title='bbox 498 2288 1086 2374; x_wconf 87' lang='grc' dir='ltr'>ἀντιμαρτυρούμενον</span> <span class='ocrx_word' id='word_1_212' title='bbox 1130 2291 1169 2373; x_wconf 82' lang='grc' dir='ltr'>ἡ</span> <span class='ocrx_word' id='word_1_213' title='bbox 1226 2294 1310 2373; x_wconf 82' lang='grc' dir='ltr'>τῷ</span> <span class='ocrx_word' id='word_1_214' title='bbox 1363 2288 1520 2373; x_wconf 91' lang='grc' dir='ltr'>λόγῳ</span> <span class='ocrx_word' id='word_1_215' title='bbox 1566 2287 1903 2373; x_wconf 86' lang='grc' dir='ltr'>πιθανότης.</span> <span class='ocrx_word' id='word_1_216' title='bbox 1993 2286 2127 2351; x_wconf 81' lang='grc' dir='ltr'>οὔτε</span> <span class='ocrx_word' id='word_1_217' title='bbox 2169 2290 2278 2373; x_wconf 89' lang='grc' dir='ltr'>γάρ</span> <span class='ocrx_word' id='word_1_218' title='bbox 2323 2312 2427 2351; x_wconf 93' lang='grc' dir='ltr'>τινι</span> <span class='ocrx_word' id='word_1_219' title='bbox 2475 2291 2991 2372; x_wconf 85' lang='grc' dir='ltr'>περιπεπτώκαμεν</span> 
     </span>
     <span class='ocr_line' id='line_1_20' title="bbox 460 2392 3075 2478; baseline -0.002 -23"><span class='ocrx_word' id='word_1_220' title='bbox 460 2394 737 2478; x_wconf 87' lang='grc' dir='ltr'>-τοιούτῳ</span> <span class='ocrx_word' id='word_1_221' title='bbox 782 2393 1227 2478; x_wconf 81' lang='grc' dir='ltr'>πεπερασμένῳ,</span> <span class='ocrx_word' id='word_1_222' title='bbox 1273 2392 1341 2456; x_wconf 80' lang='grc' dir='ltr'>οὔ</span> <span class='ocrx_word' id='word_1_223' title='bbox 1389 2392 1571 2476; x_wconf 87' lang='grc' dir='ltr'>μηδέν</span> <span class='ocrx_word' id='word_1_224' title='bbox 1618 2393 1770 2455; x_wconf 87' lang='grc' dir='ltr'>ἐστιν</span> <span class='ocrx_word' id='word_1_225' title='bbox 1802 2392 2067 2455; x_wconf 87' lang='grc' dir='ltr'>ἐπέκεινα</span> <span class='ocrx_word' id='word_1_226' title='bbox 2103 2392 2369 2475; x_wconf 83' lang='grc' dir='ltr'>(τοιαῦτα</span> <span class='ocrx_word' id='word_1_227' title='bbox 2411 2392 2518 2475; x_wconf 84' lang='grc' dir='ltr'>γὰρ</span> <span class='ocrx_word' id='word_1_228' title='bbox 2565 2393 2750 2455; x_wconf 89' lang='grc' dir='ltr'>πάντα</span> <span class='ocrx_word' id='word_1_229' title='bbox 2796 2393 2866 2454; x_wconf 82' lang='grc' dir='ltr'>τὰ</span> <span class='ocrx_word' id='word_1_230' title='bbox 2910 2398 2992 2463; x_wconf 82' lang='grc' dir='ltr'>ὡς</span> <span class='ocrx_word' id='word_1_231' title='bbox 3022 2408 3075 2450; x_wconf 79' lang='lat'>15</span> 
     </span>
     <span class='ocr_line' id='line_1_21' title="bbox 390 2493 2985 2582; baseline -0.002 -19"><span class='ocrx_word' id='word_1_232' title='bbox 390 2516 459 2563; x_wconf 80' lang='lat'>20</span> <span class='ocrx_word' id='word_1_233' title='bbox 498 2498 642 2582; x_wconf 88' lang='grc' dir='ltr'>μέρη</span> <span class='ocrx_word' id='word_1_234' title='bbox 688 2498 1117 2581; x_wconf 88' lang='grc' dir='ltr'>πεπερασμένα,</span> <span class='ocrx_word' id='word_1_235' title='bbox 1164 2498 1246 2560; x_wconf 82' lang='grc' dir='ltr'>ὧν</span> <span class='ocrx_word' id='word_1_236' title='bbox 1292 2498 1468 2580; x_wconf 88' lang='grc' dir='ltr'>ἐσμεν</span> <span class='ocrx_word' id='word_1_237' title='bbox 1514 2494 1924 2577; x_wconf 78' lang='grc' dir='ltr'>αἰσθανόμενοι</span> <span class='ocrx_word' id='word_1_238' title='bbox 1972 2494 2224 2579; x_wconf 89' lang='grc' dir='ltr'>μόνων),</span> <span class='ocrx_word' id='word_1_239' title='bbox 2279 2493 2412 2559; x_wconf 78' lang='grc' dir='ltr'>οὔτε</span> <span class='ocrx_word' id='word_1_240' title='bbox 2457 2498 2802 2580; x_wconf 89' lang='grc' dir='ltr'>προσπίπτει</span> <span class='ocrx_word' id='word_1_241' title='bbox 2845 2497 2985 2580; x_wconf 78' lang='grc' dir='ltr'>ἡμῖν</span> 
     </span>
     <span class='ocr_line' id='line_1_22' title="bbox 496 2598 2986 2685; baseline 0 -23"><span class='ocrx_word' id='word_1_242' title='bbox 496 2605 770 2676; x_wconf 81' lang='grc' dir='ltr'>τοιοῦτον,</span> <span class='ocrx_word' id='word_1_243' title='bbox 825 2600 893 2664; x_wconf 85' lang='grc' dir='ltr'>οὖ</span> <span class='ocrx_word' id='word_1_244' title='bbox 941 2600 1091 2683; x_wconf 87' lang='grc' dir='ltr'>μηδὲ</span> <span class='ocrx_word' id='word_1_245' title='bbox 1138 2601 1303 2668; x_wconf 86' lang='grc' dir='ltr'>ἐκτὸς</span> <span class='ocrx_word' id='word_1_246' title='bbox 1357 2598 1500 2663; x_wconf 87' lang='grc' dir='ltr'>εἶναι</span> <span class='ocrx_word' id='word_1_247' title='bbox 1557 2600 1894 2682; x_wconf 87' lang='grc' dir='ltr'>δυνήσεται·</span> <span class='ocrx_word' id='word_1_248' title='bbox 1961 2600 2228 2662; x_wconf 86' lang='grc' dir='ltr'>ἁπάντων</span> <span class='ocrx_word' id='word_1_249' title='bbox 2281 2600 2390 2685; x_wconf 85' lang='grc' dir='ltr'>γὰρ</span> <span class='ocrx_word' id='word_1_250' title='bbox 2443 2600 2524 2662; x_wconf 83' lang='grc' dir='ltr'>ὧν</span> <span class='ocrx_word' id='word_1_251' title='bbox 2581 2598 2986 2680; x_wconf 87' lang='grc' dir='ltr'>αἰσθανόμεθα</span> 
     </span>
     <span class='ocr_line' id='line_1_23' title="bbox 496 2702 2990 2787; baseline -0 -21"><span class='ocrx_word' id='word_1_252' title='bbox 496 2703 658 2773; x_wconf 88' lang='grc' dir='ltr'>ἐκτός</span> <span class='ocrx_word' id='word_1_253' title='bbox 686 2728 741 2767; x_wconf 92' lang='grc' dir='ltr'>τι</span> <span class='ocrx_word' id='word_1_254' title='bbox 772 2702 853 2767; x_wconf 81' lang='grc' dir='ltr'>ὄν.</span> <span class='ocrx_word' id='word_1_255' title='bbox 923 2705 1010 2767; x_wconf 85' lang='grc' dir='ltr'>διὸ</span> <span class='ocrx_word' id='word_1_256' title='bbox 1055 2704 1145 2767; x_wconf 85' lang='grc' dir='ltr'>δεῖ</span> <span class='ocrx_word' id='word_1_257' title='bbox 1171 2704 1305 2771; x_wconf 77' lang='grc' dir='ltr'>τοὺς</span> <span class='ocrx_word' id='word_1_258' title='bbox 1335 2702 1736 2785; x_wconf 85' lang='grc' dir='ltr'>ἐνισταμένους</span> <span class='ocrx_word' id='word_1_259' title='bbox 1764 2705 1886 2771; x_wconf 90' lang='grc' dir='ltr'>τοῖς</span> <span class='ocrx_word' id='word_1_260' title='bbox 1915 2702 2187 2771; x_wconf 80' lang='grc' dir='ltr'>τοιούτοις</span> <span class='ocrx_word' id='word_1_261' title='bbox 2218 2707 2332 2767; x_wconf 89' lang='grc' dir='ltr'>τῶν</span> <span class='ocrx_word' id='word_1_262' title='bbox 2363 2702 2549 2785; x_wconf 88' lang='grc' dir='ltr'>λόγων</span> <span class='ocrx_word' id='word_1_263' title='bbox 2583 2702 2679 2787; x_wconf 82' lang='grc' dir='ltr'>[ἢ]</span> <span class='ocrx_word' id='word_1_264' title='bbox 2715 2704 2794 2787; x_wconf 89' lang='grc' dir='ltr'>μὴ</span> <span class='ocrx_word' id='word_1_265' title='bbox 2829 2703 2990 2787; x_wconf 84' lang='grc' dir='ltr'>παρὰ</span> 
     </span>
     <span class='ocr_line' id='line_1_24' title="bbox 492 2805 3067 2892; baseline -0.002 -23"><span class='ocrx_word' id='word_1_266' title='bbox 492 2812 605 2869; x_wconf 90' lang='grc' dir='ltr'>τῶν</span> <span class='ocrx_word' id='word_1_267' title='bbox 650 2808 984 2891; x_wconf 85' lang='grc' dir='ltr'>αἰσθήσεων</span> <span class='ocrx_word' id='word_1_268' title='bbox 1030 2807 1340 2892; x_wconf 83' lang='grc' dir='ltr'>πειρᾶσθαι</span> <span class='ocrx_word' id='word_1_269' title='bbox 1386 2807 1489 2889; x_wconf 91' lang='grc' dir='ltr'>τὴν</span> <span class='ocrx_word' id='word_1_270' title='bbox 1536 2806 1848 2889; x_wconf 89' lang='grc' dir='ltr'>μαρτυρίαν</span> <span class='ocrx_word' id='word_1_271' title='bbox 1893 2806 2120 2890; x_wconf 90' lang='grc' dir='ltr'>φέρειν,</span> <span class='ocrx_word' id='word_1_272' title='bbox 2166 2807 2247 2868; x_wconf 83' lang='grc' dir='ltr'>ὧν</span> <span class='ocrx_word' id='word_1_273' title='bbox 2295 2805 2459 2875; x_wconf 86' lang='grc' dir='ltr'>ἐκτός</span> <span class='ocrx_word' id='word_1_274' title='bbox 2502 2806 2624 2869; x_wconf 88' lang='grc' dir='ltr'>ἐστι</span> <span class='ocrx_word' id='word_1_275' title='bbox 2667 2806 2738 2868; x_wconf 83' lang='grc' dir='ltr'>τὰ</span> <span class='ocrx_word' id='word_1_276' title='bbox 2784 2806 2979 2889; x_wconf 85' lang='grc' dir='ltr'>ζητού·</span> <span class='ocrx_word' id='word_1_277' title='bbox 3011 2822 3067 2863; x_wconf 74' lang='lat'>2⁰</span> 
     </span>
     <span class='ocr_line' id='line_1_25' title="bbox 494 2909 2980 2995; baseline -0.001 -22"><span class='ocrx_word' id='word_1_278' title='bbox 494 2934 655 2992; x_wconf 89' lang='grc' dir='ltr'>μενα,</span> <span class='ocrx_word' id='word_1_279' title='bbox 700 2909 820 2975; x_wconf 84' lang='grc' dir='ltr'>ἀλλ’</span> <span class='ocrx_word' id='word_1_280' title='bbox 862 2911 977 2973; x_wconf 79' lang='grc' dir='ltr'>ἀπὸ</span> <span class='ocrx_word' id='word_1_281' title='bbox 1024 2916 1128 2994; x_wconf 81' lang='grc' dir='ltr'>τῆς</span> <span class='ocrx_word' id='word_1_282' title='bbox 1158 2910 1355 2979; x_wconf 83' lang='grc' dir='ltr'>οὐσίας</span> <span class='ocrx_word' id='word_1_283' title='bbox 1398 2914 1513 2973; x_wconf 87' lang='grc' dir='ltr'>τῶν</span> <span class='ocrx_word' id='word_1_284' title='bbox 1554 2912 1910 2994; x_wconf 77' lang='grc' dir='ltr'>πραγμάτων</span> <span class='ocrx_word' id='word_1_285' title='bbox 1955 2910 2265 2994; x_wconf 80' lang='grc' dir='ltr'>πειρᾶσθαι</span> <span class='ocrx_word' id='word_1_286' title='bbox 2309 2910 2504 2995; x_wconf 88' lang='grc' dir='ltr'>φέρειν</span> <span class='ocrx_word' id='word_1_287' title='bbox 2537 2909 2637 2978; x_wconf 83' lang='grc' dir='ltr'>τὰς</span> <span class='ocrx_word' id='word_1_288' title='bbox 2669 2910 2980 2984; x_wconf 88' lang='grc' dir='ltr'>ἐνστάσεις,</span> 
     </span>
     <span class='ocr_line' id='line_1_26' title="bbox 387 3010 3085 3099; baseline -0 -21"><span class='ocrx_word' id='word_1_289' title='bbox 387 3033 452 3081; x_wconf 79' lang='lat'>25</span> <span class='ocrx_word' id='word_1_290' title='bbox 490 3014 916 3099; x_wconf 88' lang='grc' dir='ltr'>προσλαβόντας</span> <span class='ocrx_word' id='word_1_291' title='bbox 960 3013 1020 3076; x_wconf 92' lang='grc' dir='ltr'>ἐν</span> <span class='ocrx_word' id='word_1_292' title='bbox 1051 3013 1247 3082; x_wconf 86' lang='grc' dir='ltr'>αὑτοῖς</span> <span class='ocrx_word' id='word_1_293' title='bbox 1275 3013 1510 3097; x_wconf 86' lang='grc' dir='ltr'>ἐναργὲς</span> <span class='ocrx_word' id='word_1_294' title='bbox 1555 3012 1617 3075; x_wconf 83' lang='grc' dir='ltr'>ὃν</span> <span class='ocrx_word' id='word_1_295' title='bbox 1653 3014 1718 3076; x_wconf 83' lang='grc' dir='ltr'>τὸ</span> <span class='ocrx_word' id='word_1_296' title='bbox 1768 3010 1774 3097; x_wconf 63' lang='lat' dir='ltr'>l</span> <span class='ocrx_word' id='word_1_297' title='bbox 1825 3014 1906 3096; x_wconf 87' lang='grc' dir='ltr'>μὴ</span> <span class='ocrx_word' id='word_1_298' title='bbox 1940 3012 2220 3076; x_wconf 87' lang='grc' dir='ltr'>δύνασθαι</span> <span class='ocrx_word' id='word_1_299' title='bbox 2265 3014 2450 3075; x_wconf 88' lang='grc' dir='ltr'>πάντα</span> <span class='ocrx_word' id='word_1_300' title='bbox 2495 3012 2565 3075; x_wconf 83' lang='grc' dir='ltr'>τὰ</span> <span class='ocrx_word' id='word_1_301' title='bbox 2595 3012 2740 3076; x_wconf 82' lang='grc' dir='ltr'>αὐτὰ</span> <span class='ocrx_word' id='word_1_302' title='bbox 2772 3012 2944 3097; x_wconf 80' lang='grc' dir='ltr'>ὑπάρ-</span> <span class='ocrx_word' id='word_1_303' title='bbox 2991 3019 3085 3077; x_wconf 84' lang='grc'>195</span> 
     </span>
     <span class='ocr_line' id='line_1_27' title="bbox 489 3115 2980 3202; baseline -0.001 -23"><span class='ocrx_word' id='word_1_304' title='bbox 489 3140 613 3202; x_wconf 89' lang='grc' dir='ltr'>χειν</span> <span class='ocrx_word' id='word_1_305' title='bbox 659 3121 746 3201; x_wconf 76' lang='grc' dir='ltr'>τῷ</span> <span class='ocrx_word' id='word_1_306' title='bbox 793 3140 853 3179; x_wconf 92' lang='grc' dir='ltr'>τε</span> <span class='ocrx_word' id='word_1_307' title='bbox 900 3116 1085 3202; x_wconf 84' lang='grc' dir='ltr'>μορίῳ</span> <span class='ocrx_word' id='word_1_308' title='bbox 1130 3117 1226 3180; x_wconf 85' lang='grc' dir='ltr'>καὶ</span> <span class='ocrx_word' id='word_1_309' title='bbox 1275 3121 1359 3200; x_wconf 81' lang='grc' dir='ltr'>τῷ</span> <span class='ocrx_word' id='word_1_310' title='bbox 1402 3116 1545 3200; x_wconf 84' lang='grc' dir='ltr'>ὅλῳ,</span> <span class='ocrx_word' id='word_1_311' title='bbox 1591 3118 1685 3180; x_wconf 89' lang='grc' dir='ltr'>καὶ</span> <span class='ocrx_word' id='word_1_312' title='bbox 1734 3120 1820 3202; x_wconf 75' lang='grc' dir='ltr'>τῷ</span> <span class='ocrx_word' id='word_1_313' title='bbox 1852 3118 2020 3179; x_wconf 85' lang='grc' dir='ltr'>παντὶ</span> <span class='ocrx_word' id='word_1_314' title='bbox 2065 3117 2161 3179; x_wconf 81' lang='grc' dir='ltr'>καὶ</span> <span class='ocrx_word' id='word_1_315' title='bbox 2207 3116 2436 3199; x_wconf 84' lang='grc' dir='ltr'>ἑκάστῳ</span> <span class='ocrx_word' id='word_1_316' title='bbox 2483 3120 2598 3178; x_wconf 93' lang='grc' dir='ltr'>τῶν</span> <span class='ocrx_word' id='word_1_317' title='bbox 2645 3119 2838 3199; x_wconf 86' lang='grc' dir='ltr'>μερῶν</span> <span class='ocrx_word' id='word_1_318' title='bbox 2883 3115 2980 3177; x_wconf 79' lang='grc' dir='ltr'>αὐ·</span> 
     </span>
     <span class='ocr_line' id='line_1_28' title="bbox 487 3219 2976 3304; baseline 0 -23"><span class='ocrx_word' id='word_1_319' title='bbox 487 3224 607 3283; x_wconf 86' lang='grc' dir='ltr'>τοῦ.</span> <span class='ocrx_word' id='word_1_320' title='bbox 697 3221 785 3283; x_wconf 84' lang='grc' dir='ltr'>διὸ</span> <span class='ocrx_word' id='word_1_321' title='bbox 833 3220 981 3304; x_wconf 85' lang='grc' dir='ltr'>μηδὲ</span> <span class='ocrx_word' id='word_1_322' title='bbox 1027 3220 1145 3283; x_wconf 84' lang='grc' dir='ltr'>δεῖν</span> <span class='ocrx_word' id='word_1_323' title='bbox 1198 3222 1390 3303; x_wconf 77' lang='grc' dir='ltr'>ζητεῖν</span> <span class='ocrx_word' id='word_1_324' title='bbox 1448 3220 1547 3288; x_wconf 83' lang='grc' dir='ltr'>τὰς</span> <span class='ocrx_word' id='word_1_325' title='bbox 1598 3220 1715 3283; x_wconf 85' lang='grc' dir='ltr'>ἀπὸ</span> <span class='ocrx_word' id='word_1_326' title='bbox 1773 3224 1888 3283; x_wconf 89' lang='grc' dir='ltr'>τῶν</span> <span class='ocrx_word' id='word_1_327' title='bbox 1934 3219 2268 3304; x_wconf 85' lang='grc' dir='ltr'>αἰσθήσεων</span> <span class='ocrx_word' id='word_1_328' title='bbox 2326 3220 2634 3303; x_wconf 88' lang='grc' dir='ltr'>μαρτυρίας</span> <span class='ocrx_word' id='word_1_329' title='bbox 2687 3220 2817 3302; x_wconf 85' lang='grc' dir='ltr'>περὶ</span> <span class='ocrx_word' id='word_1_330' title='bbox 2862 3223 2976 3281; x_wconf 90' lang='grc' dir='ltr'>τῶν</span> 
     </span>
     <span class='ocr_line' id='line_1_29' title="bbox 488 3321 3059 3407; baseline -0.002 -22"><span class='ocrx_word' id='word_1_331' title='bbox 488 3326 713 3406; x_wconf 84' lang='grc' dir='ltr'>μερῶν,</span> <span class='ocrx_word' id='word_1_332' title='bbox 768 3323 857 3391; x_wconf 87' lang='grc' dir='ltr'>οἷς</span> <span class='ocrx_word' id='word_1_333' title='bbox 896 3324 1006 3386; x_wconf 86' lang='grc' dir='ltr'>εἰσι</span> <span class='ocrx_word' id='word_1_334' title='bbox 1050 3322 1385 3407; x_wconf 90' lang='grc' dir='ltr'>σύντροφοι,</span> <span class='ocrx_word' id='word_1_335' title='bbox 1443 3322 1779 3406; x_wconf 89' lang='grc' dir='ltr'>μεταφέρειν</span> <span class='ocrx_word' id='word_1_336' title='bbox 1825 3321 1922 3385; x_wconf 85' lang='grc' dir='ltr'>ἐπὶ</span> <span class='ocrx_word' id='word_1_337' title='bbox 1965 3324 2031 3385; x_wconf 81' lang='grc' dir='ltr'>τὸ</span> <span class='ocrx_word' id='word_1_338' title='bbox 2077 3327 2218 3399; x_wconf 81' lang='grc' dir='ltr'>πᾶν,</span> <span class='ocrx_word' id='word_1_339' title='bbox 2265 3322 2297 3385; x_wconf 92' lang='grc' dir='ltr'>ὃ</span> <span class='ocrx_word' id='word_1_340' title='bbox 2343 3323 2534 3405; x_wconf 89' lang='grc' dir='ltr'>πάσης</span> <span class='ocrx_word' id='word_1_341' title='bbox 2581 3321 2643 3385; x_wconf 83' lang='grc' dir='ltr'>ὃν</span> <span class='ocrx_word' id='word_1_342' title='bbox 2689 3322 2855 3389; x_wconf 86' lang='grc' dir='ltr'>ἐκτὸς</span> <span class='ocrx_word' id='word_1_343' title='bbox 2898 3322 2980 3383; x_wconf 81' lang='grc' dir='ltr'>αἰ·</span> <span class='ocrx_word' id='word_1_344' title='bbox 3032 3338 3059 3379; x_wconf 73' lang='grc' dir='ltr'><strong>ὅ</strong></span> 
     </span>
     <span class='ocr_line' id='line_1_30' title="bbox 487 3423 2977 3511; baseline -0 -23"><span class='ocrx_word' id='word_1_345' title='bbox 487 3425 761 3509; x_wconf 84' lang='grc' dir='ltr'>σθήσεως</span> <span class='ocrx_word' id='word_1_346' title='bbox 821 3426 965 3511; x_wconf 87' lang='grc' dir='ltr'>πρὸς</span> <span class='ocrx_word' id='word_1_347' title='bbox 1024 3430 1111 3511; x_wconf 72' lang='grc' dir='ltr'>τῷ</span> <span class='ocrx_word' id='word_1_348' title='bbox 1176 3426 1288 3489; x_wconf 84' lang='grc' dir='ltr'>ὑπὸ</span> <span class='ocrx_word' id='word_1_349' title='bbox 1353 3427 1639 3509; x_wconf 83' lang='grc' dir='ltr'>μηδεμιᾶς</span> <span class='ocrx_word' id='word_1_350' title='bbox 1698 3426 2012 3510; x_wconf 89' lang='grc' dir='ltr'>φαντασίας</span> <span class='ocrx_word' id='word_1_351' title='bbox 2072 3425 2418 3510; x_wconf 80' lang='grc' dir='ltr'>αἰσθητικῆς</span> <span class='ocrx_word' id='word_1_352' title='bbox 2471 3423 2818 3509; x_wconf 84' lang='grc' dir='ltr'>βοηθεῖσθαι</span> <span class='ocrx_word' id='word_1_353' title='bbox 2881 3426 2977 3487; x_wconf 86' lang='grc' dir='ltr'>καὶ</span> 
     </span>
     <span class='ocr_line' id='line_1_31' title="bbox 379 3522 2974 3613; baseline -0.001 -22"><span class='ocrx_word' id='word_1_354' title='bbox 379 3548 447 3597; x_wconf 87' lang='grc' dir='ltr'>3ο</span> <span class='ocrx_word' id='word_1_355' title='bbox 486 3532 725 3598; x_wconf 86' lang='grc' dir='ltr'>πολλαῖς</span> <span class='ocrx_word' id='word_1_356' title='bbox 769 3529 961 3593; x_wconf 81' lang='grc' dir='ltr'>αὐτῶν</span> <span class='ocrx_word' id='word_1_357' title='bbox 1005 3530 1373 3592; x_wconf 80' lang='grc' dir='ltr'>ἐναντιοῦται.</span> <span class='ocrx_word' id='word_1_358' title='bbox 1462 3528 1597 3591; x_wconf 85' lang='grc' dir='ltr'>οὐδὲ</span> <span class='ocrx_word' id='word_1_359' title='bbox 1640 3530 1748 3613; x_wconf 81' lang='grc' dir='ltr'>γὰρ</span> <span class='ocrx_word' id='word_1_360' title='bbox 1796 3527 1863 3591; x_wconf 77' lang='grc' dir='ltr'>ἂν</span> <span class='ocrx_word' id='word_1_361' title='bbox 1909 3527 2168 3613; x_wconf 89' lang='grc' dir='ltr'>διέφερέν</span> <span class='ocrx_word' id='word_1_362' title='bbox 2222 3552 2275 3591; x_wconf 92' lang='grc' dir='ltr'>τι</span> <span class='ocrx_word' id='word_1_363' title='bbox 2319 3529 2396 3591; x_wconf 83' lang='grc' dir='ltr'>τὸ,</span> <span class='ocrx_word' id='word_1_364' title='bbox 2429 3532 2540 3589; x_wconf 85' lang='grc' dir='ltr'>πᾶν</span> <span class='ocrx_word' id='word_1_365' title='bbox 2593 3531 2696 3590; x_wconf 77' lang='grc' dir='ltr'>τοῦ</span> <span class='ocrx_word' id='word_1_366' title='bbox 2743 3522 2974 3611; x_wconf 79' lang='grc' dir='ltr'>μέρους,</span> 
     </span>
     <span class='ocr_line' id='line_1_32' title="bbox 481 3629 3056 3716; baseline -0.002 -21"><span class='ocrx_word' id='word_1_367' title='bbox 481 3632 533 3695; x_wconf 85' lang='grc' dir='ltr'>εἰ</span> <span class='ocrx_word' id='word_1_368' title='bbox 584 3630 655 3716; x_wconf 81' lang='grc' dir='ltr'>ἦν</span> <span class='ocrx_word' id='word_1_369' title='bbox 712 3631 948 3713; x_wconf 86' lang='grc' dir='ltr'>ὁμοίως,</span> <span class='ocrx_word' id='word_1_370' title='bbox 994 3632 1191 3715; x_wconf 84' lang='grc' dir='ltr'>ὥσπερ</span> <span class='ocrx_word' id='word_1_371' title='bbox 1238 3632 1483 3694; x_wconf 84' lang='grc' dir='ltr'>ἑκάστου</span> <span class='ocrx_word' id='word_1_372' title='bbox 1530 3630 1720 3693; x_wconf 84' lang='grc' dir='ltr'>αὐτῶν</span> <span class='ocrx_word' id='word_1_373' title='bbox 1766 3629 1930 3699; x_wconf 89' lang='grc' dir='ltr'>ἐκτός</span> <span class='ocrx_word' id='word_1_374' title='bbox 1972 3654 2054 3707; x_wconf 89' lang='grc' dir='ltr'>τι,</span> <span class='ocrx_word' id='word_1_375' title='bbox 2119 3631 2270 3694; x_wconf 75' lang='grc' dir='ltr'>οὕτω</span> <span class='ocrx_word' id='word_1_376' title='bbox 2317 3632 2390 3714; x_wconf 89' lang='grc' dir='ltr'>δὴ</span> <span class='ocrx_word' id='word_1_377' title='bbox 2435 3632 2718 3695; x_wconf 88' lang='grc' dir='ltr'>κάκείνου.</span> <span class='ocrx_word' id='word_1_378' title='bbox 2766 3657 2806 3695; x_wconf 59' lang='grc' dir='ltr'>ει</span> <span class='ocrx_word' id='word_1_379' title='bbox 2850 3656 2890 3696; x_wconf 64' lang='grc' dir='ltr'>ιιι</span> <span class='ocrx_word' id='word_1_380' title='bbox 2935 3650 2974 3689; x_wconf 58' lang='grc' dir='ltr'>π</span> <span class='ocrx_word' id='word_1_381' title='bbox 3002 3648 3056 3690; x_wconf 86' lang='grc' dir='ltr'>ιο</span> 
     </span>
     <span class='ocr_line' id='line_1_33' title="bbox 486 3732 2958 3818; baseline 0 -21"><span class='ocrx_word' id='word_1_382' title='bbox 486 3736 639 3800; x_wconf 83' lang='grc' dir='ltr'>ὥστε</span> <span class='ocrx_word' id='word_1_383' title='bbox 684 3735 832 3799; x_wconf 84' lang='grc' dir='ltr'>κατὰ</span> <span class='ocrx_word' id='word_1_384' title='bbox 877 3735 980 3816; x_wconf 86' lang='grc' dir='ltr'>μὲν</span> <span class='ocrx_word' id='word_1_385' title='bbox 1025 3735 1121 3797; x_wconf 86' lang='grc' dir='ltr'>τὸν</span> <span class='ocrx_word' id='word_1_386' title='bbox 1168 3732 1337 3816; x_wconf 90' lang='grc' dir='ltr'>λόγον</span> <span class='ocrx_word' id='word_1_387' title='bbox 1369 3732 1519 3796; x_wconf 79' lang='grc' dir='ltr'>εἶναί</span> <span class='ocrx_word' id='word_1_388' title='bbox 1558 3757 1611 3796; x_wconf 93' lang='grc' dir='ltr'>τι</span> <span class='ocrx_word' id='word_1_389' title='bbox 1653 3734 1749 3796; x_wconf 84' lang='grc' dir='ltr'>καὶ</span> <span class='ocrx_word' id='word_1_390' title='bbox 1794 3738 1907 3795; x_wconf 81' lang='grc' dir='ltr'>πᾶν</span> <span class='ocrx_word' id='word_1_391' title='bbox 1954 3732 2020 3797; x_wconf 78' lang='grc' dir='ltr'>οὔ</span> <span class='ocrx_word' id='word_1_392' title='bbox 2067 3736 2251 3797; x_wconf 87' lang='grc' dir='ltr'>πάντα</span> <span class='ocrx_word' id='word_1_393' title='bbox 2296 3734 2366 3797; x_wconf 80' lang='grc' dir='ltr'>τὰ</span> <span class='ocrx_word' id='word_1_394' title='bbox 2411 3733 2560 3797; x_wconf 86' lang='grc' dir='ltr'>ἄλλα</span> <span class='ocrx_word' id='word_1_395' title='bbox 2607 3733 2774 3817; x_wconf 89' lang='grc' dir='ltr'>μέρη,</span> <span class='ocrx_word' id='word_1_396' title='bbox 2819 3736 2856 3818; x_wconf 82' lang='grc' dir='ltr'>ἡ</span> <span class='ocrx_word' id='word_1_397' title='bbox 2904 3734 2958 3798; x_wconf 81' lang='grc' dir='ltr'>δ’</span> 
     </span>
     <span class='ocr_line' id='line_1_34' title="bbox 482 3835 2970 3923; baseline 0 -22"><span class='ocrx_word' id='word_1_398' title='bbox 482 3838 752 3923; x_wconf 78' lang='grc' dir='ltr'>αἴσθησις</span> <span class='ocrx_word' id='word_1_399' title='bbox 795 3836 1027 3906; x_wconf 82' lang='grc' dir='ltr'>οὐδενός</span> <span class='ocrx_word' id='word_1_400' title='bbox 1071 3838 1225 3901; x_wconf 90' lang='grc' dir='ltr'>ἐστιν</span> <span class='ocrx_word' id='word_1_401' title='bbox 1271 3837 1643 3921; x_wconf 85' lang='grc' dir='ltr'>ἀντιληπτικὴ</span> <span class='ocrx_word' id='word_1_402' title='bbox 1683 3838 1960 3913; x_wconf 86' lang='grc' dir='ltr'>τοιούτου,</span> <span class='ocrx_word' id='word_1_403' title='bbox 2009 3838 2074 3900; x_wconf 83' lang='grc' dir='ltr'>οὐ</span> <span class='ocrx_word' id='word_1_404' title='bbox 2121 3837 2214 3901; x_wconf 83' lang='grc' dir='ltr'>διὰ</span> <span class='ocrx_word' id='word_1_405' title='bbox 2259 3838 2361 3920; x_wconf 86' lang='grc' dir='ltr'>τὴν</span> <span class='ocrx_word' id='word_1_406' title='bbox 2406 3835 2677 3921; x_wconf 82' lang='grc' dir='ltr'>αἴσθησιν</span> <span class='ocrx_word' id='word_1_407' title='bbox 2725 3840 2970 3901; x_wconf 89' lang='grc' dir='ltr'>ἀποστα-</span> 
     </span>
     <span class='ocr_line' id='line_1_35' title="bbox 478 3940 3052 4025; baseline 0 -22"><span class='ocrx_word' id='word_1_408' title='bbox 478 3941 605 4004; x_wconf 88' lang='grc' dir='ltr'>τέον</span> <span class='ocrx_word' id='word_1_409' title='bbox 650 3944 765 4004; x_wconf 90' lang='grc' dir='ltr'>τῶν</span> <span class='ocrx_word' id='word_1_410' title='bbox 813 3942 922 4004; x_wconf 81' lang='grc' dir='ltr'>ὑπὸ</span> <span class='ocrx_word' id='word_1_411' title='bbox 968 3945 1070 4004; x_wconf 80' lang='grc' dir='ltr'>τοῦ</span> <span class='ocrx_word' id='word_1_412' title='bbox 1116 3940 1287 4022; x_wconf 88' lang='grc' dir='ltr'>λόγου</span> <span class='ocrx_word' id='word_1_413' title='bbox 1342 3940 1677 4023; x_wconf 89' lang='grc' dir='ltr'>τιθεμένων.</span> <span class='ocrx_word' id='word_1_414' title='bbox 1768 3941 1906 4004; x_wconf 78' lang='grc' dir='ltr'>οὐδὲ</span> <span class='ocrx_word' id='word_1_415' title='bbox 1947 3941 2056 4025; x_wconf 81' lang='grc' dir='ltr'>γὰρ</span> <span class='ocrx_word' id='word_1_416' title='bbox 2102 3941 2195 4003; x_wconf 86' lang='grc' dir='ltr'>ἐπὶ</span> <span class='ocrx_word' id='word_1_417' title='bbox 2249 3945 2365 4003; x_wconf 90' lang='grc' dir='ltr'>τῶν</span> <span class='ocrx_word' id='word_1_418' title='bbox 2412 3941 2604 4003; x_wconf 80' lang='grc' dir='ltr'>ἄλλων</span> <span class='ocrx_word' id='word_1_419' title='bbox 2651 3942 2802 4004; x_wconf 78' lang='grc' dir='ltr'>οὕτω</span> <span class='ocrx_word' id='word_1_420' title='bbox 2853 3968 2970 4007; x_wconf 89' lang='grc' dir='ltr'>ποι·</span> <span class='ocrx_word' id='word_1_421' title='bbox 3000 3961 3052 4003; x_wconf 77' lang='lat'>15</span> 
     </span>
     <span class='ocr_line' id='line_1_36' title="bbox 372 4042 2970 4130; baseline 0.002 -25"><span class='ocrx_word' id='word_1_422' title='bbox 372 4064 437 4112; x_wconf 88' lang='lat'>35</span> <span class='ocrx_word' id='word_1_423' title='bbox 476 4048 681 4126; x_wconf 79' lang='grc' dir='ltr'>οὖμεν,</span> <span class='ocrx_word' id='word_1_424' title='bbox 738 4042 825 4107; x_wconf 80' lang='grc' dir='ltr'>ὅτι</span> <span class='ocrx_word' id='word_1_425' title='bbox 872 4044 1019 4128; x_wconf 86' lang='grc' dir='ltr'>μηδὲ</span> <span class='ocrx_word' id='word_1_426' title='bbox 1060 4042 1133 4107; x_wconf 86' lang='grc' dir='ltr'>τὰ</span> <span class='ocrx_word' id='word_1_427' title='bbox 1177 4043 1435 4127; x_wconf 80' lang='grc' dir='ltr'>αἰσθητά</span> <span class='ocrx_word' id='word_1_428' title='bbox 1477 4066 1664 4127; x_wconf 89' lang='grc' dir='ltr'>φαμεν</span> <span class='ocrx_word' id='word_1_429' title='bbox 1718 4043 1864 4107; x_wconf 78' lang='grc' dir='ltr'>εἶναι</span> <span class='ocrx_word' id='word_1_430' title='bbox 1911 4046 2087 4127; x_wconf 91' lang='grc' dir='ltr'>μόνα·</span> <span class='ocrx_word' id='word_1_431' title='bbox 2145 4042 2265 4107; x_wconf 82' lang='grc' dir='ltr'>οὐδ’</span> <span class='ocrx_word' id='word_1_432' title='bbox 2322 4043 2450 4106; x_wconf 86' lang='grc' dir='ltr'>ἐπεὶ</span> <span class='ocrx_word' id='word_1_433' title='bbox 2493 4045 2784 4129; x_wconf 86' lang='grc' dir='ltr'>χρώμεθα</span> <span class='ocrx_word' id='word_1_434' title='bbox 2827 4047 2970 4130; x_wconf 83' lang='grc' dir='ltr'>πρὸς</span> 
     </span>
     <span class='ocr_line' id='line_1_37' title="bbox 473 4145 2967 4232; baseline 0 -21"><span class='ocrx_word' id='word_1_435' title='bbox 473 4148 575 4217; x_wconf 79' lang='grc' dir='ltr'>τὰς</span> <span class='ocrx_word' id='word_1_436' title='bbox 618 4147 835 4217; x_wconf 88' lang='grc' dir='ltr'>πίστεις</span> <span class='ocrx_word' id='word_1_437' title='bbox 886 4150 999 4209; x_wconf 93' lang='grc' dir='ltr'>τῶν</span> <span class='ocrx_word' id='word_1_438' title='bbox 1052 4145 1421 4231; x_wconf 77' lang='grc' dir='ltr'>ζητουμένων</span> <span class='ocrx_word' id='word_1_439' title='bbox 1477 4146 1572 4210; x_wconf 88' lang='grc' dir='ltr'>ἐπὶ</span> <span class='ocrx_word' id='word_1_440' title='bbox 1624 4150 1857 4209; x_wconf 87' lang='grc' dir='ltr'>πολλῶν</span> <span class='ocrx_word' id='word_1_441' title='bbox 1909 4151 2034 4215; x_wconf 87' lang='grc' dir='ltr'>ταῖς</span> <span class='ocrx_word' id='word_1_442' title='bbox 2079 4148 2144 4210; x_wconf 88' lang='grc' dir='ltr'>ἐκ</span> <span class='ocrx_word' id='word_1_443' title='bbox 2199 4152 2314 4210; x_wconf 89' lang='grc' dir='ltr'>τῶν</span> <span class='ocrx_word' id='word_1_444' title='bbox 2369 4147 2701 4230; x_wconf 86' lang='grc' dir='ltr'>αἰσθήσεων</span> <span class='ocrx_word' id='word_1_445' title='bbox 2757 4171 2967 4232; x_wconf 83' lang='grc' dir='ltr'>μαρτυ-</span> 
     </span>
    </p>
   </div>
   <div class='ocr_carea' id='block_1_5' title="bbox 360 4350 3071 4865">
    <p class='ocr_par' dir='ltr' id='par_1_6' title="bbox 360 4350 3071 4689">
     <span class='ocr_line' id='line_1_38' title="bbox 368 4350 3071 4423; baseline 0 -16"><span class='ocrx_word' id='word_1_446' title='bbox 368 4354 399 4407; x_wconf 88' lang='grc'>5</span> <span class='ocrx_word' id='word_1_447' title='bbox 440 4354 671 4407; x_wconf 83' lang='grc' dir='ltr'>τάττεται</span> <span class='ocrx_word' id='word_1_448' title='bbox 716 4372 749 4405; x_wconf 79' lang='lat' dir='ltr'><strong>a</strong></span> <span class='ocrx_word' id='word_1_449' title='bbox 793 4354 879 4422; x_wconf 89' lang='lat' dir='ltr'>Sp.</span> <span class='ocrx_word' id='word_1_450' title='bbox 1124 4355 1155 4407; x_wconf 88' lang='lat'><strong>6</strong></span> <span class='ocrx_word' id='word_1_451' title='bbox 1193 4353 1411 4407; x_wconf 79' lang='lat' dir='ltr'><strong>fortasse</strong></span> <span class='ocrx_word' id='word_1_452' title='bbox 1454 4352 1739 4423; x_wconf 80' lang='grc' dir='ltr'>(ὀνομάτων</span> <span class='ocrx_word' id='word_1_453' title='bbox 1778 4354 1931 4417; x_wconf 81' lang='grc' dir='ltr'>αἰτία)</span> <span class='ocrx_word' id='word_1_454' title='bbox 1968 4358 2057 4423; x_wconf 78' lang='grc' dir='ltr'>τῆς</span> <span class='ocrx_word' id='word_1_455' title='bbox 2284 4354 2347 4407; x_wconf 83' lang='grc'>10</span> <span class='ocrx_word' id='word_1_456' title='bbox 2383 4354 2408 4407; x_wconf 86' lang='grc' dir='ltr'>ὁ</span> <span class='ocrx_word' id='word_1_457' title='bbox 2447 4352 2614 4422; x_wconf 86' lang='grc' dir='ltr'>λόγος]</span> <span class='ocrx_word' id='word_1_458' title='bbox 2649 4350 2834 4404; x_wconf 75' lang='lat' dir='ltr'><strong>“Arch.</strong></span> <span class='ocrx_word' id='word_1_459' title='bbox 2865 4355 2912 4404; x_wconf 78' lang='lat' dir='ltr'><strong>in</strong></span> <span class='ocrx_word' id='word_1_460' title='bbox 2938 4353 3071 4407; x_wconf 78' lang='lat' dir='ltr'><strong><em>Eud.</em></strong></span> 
     </span>
     <span class='ocr_line' id='line_1_39' title="bbox 360 4436 3070 4511; baseline 0.001 -20"><span class='ocrx_word' id='word_1_461' title='bbox 360 4436 528 4508; x_wconf 54' lang='lat' dir='ltr'><em>phys?</em></span> <span class='ocrx_word' id='word_1_462' title='bbox 556 4440 643 4510; x_wconf 88' lang='lat' dir='ltr'>Sp.</span> <span class='ocrx_word' id='word_1_463' title='bbox 673 4441 737 4493; x_wconf 82' lang='lat' dir='ltr'>ef.</span> <span class='ocrx_word' id='word_1_464' title='bbox 762 4440 933 4511; x_wconf 76' lang='lat' dir='ltr'><strong>Simpl.</strong></span> <span class='ocrx_word' id='word_1_465' title='bbox 963 4444 1011 4493; x_wconf 79' lang='lat' dir='ltr'><strong>in</strong></span> <span class='ocrx_word' id='word_1_466' title='bbox 1029 4442 1181 4508; x_wconf 71' lang='lat' dir='ltr'><strong><em>Phys.</em></strong></span> <span class='ocrx_word' id='word_1_467' title='bbox 1202 4441 1388 4509; x_wconf 80' lang='lat' dir='ltr'><strong>(Diels)</strong></span> <span class='ocrx_word' id='word_1_468' title='bbox 1408 4442 1599 4505; x_wconf 83' lang='lat'><strong>467,26</strong></span> <span class='ocrx_word' id='word_1_469' title='bbox 1811 4442 2028 4494; x_wconf 86' lang='grc' dir='ltr'>ἐκτενεῖν</span> <span class='ocrx_word' id='word_1_470' title='bbox 2065 4442 2240 4495; x_wconf 82' lang='lat' dir='ltr'><strong>Blass:</strong></span> <span class='ocrx_word' id='word_1_471' title='bbox 2289 4442 2522 4495; x_wconf 83' lang='grc' dir='ltr'>ἐκτείνειν</span> <span class='ocrx_word' id='word_1_472' title='bbox 2558 4441 2676 4494; x_wconf 86' lang='lat' dir='ltr'><strong>libri</strong></span> <span class='ocrx_word' id='word_1_473' title='bbox 2867 4440 2929 4494; x_wconf 80' lang='lat'>12</span> <span class='ocrx_word' id='word_1_474' title='bbox 2965 4438 3070 4506; x_wconf 73' lang='grc' dir='ltr'>(δι’)</span> 
     </span>
     <span class='ocr_line' id='line_1_40' title="bbox 368 4526 3068 4601; baseline 0.001 -21"><span class='ocrx_word' id='word_1_475' title='bbox 368 4528 501 4599; x_wconf 78' lang='grc' dir='ltr'>ὁτιδὴ</span> <span class='ocrx_word' id='word_1_476' title='bbox 540 4526 927 4599; x_wconf 81' lang='grc' dir='ltr'>κωλυθήσεσθαι</span> <span class='ocrx_word' id='word_1_477' title='bbox 966 4529 1139 4581; x_wconf 82' lang='lat' dir='ltr'><strong>Blass:</strong></span> <span class='ocrx_word' id='word_1_478' title='bbox 1187 4527 1263 4581; x_wconf 76' lang='grc' dir='ltr'>ὅτι</span> <span class='ocrx_word' id='word_1_479' title='bbox 1300 4529 1361 4599; x_wconf 91' lang='grc' dir='ltr'>δὴ</span> <span class='ocrx_word' id='word_1_480' title='bbox 1400 4529 1752 4601; x_wconf 83' lang='grc' dir='ltr'>κωλυθήσεται</span> <span class='ocrx_word' id='word_1_481' title='bbox 1789 4530 1909 4583; x_wconf 86' lang='lat' dir='ltr'><strong>libri</strong></span> <span class='ocrx_word' id='word_1_482' title='bbox 2092 4529 2152 4581; x_wconf 88' lang='lat'>13</span> <span class='ocrx_word' id='word_1_483' title='bbox 2190 4545 2264 4596; x_wconf 88' lang='lat' dir='ltr'>pr.</span> <span class='ocrx_word' id='word_1_484' title='bbox 2302 4528 2362 4599; x_wconf 81' lang='grc' dir='ltr'>ἢ]</span> <span class='ocrx_word' id='word_1_485' title='bbox 2395 4529 2428 4599; x_wconf 82' lang='grc' dir='ltr'>ἠ</span> <span class='ocrx_word' id='word_1_486' title='bbox 2469 4534 2517 4581; x_wconf 85' lang='lat' dir='ltr'>V</span> <span class='ocrx_word' id='word_1_487' title='bbox 2666 4531 2726 4582; x_wconf 88' lang='lat'>18</span> <span class='ocrx_word' id='word_1_488' title='bbox 2773 4529 3068 4599; x_wconf 86' lang='grc' dir='ltr'>ἀντιμαρτυ-</span> 
     </span>
     <span class='ocr_line' id='line_1_41' title="bbox 368 4616 2858 4689; baseline 0 -21"><span class='ocrx_word' id='word_1_489' title='bbox 368 4616 621 4685; x_wconf 81' lang='grc' dir='ltr'>ρούμενον,</span> <span class='ocrx_word' id='word_1_490' title='bbox 660 4618 693 4689; x_wconf 79' lang='grc' dir='ltr'>ἡ</span> <span class='ocrx_word' id='word_1_491' title='bbox 734 4618 849 4686; x_wconf 87' lang='lat' dir='ltr'><strong>Sp.:</strong></span> <span class='ocrx_word' id='word_1_492' title='bbox 897 4616 1383 4687; x_wconf 82' lang='grc' dir='ltr'>ἀντιμαρτυρουμένη</span> <span class='ocrx_word' id='word_1_493' title='bbox 1424 4617 1540 4671; x_wconf 88' lang='lat' dir='ltr'><strong>libri</strong></span> <span class='ocrx_word' id='word_1_494' title='bbox 1756 4618 1823 4670; x_wconf 79' lang='lat'>20</span> <span class='ocrx_word' id='word_1_495' title='bbox 1879 4616 2169 4686; x_wconf 85' lang='grc' dir='ltr'>προσπίπτει</span> <span class='ocrx_word' id='word_1_496' title='bbox 2206 4616 2318 4683; x_wconf 89' lang='lat' dir='ltr'>Sp.:</span> <span class='ocrx_word' id='word_1_497' title='bbox 2377 4617 2696 4685; x_wconf 83' lang='grc' dir='ltr'>προσπίπτειν</span> <span class='ocrx_word' id='word_1_498' title='bbox 2743 4616 2858 4669; x_wconf 86' lang='lat' dir='ltr'><strong>libri</strong></span> 
     </span>
    </p>

    <p class='ocr_par' dir='ltr' id='par_1_7' title="bbox 365 4702 3070 4865">
     <span class='ocr_line' id='line_1_42' title="bbox 367 4702 3070 4776; baseline 0.002 -22"><span class='ocrx_word' id='word_1_499' title='bbox 367 4702 431 4755; x_wconf 81' lang='lat'>22</span> <span class='ocrx_word' id='word_1_500' title='bbox 468 4704 611 4763; x_wconf 83' lang='grc' dir='ltr'>ἐκτός</span> <span class='ocrx_word' id='word_1_501' title='bbox 648 4723 694 4757; x_wconf 90' lang='grc' dir='ltr'>τι</span> <span class='ocrx_word' id='word_1_502' title='bbox 732 4703 787 4756; x_wconf 80' lang='grc' dir='ltr'>ὅν</span> <span class='ocrx_word' id='word_1_503' title='bbox 823 4704 937 4773; x_wconf 80' lang='lat' dir='ltr'>Sp.:</span> <span class='ocrx_word' id='word_1_504' title='bbox 977 4703 1188 4756; x_wconf 80' lang='grc' dir='ltr'>ἕκαστον</span> <span class='ocrx_word' id='word_1_505' title='bbox 1225 4704 1343 4757; x_wconf 83' lang='lat' dir='ltr'><strong>libri</strong></span> <span class='ocrx_word' id='word_1_506' title='bbox 1522 4704 1553 4775; x_wconf 81' lang='grc' dir='ltr'>ἢ</span> <span class='ocrx_word' id='word_1_507' title='bbox 1588 4706 1647 4776; x_wconf 84' lang='grc' dir='ltr'>(ἠ</span> <span class='ocrx_word' id='word_1_508' title='bbox 1687 4704 1782 4774; x_wconf 84' lang='lat' dir='ltr'>V)]</span> <span class='ocrx_word' id='word_1_509' title='bbox 1821 4704 1920 4758; x_wconf 81' lang='lat' dir='ltr'>del.</span> <span class='ocrx_word' id='word_1_510' title='bbox 1957 4705 2043 4772; x_wconf 89' lang='lat' dir='ltr'>Sp.</span> <span class='ocrx_word' id='word_1_511' title='bbox 2240 4704 2305 4755; x_wconf 77' lang='lat'>:26</span> <span class='ocrx_word' id='word_1_512' title='bbox 2351 4723 2497 4757; x_wconf 88' lang='grc' dir='ltr'>παντι</span> <span class='ocrx_word' id='word_1_513' title='bbox 2535 4706 2578 4757; x_wconf 87' lang='lat' dir='ltr'>V</span> <span class='ocrx_word' id='word_1_514' title='bbox 2759 4704 2820 4756; x_wconf 87' lang='lat'>31</span> <span class='ocrx_word' id='word_1_515' title='bbox 2873 4706 3070 4759; x_wconf 81' lang='lat' dir='ltr'><strong>excidit</strong></span> 
     </span>
     <span class='ocr_line' id='line_1_43' title="bbox 365 4785 2339 4865; baseline 0.001 -24"><span class='ocrx_word' id='word_1_516' title='bbox 365 4785 465 4843; x_wconf 83' lang='lat' dir='ltr'><strong>tale</strong></span> <span class='ocrx_word' id='word_1_517' title='bbox 500 4792 624 4859; x_wconf 86' lang='lat' dir='ltr'><strong>quid</strong></span> <span class='ocrx_word' id='word_1_518' title='bbox 664 4792 705 4844; x_wconf 78' lang='grc' dir='ltr'>εἰ</span> <span class='ocrx_word' id='word_1_519' title='bbox 744 4790 795 4843; x_wconf 79' lang='grc' dir='ltr'>δὲ</span> <span class='ocrx_word' id='word_1_520' title='bbox 832 4795 1056 4845; x_wconf 78' lang='grc' dir='ltr'>τοιοῦτον</span> <span class='ocrx_word' id='word_1_521' title='bbox 1092 4792 1125 4863; x_wconf 78' lang='grc' dir='ltr'>ἡ</span> <span class='ocrx_word' id='word_1_522' title='bbox 1163 4796 1254 4845; x_wconf 75' lang='grc' dir='ltr'>τοῦ</span> <span class='ocrx_word' id='word_1_523' title='bbox 1291 4791 1475 4851; x_wconf 88' lang='grc' dir='ltr'>παντὸς</span> <span class='ocrx_word' id='word_1_524' title='bbox 1511 4794 1653 4865; x_wconf 68' lang='grc' dir='ltr'>φύσις</span> <span class='ocrx_word' id='word_1_525' title='bbox 1866 4793 1932 4845; x_wconf 88' lang='lat'>35</span> <span class='ocrx_word' id='word_1_526' title='bbox 1971 4788 2071 4843; x_wconf 66' lang='grc' dir='ltr'>οὐδ’</span> <span class='ocrx_word' id='word_1_527' title='bbox 2112 4791 2211 4843; x_wconf 81' lang='lat' dir='ltr'><strong>del.</strong></span> <span class='ocrx_word' id='word_1_528' title='bbox 2249 4790 2339 4861; x_wconf 93' lang='lat' dir='ltr'>Sp.</span> 
     </span>
    </p>
   </div>
  </div>
 </body>
</html>
