3684 5567
589 244 745 283 xxxn
1751 238 2140 291 PRAEFATIO

589 413 683 476 καὶ
729 411 919 495 210,5
963 411 1261 475 ἀκόλουθα
1306 412 1497 495 212,5
1543 412 1716 495 ἡμεῖς
1761 413 1797 478 7
1846 412 1930 482 εἰς
1972 412 2106 481 τοὺς
2151 412 2326 482 θεοὺς
2373 412 2456 476 10
2485 412 2656 495 ἡμῶν
2707 411 2782 473 11
2815 410 2974 493 ἡμᾶς
3023 411 3101 475 15
3129 413 3302 473 τοῦτο

586 532 694 615 γὰρ
740 531 913 615 μόνον
960 532 1041 596 16
1086 530 1234 617 βίον]
1282 530 1449 614 λόγον
1500 534 1579 599 18
1624 533 1779 616 ὑμῖν.
1870 538 2212 614 praeterea
2263 550 2407 596 cum
2459 530 2514 595 V
2569 528 2898 611 conspirat
2949 534 3176 593 contra
3227 529 3302 594 αι

594 651 839 735 179,12.
871 650 967 715 14.
992 652 1077 717 23
1132 651 1353 735 186,27
1415 650 1642 732 188,13
1700 650 1930 734 192,19
1988 648 2176 733 193,4
2223 648 2470 730 194‚·24.
2572 648 2816 714 adnota
2867 646 3146 730 denique
3195 648 3302 713 de-

588 790 733 835 esse
780 769 844 833 in
892 770 948 833 A
995 770 1330 853 180,4—-5
1373 770 2182 856 προδήλως-παρειλήφασι
2230 768 2554 852 183,1-2
2608 768 2703 832 καὶ
2763 767 3106 853 ἐνεργούσης
3155 768 3297 851 199,

586 890 755 953 2-4
821 888 941 952 ἀλλ’
956 889 1320 969 -κτώμεθα
1386 889 1749 973 204,9-10
1802 892 1884 974 μὴ
1951 894 2182 975 φρονεῖν
2248 888 2652 971 207,18-19
2705 886 3304 971 οὐκ-ἐπανόρθωσις

588 1009 951 1091 210,9-10
1000 1006 1307 1072 οὐδὲ-δὲ.
1406 1008 1569 1075 haec
1618 1009 1672 1075 si
1726 1008 2062 1093 exceperis
2117 1015 2182 1073 et
2232 1005 2599 1072 futilissima
2653 1025 2880 1090 pauca,
2945 1024 3114 1089 quae
3167 1025 3298 1072 non

588 1127 1099 1211 commemoravi,
1153 1127 1235 1193 sit
1292 1126 1405 1193 tibi
1457 1128 1523 1193 a¹
1569 1129 1774 1194 instar
1826 1128 2065 1195 codicis
2107 1130 2186 1211 A,
2241 1149 2322 1195 ex
2376 1126 2556 1193 cuius
2611 1127 2884 1211 gemello
2937 1124 3300 1193 accuratius

586 1246 878 1312 confecto
922 1246 1221 1311 Aldinam
1266 1245 1643 1331 provenisse
1686 1252 1886 1331 patet.

442 1368 553 1431 DT
772 1367 1061 1449 Denique
1104 1366 1192 1431 ad
1235 1365 1506 1432 eundem
1554 1364 1815 1448 fontem,
1873 1386 1956 1432 ex
2005 1386 2132 1450 quo
2177 1372 2600 1433 manaverunt
2643 1364 2846 1449 Aca¹,
2891 1363 3059 1431 redit
3101 1362 3296 1430 etiam

588 1488 723 1569 DT,
767 1506 929 1569 quos
958 1485 1249 1569 geminos
1278 1506 1422 1552 esse
1450 1485 1601 1551 inde
1630 1484 1902 1568 primum
1933 1485 2273 1569 colligitur,
2325 1486 2500 1570 quod
2549 1486 2616 1550 in
2661 1491 2934 1567 utroque
2973 1482 3294 1567 fragmen-

586 1615 719 1672 tum
764 1604 979 1670 finitur
1018 1604 1223 1672 isdem
1268 1604 1481 1669 verbis
1526 1604 1715 1670 simili
1746 1604 1940 1669 modo
1968 1604 2340 1689 depravatis
2367 1604 2662 1689 (181,28)
2702 1604 2849 1669 κατὰ
2879 1602 3079 1689 φῦσιν]
3127 1607 3298 1669 κατοί-

586 1745 759 1810 φασιν
807 1726 861 1789 D
915 1726 1237 1809 κατάφυσιν
1283 1724 1355 1788 Τ.
1442 1724 1677 1791 deinde
1744 1744 1826 1789 ex
1885 1724 2334 1790 communione
2397 1724 2672 1789 aliorum
2737 1723 3034 1790 vitiorum
3110 1725 3296 1807 165,3

588 1845 637 1909 τ’
694 1844 786 1931 εἴη
831 1846 907 1911 21
958 1846 1357 1930 ἀπερρημένος
1403 1844 1634 1929 166,10
1676 1843 1769 1929 δὲ]
1815 1841 1917 1909 οὖν
1968 1843 2046 1908 12
2089 1846 2226 1908 τάδε
2269 1844 2396 1907 ἀντὶ
2438 1846 2624 1908 τῶνδε
2669 1846 2889 1926 μᾶλλον
2933 1848 3017 1915 ὥς
3063 1846 3288 1929 167,11

580 1965 665 2035 εἴς
706 1989 855 2035 τινος
899 1986 1021 2031 om.
1112 1964 1399 2049 exceptis
1442 1964 1544 2029 his
1590 1962 1874 2029 minutiis
1919 1971 2278 2045 congrth
2319 1984 2464 2031 cum
2509 1963 2716 2031 Aean

410 2086 539 2151 Ka²
753 2085 1024 2151 vinculo
1052 2086 1159 2151 vel
1188 2084 1445 2167 artiore,
1470 2102 1661 2166 quam
1682 2083 1737 2147 A
1756 2102 1900 2149 cum
1931 2081 2022 2165 a¹,
2055 2082 2396 2149 coniuncta
2425 2088 2526 2149 est
2552 2084 2762 2150 altera
2785 2082 2982 2149 editio
2999 2081 3132 2167 (a')
3153 2104 3294 2151 cum

586 2205 805 2269 codice
850 2205 1163 2270 Vaticano
1194 2204 1277 2288 Κ,
1324 2204 1405 2269 de
1448 2223 1575 2285 quo
1620 2221 1815 2287 supra
1859 2202 2010 2267 dixi.
2101 2203 2384 2269 editione
2427 2202 2534 2267 hic
2563 2202 2725 2269 liber
2755 2202 2936 2287 peior
2979 2211 3096 2287 est,
3142 2224 3293 2269 nam

584 2325 786 2387 multa
810 2322 1040 2407 omisit,
1054 2330 1123 2387 ut
1144 2322 1325 2407 176,7
1352 2324 1411 2386 ἐν
1434 2322 1521 2392 οἷς
1543 2322 1695 2386 ἐστιν
1712 2321 2027 2405 178‚2—3
2051 2322 2083 2385 ὁ
2107 2320 2428 2385 δὲ-τοῦτο
2460 2322 2738 2385 ἀδύνατον
2765 2322 2845 2406 μὴ
2875 2322 3148 2405 γενέσθαι
3170 2329 3294 2390 etc.

584 2448 798 2508 tamen
830 2442 1169 2525 quominus
1196 2440 1639 2525 apographum
1670 2460 1815 2506 eum
1847 2461 1992 2507 esse
2020 2448 2318 2526 putemus
2346 2440 2644 2525 Aldinae,
2685 2441 3044 2527 impediunt
3071 2442 3298 2509 editio·

582 2565 682 2629 nis
711 2564 1030 2647 quaedam
1060 2561 1315 2646 menda,
1339 2560 1567 2644 quibus
1590 2560 1652 2625 K
1675 2559 1837 2626 liber
1867 2566 1985 2627 est.
2030 2561 2108 2626 cf.
2137 2560 2324 2645 193,5
2345 2561 2484 2647 (περ
2509 2561 2670 2645 τῶν).
2699 2564 2738 2627 9
2786 2562 2995 2646 197,2.
3019 2560 3106 2625 26
3149 2561 3296 2646 204,

584 2684 667 2749 24
697 2683 880 2766 2053
902 2681 1027 2768 (τι).
1044 2683 1123 2747 19
1152 2680 1668 2764 209,26.26-27
1683 2678 1916 2765 (καίπερ
1929 2678 2256 2765 θεμένους).
2304 2684 2648 2764 praeterea
2664 2680 2889 2747 videas
2917 2700 3086 2765 quae
3109 2700 3193 2749 ex
3218 2701 3296 2748 eo

581 2804 886 2870 adnotavi
922 2802 1149 2887 188,13
1198 2800 1541 2883 192‚23.24
1590 2800 1934 2883 198‚14.15
1979 2799 2212 2884 206,23
2254 2800 2466 2883 210,7.
2525 2799 2643 2865 sed
2675 2798 2836 2865 hacc
2865 2799 3016 2867 ideo
3045 2808 3296 2866 tantum

581 2920 901 3006 adscribo,
919 2927 991 2985 ut
1019 2920 1187 2986 hunc
1216 2920 1502 2987 codicem
1534 2939 1703 2985 nunc
1731 2920 1928 3003 plane
1957 2921 2316 3003 neglegam.
2370 2921 2590 3003 itaque
2618 2926 2869 2987 tantum
2896 2920 2982 2989 de
3011 2920 3296 2990 editione

582 3044 827 3125 loquar,
870 3042 937 3105 in
982 3060 1110 3124 qua
1130 3030 1719 3105 ¹animadvertimus
1748 3039 2032 3123 aliquam
2061 3039 2300 3107 factam
2331 3060 2476 3107 esse
2505 3060 2647 3106 eum
2679 3046 2860 3105 certa
2896 3040 3163 3109 alterius
3203 3042 3297 3108 fa-

583 3160 797 3227 miliae
828 3160 1027 3243 stirpe
1070 3158 1578 3243 permixtionem.
1641 3166 1788 3223 sunt
1818 3159 1989 3225 enim
2018 3159 2085 3223 in
2117 3156 2187 3223 a'
2217 3160 2526 3227 lectiones
2555 3159 2852 3226 diversae
2880 3159 2966 3226 ab
2994 3162 3084 3246 a¹‚
3131 3182 3294 3245 quas

579 3280 939 3345 invenimus
968 3280 1163 3345 etiam
1208 3278 1275 3343 in
1306 3276 1427 3343 Es.
1518 3277 1709 3343 huius
1754 3277 2010 3360 generis
2041 3287 2206 3362 sunt,
2253 3287 2322 3344 ut
2365 3300 2448 3345 ex
2493 3280 2708 3345 multis
2754 3299 2962 3365 pauca
3008 3282 3246 3363 eligam

728 3402 840 3465 185,
853 3400 921 3453 25
958 3372 1213 3469 συμφόρον
1250 3398 1310 3449 V:
1357 3396 1610 3468 σὺμφορον
1648 3400 1727 3451 a':
1770 3399 2024 3468 συμφέρον
2061 3396 2200 3452 ESa²

729 3488 918 3549 187‚26
958 3487 1001 3540 εἰ
1036 3490 1129 3557 γὰρ
1166 3486 1330 3544 οὕτως
1366 3486 1439 3539 ἔτι
1474 3482 1542 3538 δι’
1582 3487 1730 3557 ἡμῶν
1766 3488 1892 3540 Va¹=
1930 3486 2034 3539 ἐπεί
2069 3506 2124 3556 γε
2161 3485 2323 3545 οὕτως
2361 3486 2524 3541 ὄντων
2557 3489 2710 3559 ἡμῶν
2751 3488 2884 3541 ESa2

728 3574 919 3641 189,14
956 3576 1033 3643 τῷ
1066 3574 1340 3645 γιγνομένῳ
1378 3576 1631 3646 πράγματι
1668 3576 1794 3629 Va¹:
1832 3582 1938 3633 τοῖς
1973 3574 2247 3645 γινομένοις
2281 3577 2535 3646 πράγμασι
2573 3576 2712 3631 ESa²

862 3664 928 3716 25
963 3663 1122 3736 τύχης
1156 3664 1284 3716 Va¹=
1322 3662 1492 3735 ψυχῆς
1529 3662 1627 3716 Ea⁹

731 3751 884 3816 191,2
959 3752 1063 3821 βίος
1099 3751 1217 3804 add.
1254 3750 1353 3803 Ea²

582 3863 647 3922 et
690 3856 897 3921 simile
940 3861 1041 3919 est
1085 3854 1338 3938 176,11‚
1383 3853 1467 3920 de
1512 3873 1635 3937 quo
1684 3856 1823 3920 loeo
1869 3854 2173 3940 inspicias
2216 3856 2702 3923 adnotationem
2746 3876 2976 3923 meam.

751 3991 965 4070 Quare
1003 3992 1303 4057 videntur
1347 3990 1619 4073 primum
1652 3990 1910 4075 propria
1953 3990 2061 4055 via
2103 4010 2140 4056 e
2172 3992 2422 4058 Veneto
2464 3993 2518 4059 V
2562 4012 2902 4060 emanasse
2943 3992 3140 4057 arche
3151 3992 3292 4077 typi

580 4119 645 4177 et
697 4109 1049 4177 editionum
1102 4119 1167 4178 et
1220 4111 1359 4177 eius
1410 4094 1725 4193 familiae,
1779 4112 1959 4177 cuius
2011 4130 2132 4177 nos
2181 4110 2576 4194 depravatos
2629 4120 2876 4178 tantum
2933 4117 3286 4195 prognatos

579 4232 681 4297 Es
730 4232 1043 4297 novimus.
1134 4231 1199 4295 in
1251 4228 1644 4296 conficiendo
1704 4240 1920 4299 autem
1977 4252 2052 4299 eo
2115 4230 2364 4315 codice,
2431 4250 2512 4299 ex
2564 4253 2688 4314 quo
2747 4231 3136 4298 Zanettiana
3177 4230 3291 4296 im-

574 4370 801 4437 pressa
853 4358 977 4435 est,
1045 4350 1207 4417 haec
1266 4349 1410 4431 ipsa
1473 4346 1717 4415 familia
1778 4351 2072 4417 adhibita
2133 4358 2263 4435 est,
2329 4350 2509 4417 cuius
2571 4358 2900 4419 auctorem
2955 4372 3083 4417 non
3150 4352 3291 4417 sine

577 4471 812 4535 iudicio
858 4470 1173 4535 Venetum
1227 4468 1377 4533 olim
1424 4468 1837 4551 exscripsisse
1893 4476 2208 4537 testantur
2259 4472 2609 4537 etiamnum
2661 4490 2910 4555 paucae
2954 4470 3287 4555 lectiones,

578 4610 738 4673 quas
782 4589 958 4671 potui
1004 4588 1181 4671 sequi
1227 4587 1515 4653 codicum
1560 4588 1689 4653 ES:
1740 4588 1968 4670 1702ss
2018 4592 2204 4673 171,4
2247 4591 2499 4675 20236.

406 4709 539 4776 a¹a²
752 4708 1050 4790 Sequitur
1082 4716 1149 4773 ut
1180 4692 1583 4774 Editiones
1626 4708 1793 4774 inter
1830 4728 1903 4773 se
1933 4708 2277 4775 conferam.
2367 4731 2528 4793 quas
2557 4708 2828 4794 primum
2861 4709 3022 4775 satis
3054 4726 3291 4790 magna

580 4829 767 4913 copia
818 4828 1121 4913 deturpat
1183 4828 1557 4893 mendorum
1612 4828 2060 4893 communium.
2165 4829 2298 4893 alia
2361 4828 2596 4895 deinde
2661 4828 2956 4894 alterutri
3029 4828 3290 4913 propria
