3684 5567
1314 304 1579 362 ΗΘΙΚΩΝ
1619 304 2150 363 ΠΡΟΒΛΗΜΑἹῺΝ
2193 311 2398 363 11-13
3093 310 3212 374 133

607 483 931 567 πάσχοντες
975 481 1047 545 τὰ
1092 482 1253 567 βίαιά
1296 482 1455 558 εἰσιν,
1503 482 1583 545 ὧν
1630 480 1850 551 ἔξωθέν
1896 484 2048 546 ἐστιν
2092 485 2130 566 ἡ
2180 483 2340 568 ἀρχὴ
2385 484 2750 567 ἡποιητική,
2799 482 2976 567 μηδὲν
3023 482 3104 551 εἰς
3131 498 3188 540 20

608 585 672 647 τὸ
738 584 1032 667 γινόμενον
1099 590 1201 648 τοῦ
1271 588 1598 671 πάσχοντος
1651 586 2128 670 συμβαλλομένου
2194 609 2255 649 τε
2313 588 2408 649 καὶ
2463 588 2952 669 συμπράττοντος,
3021 590 3099 655 ὡς

606 683 815 757 ἔδειξεν
860 689 1157 770 γινόμενον
1202 688 1298 751 ἐπὶ
1344 691 1459 751 τῶν
1504 689 1820 763 πλεόντων,
1873 688 2008 751 ὅταν
2058 690 2168 752 ὑπὸ
2214 687 2538 771 πνεύματός
2569 711 2716 757 τινος
2746 689 3102 763 ἐξωσῦῶσιν,

610 791 705 851 καὶ
752 790 863 853 ὑπὸ
910 797 1025 853 τῶν
1080 791 1295 875 κυρίων
1342 788 1521 854 ὄντων
1574 793 1669 853 καὶ
1716 792 1972 872 ἀγόντων
2019 792 2152 861 τοὺς
2197 791 2572 875 ἡττημένους,
2628 790 2746 874 ὅπῃ
2795 790 2862 854 ἂν
2907 792 3104 861 αὐτοῖς
3131 809 3184 850 25

528 912 560 959 5
599 893 767 975 δοκῇ.
858 894 964 957 οὐκ
1017 893 1195 963 εἴτις
1252 895 1317 956 δὲ
1372 893 1711 978 βιαζόμενος
1764 893 1876 957 ὑπό
1928 917 2080 962 τινος
2133 894 2360 976 κινήσαι
2409 892 2417 979 Ι
2467 916 2518 955 τι
2571 897 2684 956 τῶν
2741 894 3056 978 ὀργανικῶν
3103 906 3206 961 255

602 996 816 1079 μορίων
870 997 1089 1081 κίνησίν
1133 1020 1284 1071 τινα,
1340 997 1378 1079 ἢ
1427 1000 1691 1060 συντελεῖ
1745 998 1888 1079 πρὸς
1943 998 2006 1060 τὸ
2053 997 2348 1080 γινόμενον
2393 998 2518 1081 βίᾳ,
2577 996 2743 1065 οὗτος
2795 995 2908 1079 ἤδη
2959 1018 3099 1081 συμ-

597 1100 869 1183 βάλλοιτο
900 1099 968 1163 ἂν
1016 1098 1079 1183 [ἡ
1126 1097 1256 1183 τοῦ]
1303 1100 1446 1184 πρὸς
1489 1100 1553 1163 τὸ
1582 1100 1878 1182 γινόμενον
1925 1100 2018 1184 βίᾳ
2062 1098 2160 1181 (οὐ
2205 1101 2314 1183 γὰρ
2359 1102 2411 1162 εἰ
2457 1100 2756 1169 ἀπωσθεὶς
2801 1099 2913 1162 ὑπό
2953 1124 3098 1170 τινος

595 1204 833 1285 κινήσας
884 1202 957 1266 τὰ
1002 1203 1181 1286 σκέλη
1242 1202 1487 1283 ἐμπέσοι
1529 1204 1631 1265 τινὶ
1680 1204 1719 1287 ἢ
1766 1204 2082 1287 καταβάλοι
2128 1226 2199 1280 τι,
2254 1202 2370 1286 ἤδη
2429 1202 2498 1265 ἂν
2545 1202 2765 1285 λέγοιτο
2813 1206 3098 1267 συντελεῖν
3153 1222 3180 1263 ὅ

594 1305 736 1389 πρὸς
786 1306 853 1367 τὸ
910 1304 1253 1388 γινόμενον),
1318 1303 1438 1367 ἀλλ’
1504 1306 1556 1369 εἰ
1614 1306 1717 1387 μὲν
1774 1305 1924 1369 κατὰ
1977 1306 2080 1388 τὴν
2141 1305 2355 1368 οἰκείαν
2411 1308 2598 1390 ὁρμὴν
2659 1308 2754 1369 καὶ
2819 1306 3096 1389 πρόθεσιν

497 1428 557 1473 10
594 1408 831 1490 ποιήσαι
861 1412 1050 1485 τοῦτο,
1097 1406 1188 1490 εἴη
1238 1406 1306 1470 ἂν
1353 1411 1670 1471 συντελῶν·
1716 1410 1771 1471 εἰ
1814 1410 1879 1471 δὲ
1924 1409 2070 1472 κατὰ
2115 1409 2343 1492 συνήθη
2389 1411 2515 1472 τινὰ
2559 1411 2654 1473 καὶ
2699 1412 2950 1494 φυσικὴν
2998 1436 3093 1493 με·

594 1511 850 1594 ταφορὰν
903 1516 1021 1573 τῶν
1076 1513 1300 1574 σκελῶν
1353 1511 1646 1595 κινηθείη,
1710 1512 1933 1578 οὐκέτι.
1989 1509 2135 1595 ὅπερ
2183 1510 2342 1574 εἶπεν
2397 1513 2494 1575 καὶ
2541 1510 2948 1596 Ἀριστοτέλης
3003 1513 3096 1577 διὰ
3125 1532 3179 1573 ιο

594 1618 695 1676 τοῦ
741 1614 855 1677 καὶ
898 1612 1025 1697 γὰρ
1070 1614 1108 1696 ἡ
1157 1614 1339 1698 ἀρχὴ
1385 1618 1504 1677 τοῦ
1549 1618 1765 1678 κινεῖν
1811 1614 1892 1677 τὰ
1939 1614 2271 1698 ὀργανικὰ
2326 1615 2502 1699 μέρη
2549 1615 2618 1677 ἐν
2663 1620 2813 1685 ταῖς
2863 1620 3093 1681 τοιαύ·

589 1740 740 1785 ταις
793 1717 1126 1801 πράξεσιν
1180 1718 1249 1780 ἐν
1306 1716 1493 1800 αὐτῷ’
1549 1718 1755 1781 ἐστιν.
1854 1719 1885 1780 ὁ
1940 1718 2046 1801 γὰρ
2102 1718 2169 1781 ἐκ
2223 1724 2325 1802 τῆς
2381 1720 2525 1787 νεὼς
2583 1718 2654 1781 τὰ
2706 1720 2915 1803 φορτία
2968 1726 3096 1791 ταῖς

595 1820 773 1883 αὑτοῦ
820 1820 1019 1904 χερσὶν
1066 1819 1367 1905 ἐκβάλλων
1412 1820 1495 1889 εἰς
1538 1821 1643 1903 τὴν
1690 1821 1991 1885 θάλασσαν
2037 1822 2138 1889 διὰ
2175 1823 2271 1885 τὸν
2318 1823 2602 1893 κίνδυνον,
2659 1821 2774 1909 οὐχ
2820 1821 2907 1886 ὅτι
2950 1830 3098 1888 κινεῖ
3124 1843 3174 1885 15

490 1943 550 1992 15
588 1922 690 1992 τὰς
733 1926 938 2008 χεῖρας
989 1924 1139 1987 ἑκὼν
1187 1930 1369 1999 ποιεῖ,
1425 1921 1545 1987 ἀλλ’
1603 1923 1689 1987 ὅτι
1734 1924 2119 2008 προελόμενος
2173 1929 2342 1988 τοῦτο
2397 1930 2665 2008 ποιῆσαι,
2722 1928 2907 1997 οὕτως
2950 1928 3091 1993 αὐτὸ

588 2032 769 2103 ποιεῖ,
825 2026 1017 2089 οὐκέτι
1061 2024 1176 2111 <δὲ>
1219 2016 1287 2089 ὀἱ
1344 2024 1415 2090 δι’
1472 2028 1687 2110 ἡδονῆς
1740 2050 1791 2089 τι
1849 2032 2144 2097 ποιοῦντες
2200 2028 2325 2113 βία,
2380 2027 2466 2091 ὅτι
2521 2028 2685 2092 αὐτοὶ
2741 2035 2998 2095 ποιοῦσιν
3053 2033 3091 2096 ἂ

588 2136 847 2194 ποιοῦσιν
893 2130 987 2198 διὰ
1031 2130 1137 2212 τὴν
1177 2130 1412 2212 ἡδονήν,
1460 2128 1579 2192 ἀλλ’
1622 2130 1729 2194 οὐκ
1774 2128 1993 2200 ἔξωθεν
2040 2133 2106 2195 τὸ
2153 2135 2353 2193 ποιοῦν
2401 2129 2668 2216 ἔχουσιν·
2716 2134 2782 2195 τὸ
2825 2134 2934 2220 γὰρ
2979 2136 3088 2218 ἡδὺ

589 2237 665 2303 ὡς
711 2234 877 2302 τέλος
922 2234 1017 2297 καὶ
1065 2234 1281 2301 σκοπὸς
1326 2232 1529 2311 αἴτιον,
1576 2232 1695 2297 ἀλλ’
1752 2234 1866 2319 οὐχ
1913 2238 1993 2303 ὥς
2037 2236 2102 2298 τὸ
2149 2237 2367 2297 ποιοῦν.
3117 2256 3172 2297 ευ

583 2509 753 2574 XIII.
851 2509 1017 2595 Περὶ
1062 2511 1343 2593 ἡδονῆς.

476 2719 543 2767 20
734 2696 854 2765 Ὅτι
898 2701 1081 2763 οἰκεία
1126 2700 1163 2782 ἡ
1208 2700 1391 2783 ἡδονὴ
1438 2703 1512 2783 τῇ
1560 2698 1835 2783 ἐνεργείᾳ,
1881 2697 1975 2783 ἐφ’
2030 2694 2075 2784 ἦ
2123 2702 2352 2781 γίνεται,
2399 2702 2495 2763 καὶ
2543 2700 2649 2763 οὐκ
2694 2698 2846 2765 ἔστιν
2890 2706 2929 2786 ἡ
2979 2704 3082 2785 μὲν

582 2804 763 2887 ἡδονὴ
812 2805 1084 2887 ὁμοειδὴς
1123 2808 1304 2881 πᾶσα,
1354 2800 1362 2889 Ι
1410 2802 1556 2867 κατὰ
1601 2804 1699 2865 τὸν
1732 2803 1982 2887 ἀριθμὸν
2031 2802 2204 2886 μόνον
2250 2802 2400 2885 ἄλλη
2432 2803 2616 2888 ἄλλης
2662 2805 3038 2890 διαφέρουσα,
3085 2814 3190 2871 2156

584 2906 655 2969 τὰ
701 2908 764 2970 δὲ
809 2905 1081 2989 ποιητικὰ
1118 2911 1235 2968 τῶν
1277 2908 1504 2989 ἡδονῶν
1552 2904 1830 2990 διαφέρει,
1877 2904 1998 2969 ἀλλ’
2039 2907 2180 2969 εἰσὶν
2229 2907 2322 2969 καὶ
2368 2907 2427 2969 αἱ
2477 2908 2680 2989 ἡδοναὶ
2727 2908 2944 2990 ὁμοίως
2989 2912 3086 2972 ἀλ-

578 3012 775 3093 λήλων
822 3008 1223 3094 διαφέρουσαι,
1281 3010 1481 3093 ὥσπερ
1527 3008 1624 3072 καὶ
1670 3009 1741 3070 τὰ
1784 3008 2057 3092 ποιητικὰ
2101 3009 2323 3083 αὐτῶν,
2378 3010 2631 3092 ἐναργῶς
2677 3008 2887 3079 ἔδειξεν
2926 3010 3079 3095 Ἀρι·

579 3112 853 3197 στοτέλης
908 3113 1001 3175 διὰ
1055 3117 1157 3175 τοῦ
1212 3112 1390 3182 δεῖξαι
1451 3112 1555 3181 τὰς
1607 3112 1821 3181 οἰκείας
1878 3118 2002 3181 ταῖς
2055 3112 2366 3196 ἐνεργείαις
2426 3112 2639 3195 ἡδονὰς
2693 3114 3079 3184 συναυξούσας
3131 3132 3159 3173 τι

472 3236 536 3284 25
572 3217 675 3285 τὰς
718 3216 1021 3299 ἐνεργείας,
1068 3214 1161 3299 ἐφ’
1204 3217 1295 3284 αἷς
1337 3216 1602 3299 γίνονται.
1672 3217 1712 3298 ἡ
1758 3216 1867 3298 γὰρ
1913 3215 2007 3278 ἐπὶ
2053 3221 2139 3299 τῷ
2186 3221 2535 3299 γεωμετρεῖν
2581 3217 2762 3299 ἡδονὴ
2811 3218 3076 3288 συναύξει

574 3320 678 3389 τὰς
705 3319 853 3383 κατὰ
891 3319 1245 3403 γεωμετρίαν
1286 3319 1589 3403 ἐνεργείας,
1632 3319 1725 3381 καὶ
1757 3316 1849 3402 (ἡ)
1879 3318 1973 3380 ἐπὶ
2006 3321 2095 3403 τῷ
2126 3318 2440 3414 κιβαρίζειν
2472 3318 2574 3387 τὰς
2604 3320 2750 3383 κατὰ
2783 3322 2886 3403 τὴν
2919 3322 3078 3384 κιθα-

579 3424 855 3507 ριστικήν,
904 3426 986 3491 ὥς
1016 3420 1264 3508 ἔχουσαι
1310 3424 1455 3507 πρὸς
1481 3421 1662 3490 αὐτὰς
1692 3419 2019 3503 οἰκειότητα
2062 3423 2158 3485 καὶ
2199 3422 2578 3505 διαφέρουσαι
2623 3422 2895 3505 ἀλλήλων
2927 3426 3074 3487 κατὰ
3106 3442 3159 3484 ιο

574 3524 755 3589 ταύτὰ
798 3530 923 3594 ταῖς
965 3524 1289 3609 ἐνεργείαις,
1345 3523 1440 3608 ἐφ’
1497 3524 1588 3593 αἷς
1630 3524 1893 3607 γίνονται.
1983 3524 2035 3586 εἰ
2078 3523 2188 3607 γὰρ
2232 3522 2383 3605 ἦσαν
2429 3526 2488 3588 αἱ
2534 3528 2736 3608 ἡδοναὶ
2783 3528 2842 3588 αἱ
2888 3527 3072 3601 αὐταί,

574 3629 679 3693 οὐκ
725 3629 795 3693 ἂν
840 3630 947 3713 ἥδε
994 3630 1098 3710 μὲν
1138 3630 1331 3703 τάσδε,
1377 3628 1485 3711 ἥδε
1531 3628 1595 3691 δὲ
1638 3630 1815 3691 τάσδε
1852 3628 1961 3717 ,τὰς
2004 3628 2289 3711 ἐνεργείας
2333 3628 2627 3711 συνηῦΕεν.
2699 3630 2786 3698 οἷς
2817 3630 2920 3711 μὲν
2966 3630 3074 3713 γὰρ

467 3752 535 3801 3ο
570 3733 861 3816 ἁθροίζειν
913 3733 1193 3817 χρήματα
1244 3731 1564 3814 πρόκειται,
1626 3728 1697 3794 δι’
1756 3732 1837 3793 ὧν
1895 3731 2195 3814 ἐνεργειῶν
2249 3734 2520 3815 ἡγοῦνται
2575 3733 2859 3796 δύνασθαι
2905 3734 3062 3797 τοῦτ’
3105 3752 3155 3794 15

568 3835 761 3904 αὐτοῖς
804 3833 1226 3918 περιγενέσθαι,
1268 3834 1477 3903 ταότας
1522 3834 1869 3917 ἐνεργοῦσιν,
1919 3834 2014 3897 καὶ
2060 3831 2130 3897 δι’
2176 3836 2257 3897 ὧν
2303 3837 2522 3913 πλεῖον,
2572 3839 2810 3919 μᾶλλον,
2860 3840 2940 3907 ὥς
2987 3836 3072 3902 ὄν-

463 4112 494 4165 3
534 4111 736 4177 ἔδειξεν]
773 4110 837 4164 cf.
876 4110 909 4162 l.
936 4126 979 4163 c.
1012 4109 1224 4163 nlo-3
1433 4108 1553 4177 ὑπὸ]
1592 4108 1619 4161 ὸ
1655 4111 1710 4161 in
1750 4109 1829 4161 lit.
1856 4112 1898 4158 V
2101 4109 2133 4159 4
2170 4108 2291 4177 ὑπὸ]
2335 4109 2414 4162 ἐπὶ
2451 4113 2539 4177 Sp.
2741 4112 2772 4163 6
2811 4110 2958 4170 οὗτος
2994 4131 3025 4164 a.
3061 4116 3176 4181 Sp.:

463 4198 627 4259 οὕτως
661 4200 783 4253 libri
1006 4198 1037 4249 7
1086 4198 1119 4267 ἠ
1156 4202 1247 4250 τοῦ
1284 4212 1380 4249 om.
1424 4214 1457 4249 a
1491 4199 1605 4263 Spa
1664 4195 1735 4249 δι’
1772 4197 1930 4249 αὑτοῦ
1971 4196 2112 4249 Diels
2323 4198 2604 4267 καταβάλοι
2641 4198 2811 4251 Diels:
2869 4200 3178 4269 καταβάλλοι

462 4304 581 4358 libri
818 4302 851 4355 8
898 4302 1125 4372 κηνήσασ
1162 4306 1210 4353 V
1446 4300 1509 4353 10
1563 4300 1764 4371 ποιήσαι
1808 4301 1972 4353 Diels:
2031 4302 2290 4371 ποιήσειε
2328 4306 2440 4369 Sp.:
2497 4304 2680 4373 ποιήσῃ
2722 4308 2769 4355 V
2982 4295 3175 4377 συνήθη

462 4394 537 4445 sic
577 4396 621 4443 V
830 4392 887 4443 ll
930 4390 1085 4455 εἶπεν]
1125 4389 1238 4441 Nic.
1276 4389 1505 4453 Eth.111,
1538 4390 1581 4441 1.
1616 4389 1862 4441 1110215
2067 4390 2127 4441 14
2165 4390 2313 4454 κινεῖ]
2352 4408 2366 4441 ι
2403 4390 2459 4441 in
2497 4389 2574 4442 lit.
2617 4394 2660 4441 V
2870 4392 3020 4459 163&
3056 4394 3173 4445 add.

462 4479 623 4533 B²S²a
647 4482 738 4546 Sp.
907 4473 975 4530 δι’
1006 4477 1213 4547 ἡδονῆς]
1248 4476 1327 4529 διὰ
1364 4476 1548 4548 ἡδονὴν
1587 4495 1618 4528 a.
1646 4480 1732 4541 Sp.
1905 4476 1966 4528 19
2005 4478 2212 4529 titulum
2257 4493 2319 4529 ea
2354 4478 2517 4529 forma
2554 4494 2657 4545 qna
2693 4484 2866 4531 exstat
2902 4481 2957 4531 in
2997 4482 3174 4534 tabula

461 4568 681 4619 reddunt
716 4566 787 4620 13²
824 4566 962 4619 vict.
1001 4569 1088 4633 Sp.
1185 4558 1194 4567 ’
1282 4564 1342 4616 21
1386 4566 1485 4618 κτὰ
1523 4567 1597 4617 sic
1637 4569 1684 4616 V
1879 4564 1946 4617 23
1983 4564 2188 4634 ἔδειξεν]
2233 4566 2343 4617 Eth.
2381 4566 2493 4617 Nic.
2531 4566 2602 4629 X,
2628 4565 2676 4618 5.
2722 4566 2971 4619 1175220
2991 4583 3101 4635 sqq.

461 4654 527 4707 24
571 4650 657 4724 ἐφ’
696 4654 771 4713 αῖς
806 4653 1023 4723 γίνονται
1059 4652 1177 4704 add.
1215 4658 1337 4705 ante
1382 4653 1565 4721 ἡδονὰς
1600 4656 1716 4705 FSa
1751 4656 1839 4720 Sp.
2020 4652 2384 4721 συναυξομένας
2419 4654 2524 4705 FS¹
2703 4653 2770 4707 25
2807 4656 2896 4712 τὰς
2935 4656 3174 4723 ἐνεργείας

459 4742 621 4795 S²B²a
657 4745 771 4811 Sp.:
826 4748 935 4799 ταῖς
971 4740 1231 4811 ἐνεργείαις
1268 4740 1388 4791 vss¹
1606 4741 1672 4793 26
1724 4740 1755 4809 ἡ
1795 4741 1974 4794 addidi
2191 4743 2279 4799 τὰς
2301 4771 2366 4778 --
2390 4741 2498 4806 (28)
2536 4742 2752 4810 γίνονται
2790 4757 2888 4794 om.
2927 4743 3030 4795 8¹1⁴*

462 4830 527 4882 28
562 4828 720 4883 ταύτὰ
755 4833 798 4882 Β
838 4830 975 4883 vict.
1013 4832 1133 4898 Sp..
1181 4826 1359 4881 τάὒτὰ
1398 4832 1460 4880 V:
1506 4832 1665 4881 ταῦτα
1703 4832 1817 4881 SFa
2012 4828 2294 4899 ἐνεργείαις]
2351 4828 2548 4900 ἡδοναῖς
2587 4830 2719 4881 vict.
2937 4830 2999 4883 31
3039 4847 3171 4903 περι-

458 4914 673 4986 γίνεσθαι
711 4936 741 4971 ε
780 4920 867 4985 Sp.
