3684 5567
482 280 605 343 110
1444 273 1745 333 ΑΠΟΡΙΩΝ
1788 273 1908 330 ΚΑΙ
1945 272 2212 330 ΛΥΣΕΩΝ

584 450 815 532 γίνεται,
860 454 925 515 τὸ
972 452 1189 536 θερμόν
1232 476 1295 516 τε
1338 453 1433 514 καὶ
1478 452 1728 535 ψυχρόν·
1772 452 1984 533 γίνεται
2027 450 2134 533 γὰρ
2179 450 2292 511 ὑπὸ
2337 449 2604 533 πλήθους
2647 450 2922 532 ἑκατέρου
2967 454 3068 513 τοῦ
3095 466 3152 508 ιο

587 576 649 615 τε
679 559 905 639 ψυχροῦ
952 558 1047 619 καὶ
1084 560 1185 617 τοῦ
1218 556 1461 639 θερμοῦ,
1508 554 1657 617 ἀλλὰ
1696 558 1925 638 ψυχροῦ
1972 554 2075 637 μὲν
2109 554 2345 633 οἰκείου,
2390 552 2612 637 θερμοῦ
2657 554 2722 616 δὲ
2751 553 3069 637 ἀλλοτρίου.

586 656 682 718 διὰ
724 658 835 741 γὰρ
866 660 969 742 τὴν
1001 658 1267 741 τοιαύτην
1312 658 1409 720 καὶ
1438 662 1637 720 τοῦτον
1682 658 1780 719 τὸν
1811 654 2023 741 τρόπον
2053 657 2351 739 γινομένην
2386 658 2710 741 μεταβολὴν
2753 656 2834 718 τὰ
2862 656 3076 738 σηπό-

587 782 755 839 μενα
786 760 1123 846 ξηρότερα
1150 762 1413 843 γίνεται
1455 762 1566 824 καὶ
1596 760 1794 829 τέλος
1822 764 1906 843 γῆ
1938 760 2052 823 καὶ
2083 758 2356 843 κόπρος.
2412 760 2621 843 γίνεται
2649 760 2759 843 γὰρ
2789 764 2956 823 τοῦτο
2987 758 3074 823 ὅτι
3101 774 3153 817 15

510 881 539 929 5
580 862 887 933 ἐξιόντος
932 864 993 933 ἐξ
1037 864 1287 926 ἑκάστου
1318 868 1435 926 τῶν
1467 863 1813 947 σηπομένων
1847 867 1946 925 τοῦ
1991 862 2254 925 οἰκείου
2298 863 2568 945 θερμοῦ
2613 862 3072 945 συνεξατμίζεται

582 968 678 1029 καὶ
710 968 773 1030 τὸ
807 968 1018 1031 οἰκεῖον
1050 967 1111 1029 ἐν
1141 966 1333 1035 αὐτοῖς
1373 966 1619 1050 ὑγρόν,
1664 964 1749 1051 (ὃ)
1779 966 1958 1029 αἴτιον
1989 967 2198 1048 γίνεται
2229 971 2334 1049 τῆς
2379 966 2707 1051 ξηρότητος,
2752 971 2839 1050 τῷ
2875 965 3079 1051 μηκέτι

583 1070 644 1131 ἐν
688 1070 883 1139 αὐτοῖς
934 1069 1079 1133 εἶναι
1133 1071 1198 1133 τὸ
1243 1068 1597 1153 ἐπαγόμενον
1652 1072 1749 1132 καὶ
1792 1069 2198 1152 ἐπισπώμενον
2253 1071 2317 1131 τὸ
2363 1069 2562 1153 ὑγρόν,
2617 1068 2650 1131 ὃ
2701 1067 2774 1153 ἦν
2819 1067 3074 1153 ἔμφυτος
3097 1083 3155 1125 D
3219 1115 3228 1123 ·

581 1171 642 1234 ἐν
686 1174 917 1257 ἑκάστῳ
964 1174 1271 1259 θερμότης.
1362 1173 1724 1257 προσέθηκεν
1768 1174 1834 1235 δὲ
1879 1173 2206 1236 ἀκόλουθον
2251 1170 2428 1237 οὖσαν
2473 1178 2592 1241 τοῖς
2635 1172 3072 1257 προειρημένοις

584 1277 677 1339 καὶ
722 1279 828 1361 τὴν
872 1278 1053 1340 αἰτίαν
1099 1282 1199 1339 τοῦ
1247 1278 1327 1361 μὴ
1376 1278 1591 1359 ὁμοίως
1648 1277 1718 1339 ἐν
1760 1280 1907 1345 τοῖς
1961 1277 2216 1362 ψύχεσι
2263 1275 2562 1359 σήπεσθαί
2597 1300 2741 1339 τινα.
2827 1280 2914 1358 τῷ
2963 1274 3070 1357 γὰρ

481 1398 543 1445 10
577 1375 811 1442 ἔλαττον
844 1384 943 1442 τοῦ
976 1386 1266 1465 χειμῶνος
1297 1380 1543 1444 εἶναιτὸ
1590 1380 1854 1463 θερμὸν
1899 1380 1968 1442 ἐν
2014 1385 2108 1465 τῷ
2145 1380 2554 1465 περιέχοντι
2597 1380 2710 1465 οὐχ
2749 1380 2934 1447 οὕτως
2975 1392 3156 1460 για-ὕ

580 1482 831 1566 ραίνεταί
869 1506 931 1545 τε
976 1485 1069 1547 καὶ
1116 1484 1483 1568 κατισχύεται
1527 1485 1591 1546 τὸ
1637 1484 1697 1545 ἐν
1730 1484 1961 1567 ἑκάστῳ
2008 1484 2224 1567 θερμὸν
2269 1482 2501 1557 οἰκεῖον,
2545 1482 2666 1545 ἀλλ’
2721 1482 2856 1547 οὐδὲ
2905 1479 2912 1566 Ι
2960 1480 3033 1543 τὰ
3075 1486 3168 1545 213

576 1585 873 1667 πεπηγότα
929 1586 1023 1649 διὰ
1075 1588 1419 1672 ψυχρότητα
1472 1586 1687 1668 ὁμοίως
1742 1589 1986 1668 σήπεται
2041 1591 2125 1671 τῷ
2171 1586 2266 1649 διὰ
2309 1584 2651 1671 ψυχρότητα
2693 1588 2928 1649 πλείονα
2981 1584 3064 1668 μὴ

578 1688 913 1769 κρατεῖσθαι
956 1690 1069 1752 ὑπὸ
1114 1696 1219 1773 τῆς
1262 1691 1321 1753 ἐν
1366 1695 1452 1775 τῷ
1492 1690 1818 1775 περιέχοντι
1862 1690 1990 1773 ἀέρι
2029 1687 2407 1774 θερμότητος,
2452 1690 2580 1753 ἐπεὶ
2623 1690 2688 1752 δὲ
2730 1690 2783 1752 εἰ
2826 1686 3064 1771 ἔμελλεν

576 1790 715 1853 αὐτὸ
762 1796 937 1855 κινεῖν
981 1816 1045 1855 τε
1098 1794 1194 1855 καὶ
1242 1794 1649 1877 μεταβάλλειν,
1705 1797 1792 1877 τῷ
1838 1796 2066 1876 κρατεῖν
2114 1798 2303 1855 κινεῖν.
2395 1791 2514 1855 ἀλλ’
2570 1792 2706 1855 οὐδὲ
2749 1791 2822 1855 τὰ
2869 1791 3068 1863 ζέοντα
3119 1806 3149 1847 ⁵

478 1912 536 1961 15
576 1896 843 1978 σήπεται,
888 1895 1033 1959 διότι
1076 1897 1173 1959 καὶ
1218 1901 1323 1981 τῆς
1366 1896 1425 1959 ἐν
1467 1896 1686 1966 τούτοις
1730 1894 2092 1979 θερμότητος
2134 1896 2387 1959 ἐλάττων
2432 1897 2472 1978 ὴ
2519 1894 2578 1957 ἐν
2609 1899 2695 1979 τῳ
2743 1895 3072 1979 περιέχοντι

574 1996 722 2059 αὐτὰ
768 1998 893 2081 ἀέρι
940 1998 1248 2083 θερμότης.
1336 1996 1453 2063 ἀλλ’
1510 1999 1645 2063 οὐδὲ
1690 1999 1761 2062 τὰ
1807 1998 2114 2082 κινούμενα
2156 2000 2253 2063 καὶ
2298 1998 2502 2083 ῥέοντα
2545 1998 2760 2081 ὁμοίως
2805 1999 2916 2061 ὑπὸ
2963 2002 3066 2061 τοῦ

576 2100 635 2163 ἐν
681 2106 767 2189 τῷ
798 2103 1125 2188 περιέχοντι
1169 2104 1390 2187 θερμοῦ
1436 2108 1726 2187 κρατεῖται
1770 2108 1890 2171 τοῖς
1920 2103 2310 2186 ἀκινητίζουσί
2347 2125 2410 2165 τε
2452 2102 2550 2165 καὶ
2593 2103 2898 2186 ἡρεμοῦσι.
2971 2100 3068 2163 καὶ
3095 2115 3150 2157 1⁰

572 2203 681 2287 γὰρ
710 2206 893 2274 οὕτως
924 2206 1317 2291 ἀσθενεστέρα
1344 2208 1555 2289 γίνεται
1586 2208 1623 2288 ἢ
1656 2207 1717 2268 ἐν
1746 2212 1833 2290 τῷ
1867 2206 1994 2291 ἀέρι
2025 2205 2314 2291 θερμότης
2337 2204 2492 2289 (τῆς)
2521 2206 2581 2269 ἐν
2611 2210 2696 2290 τῷ
2727 2204 3066 2289 κινουμένῳ.

577 2308 615 2389 ἡ
660 2307 769 2391 γὰρ
800 2310 1017 2393 κίνησις
1063 2310 1323 2379 συναύξει
1368 2312 1433 2373 τὸ
1478 2310 1539 2372 ἐν
1578 2312 1809 2394 ἑκάστῳ
1856 2310 2074 2394 θερμὸν
2122 2310 2430 2394 ῥιπίζουσά
2471 2332 2535 2373 τε
2576 2310 2672 2373 καὶ
2717 2308 3064 2378 ἐξάπτουσα.

468 2430 533 2476 20
570 2412 673 2493 τὴν
717 2410 769 2474 δ’
810 2413 991 2497 αὐτὴν
1035 2414 1219 2476 αἰτίαν
1250 2412 1407 2477 εἶπεν
1439 2413 1581 2477 εἶναι
1622 2414 1717 2477 καὶ
1746 2418 1866 2476 τοῦ
1911 2416 1987 2476 τὸ
2027 2414 2199 2477 πολὺ
2231 2414 2436 2498 ἧττον
2477 2417 2595 2477 τοῦ
2627 2412 2864 2495 ὀλίγου
2897 2434 3064 2495 μετα-

570 2516 798 2598 βάλλειν
844 2539 907 2578 τε
953 2517 1043 2579 καὶ
1092 2516 1479 2599 σήπεσθαι.
1570 2520 1765 2580 πλεῖον
1808 2516 1920 2600 γὰρ
1966 2518 2061 2579 καὶ
2104 2518 2169 2580 τὸ
2215 2518 2434 2601 θερμὸν
2479 2517 2577 2580 καὶ
2619 2518 2685 2579 τὸ
2733 2515 2957 2600 ψυχρὸν
3001 2514 3062 2575 ἐν
3091 2528 3144 2571 ιὸ

568 2622 656 2701 τῷ
704 2618 937 2694 πλείονι,
985 2621 1073 2682 διὸ
1118 2623 1320 2704 κρατεῖ
1358 2624 1539 2683 ταῦτα
1584 2624 1699 2683 τῶν
1745 2620 1806 2681 ἐν
1853 2624 1940 2704 τῷ
1987 2620 2312 2705 περιέχοντι
2355 2622 2679 2702 δυνάμεων.
2763 2619 2908 2701 αὕτη
2951 2617 3060 2700 γὰρ

574 2720 747 2793 αἰτία,
793 2716 834 2805 ᾖ
878 2724 975 2784 καὶ
1018 2724 1055 2805 ἡ
1104 2723 1413 2786 θάλαττα
1460 2725 1553 2787 καὶ
1600 2724 1665 2785 τὸ
1698 2722 1839 2786 ἄλλο
1887 2722 2040 2807 ὕδωρ
2074 2722 2472 2807 διαιρούμενον
2517 2722 2834 2805 σήπεται.
2911 2719 3067 2782 εἶπεν

571 2823 667 2884 καὶ
710 2825 813 2906 τὴν
844 2825 1027 2887 αἰτίαν
1074 2830 1174 2889 τοῦ
1220 2827 1287 2890 ἐκ
1316 2831 1432 2889 τῶν
1480 2826 1823 2910 σηπομένων
1868 2826 2187 2909 γεννᾶσθαί
2223 2849 2350 2889 τινα
2381 2830 2522 2898 ζῶα.
2599 2828 2638 2909 ἡ
2682 2824 2792 2909 γὰρ
2836 2824 2904 2887 ἐκ
2947 2828 3063 2887 τῶν
3089 2838 3146 2881 ω

467 2944 531 2992 25
570 2927 914 3010 σηπομένων
968 2928 1339 3013 ἐκκρινομένη
1396 2931 1687 3014 θερμότης
1746 2929 1894 2994 οὖσα
1949 2931 2163 3013 φυσικὴ
2215 2934 2384 3013 γεννᾷ
2437 2952 2560 2991 τινα
2614 2930 2708 2990 καὶ
2765 2927 3063 3011 συνίστησι

570 3028 651 3092 τὰ
696 3028 1145 3114 ἐκκριθέντα,
1190 3032 1250 3095 ἐν
1295 3030 1381 3101 οἷς
1427 3031 1495 3095 ἂν
1540 3031 1787 3115 εὔκρατα
1831 3033 1986 3117 τύχῃ
2029 3031 2326 3114 γενόμενα.

740 3130 940 3197 Εἰπὼν
986 3136 1049 3199 δὲ
1094 3133 1349 3198 καθόλου
1394 3136 1523 3219 περὶ
1570 3141 1673 3218 τῆς
1716 3141 1912 3219 κοινῆς
1961 3135 2240 3217 γενέσεως
2292 3137 2388 3199 καὶ
2433 3136 2659 3221 φθορᾶς
2703 3134 2922 3214 ὁμοίως
2965 3134 3064 3219 ἧλ-
3090 3148 3146 3191 ὕ

572 3236 673 3297 θεν
720 3235 813 3298 ἐπὶ
860 3238 957 3300 τὸν
1002 3238 1131 3320 περὶ
1176 3239 1258 3300 ὧν
1308 3236 1315 3323 Ι
1364 3237 1649 3322 προέθετο
1694 3236 1886 3319 λόγον,
1931 3241 2112 3301 ταῦτα
2157 3236 2209 3301 δ’
2251 3237 2322 3322 ἧν
2367 3240 2433 3300 τὸ
2478 3238 2677 3312 εἰπεῖν,
2721 3237 2818 3301 διὰ
2861 3238 3026 3299 τίνων
3071 3244 3168 3300 214

569 3338 627 3400 αἱ
662 3338 1071 3423 προειρημέναι
1114 3342 1479 3425 δυνάμεις,
1525 3342 1564 3425 ἥ
1610 3364 1673 3403 τε
1719 3340 2009 3424 θερμότης
2052 3342 2148 3405 καὶ
2191 3343 2228 3424 ἡ
2275 3339 2592 3425 ψυχρότης,
2645 3340 3062 3425 ἐργάζονται

466 3460 532 3507 3ο
570 3442 675 3527 τήν
706 3466 769 3505 τε
811 3444 1029 3522 γένεσιν
1062 3450 1178 3507 τῶν
1222 3443 1533 3527 γινομένων
1578 3445 1675 3507 καὶ
1706 3445 1808 3526 τὴν
1854 3443 2081 3528 φθορὰν
2127 3444 2194 3508 ἐκ
2237 3448 2353 3505 τῶν
2401 3443 2792 3527 ὑποκειμένων
2839 3443 3060 3519 αὐταῖς,

568 3549 747 3607 ταῦτα
792 3544 845 3609 δ’
886 3544 959 3628 ἧν
1004 3548 1065 3609 ἐν
1110 3552 1229 3616 τοῖς
1258 3552 1527 3631 φυσικοῖς
1572 3549 1802 3629 σώμασι
1847 3546 1920 3609 τὰ
1965 3547 2109 3631 ξηρά
2152 3570 2216 3609 τε
2259 3546 2356 3610 καὶ
2399 3546 2472 3609 τὰ
2511 3546 2679 3629 ὑγρά·
2728 3550 2908 3609 ταῦτα
2951 3547 3059 3632 γὰρ
3115 3562 3144 3605 5

568 3646 804 3715 ἐκείνοις
858 3648 986 3731 ὅλη.
1076 3650 1202 3713 ἐπεὶ
1246 3650 1355 3734 γὰρ
1410 3654 1570 3713 πᾶσά
1626 3650 1847 3731 γένεσις
1900 3651 1998 3714 καὶ
2054 3648 2347 3734 μεταβολὴ
2409 3649 2520 3711 ὑπὸ
2574 3654 2690 3711 τῶν
2745 3655 3058 3733 ποιητικῶν

570 3750 893 3831 δυνάμεων,
940 3751 1021 3813 ὧν
1052 3752 1116 3815 τὸ
1150 3753 1253 3833 μὲν
1299 3752 1608 3837 θερμότης,
1654 3773 1695 3813 κ
1739 3774 1779 3813 «κ-
1824 3772 1866 3812 κι
1910 3752 2122 3836 κυρίως
2151 3752 2429 3833 γενέσεως
2475 3750 2673 3830 αἴτιον,
2721 3758 3062 3836 κρατοῦντος

565 3852 675 3937 γὰρ
720 3858 821 3916 τοῦ
866 3854 1086 3938 θερμοῦ
1134 3856 1227 3919 καὶ
1269 3856 1661 3938 συγκρίνοντος
1704 3856 1769 3918 τὸ
1816 3854 1988 3939 ξηρόν
2033 3878 2096 3917 τε
2139 3855 2232 3919 καὶ
2279 3854 2344 3917 τὸ
2388 3854 2558 3939 ὑγρὸν
2605 3854 2918 3924 πέσσοντος
2961 3858 3058 3921 καὶ
3087 3871 3140 3913 ιο

465 3974 527 4023 35
568 3956 855 4040 ὁρίζοντος
899 3981 936 4040 η
982 3958 1215 4039 γένεσις.
1304 3958 1355 4021 εἰ
1400 3959 1464 4021 δὲ
1510 3958 1592 4041 μὴ
1622 3958 1862 4041 κρατοίη
1896 3962 2062 4020 τοῦτο
2093 3962 2175 4042 τῷ
2210 3958 2432 4042 ψυχρὸν
2465 3961 2660 4020 πλεῖον
2692 3956 2858 4033 εἶναι,
2911 3981 3060 4021 κατι-

567 4064 749 4143 σχῦον
800 4062 866 4122 τὸ
920 4062 1145 4145 ψυχρὸν
1198 4065 1313 4123 τῶν
1374 4061 1642 4125 ἐναντίων
1696 4060 1877 4123 αἴτιον
1933 4062 2159 4146 φθορᾶς
2210 4082 2276 4123 τε
2325 4062 2422 4124 καὶ
2480 4062 2732 4145 σήψεως.
2823 4061 2948 4123 ἐπεὶ
2993 4061 3060 4124 δὲ

458 4287 490 4338 4
528 4284 605 4339 ὅτι
642 4288 756 4353 Sp.=
791 4290 881 4339 τοῦ
919 4286 1040 4339 libri
1263 4288 1293 4340 6
1330 4285 1403 4351 (ὃ)
1438 4285 1595 4341 αἴτιον
1634 4288 1769 4341 vict.
1806 4290 1896 4354 Sp.
2129 4287 2210 4339 13.
2254 4287 2318 4339 14
2353 4287 2708 4355 intellegerem
2743 4304 2793 4339 v.
2825 4284 2886 4340 13
2923 4285 3167 4341 κινεῖσθαι

458 4372 554 4425 ὑπὸ
594 4382 643 4427 et
679 4372 848 4443 ἐπειδὴ
886 4373 1015 4440 (ἐπεί
1050 4390 1104 4443 γε
1138 4374 1249 4441 Sp.)
1288 4374 1321 4426 ἃ
1357 4375 1398 4426 ἔ.
1436 4382 1488 4427 et
1526 4392 1572 4426 v,
1605 4375 1669 4427 14
1707 4373 1862 4426 αὐτοῦ
1901 4381 2100 4445 κρατεῖν
2137 4382 2188 4427 et
2224 4382 2384 4427 κινεῖν
2423 4383 2598 4445 κρατεῖ
2632 4375 2736 4447 (κρ.
2773 4382 2904 4428 κινεῖ
2939 4374 3052 4442 Sp.)

464 4460 525 4513 15
564 4460 685 4513 διότι
722 4462 930 4529 scripsi:
968 4460 1043 4513 διὸ
1081 4461 1201 4514 libri
1400 4462 1461 4514 16
1500 4461 1595 4513 ὑπὸ
1633 4466 1725 4513 τοῦ
1762 4464 1879 4529 Sp.:
1917 4458 2007 4513 ὑπ’
2047 4461 2202 4514 αὐτοῦ
2239 4462 2358 4515 libri
2579 4462 2639 4514 17
2675 4460 2864 4532 θερμοῦ
2900 4461 2964 4516 S²
3001 4464 3162 4515 vict-z

458 4545 635 4618 θερμῷ
673 4548 791 4600 libri
961 4548 1023 4600 18
1060 4546 1383 4619 ἀσθενεστέρα
1420 4550 1631 4615 scripsi:
1672 4546 2022 4619 εὐσθενεστέρα
2057 4549 2173 4601 libri
2193 4570 2204 4600 ι
2243 4546 2592 4622 εὒσθενέστερα
2627 4552 2716 4619 sp.
2893 4548 2926 4620 ἡ
2965 4550 2996 4620 ἡ
3025 4551 3163 4603 vict.

459 4638 547 4701 Sp.
758 4639 849 4705 τῆς
884 4635 1063 4688 addidi
1276 4635 1343 4687 20
1378 4634 1511 4688 εἶπεν
1550 4650 1649 4687 om.
1688 4653 1720 4687 a
1756 4638 1844 4700 Sp.
2050 4640 2140 4689 τοῦ
2179 4636 2238 4689 τὸ
2275 4640 2388 4705 δρα
2426 4642 2576 4691 τοῦτο
2614 4638 2732 4691 libri
2931 4638 2998 4689 2‘2
3035 4635 3164 4707 αὕτη

456 4724 533 4775 Fa
569 4722 683 4790 Spa
721 4740 848 4795 αυτη
875 4727 939 4775 V:
978 4722 1104 4793 αὑτὴ
1146 4723 1210 4775 B:
1249 4718 1374 4791 αὕτη
1402 4724 1440 4775 S
1607 4722 1673 4774 23
1712 4720 1744 4791 ᾖ
1775 4723 1907 4775 vict.
1945 4726 2058 4791 Sp.:
2113 4724 2146 4793 ἢ
2185 4727 2249 4777 V:
2305 4740 2405 4777 om.
2441 4728 2558 4779 FSa
2719 4725 2752 4794 ἡ
2790 4724 3012 4777 θάλαττα
3049 4728 3161 4792 Sp.:

454 4810 549 4881 τὴν
584 4808 835 4862 θάλατταν
872 4810 989 4863 libri
1156 4810 1220 4861 27
1259 4813 1409 4878 κενῆς
1435 4813 1482 4859 V
1650 4810 1717 4861 33
1755 4808 1972 4863 fortasse
2009 4810 2275 4882 θερμότης,
2314 4812 2394 4877 (τὸ
2419 4811 2472 4865 δὲ
2510 4812 2782 4885 ψυχρότης,
2819 4810 3092 4885 θερμότης)

457 4898 523 4950 35
561 4898 659 4967 τῷ]
696 4897 772 4968 τῷ
805 4896 864 4949 τὸ
902 4900 1038 4951 coni.
1076 4902 1163 4965 Sp.
