3684 5567
512 262 635 328 136
965 258 1293 331 [ΑΠΟΡΙΩΝ
1334 257 1456 315 ΚΑΙ
1495 256 1756 314 ΛΥΣΕΩΝ
1798 256 2084 314 BIBAION
2122 255 2490 314 TETAPTON
2537 258 2762 327 14—17]

618 432 791 497 κατὰ
834 437 956 518 τὴν
1004 434 1159 519 ὄψιν
1205 436 1267 497 οἱ
1314 433 1815 519 ἐμβλέποντες,
1874 434 2247 516 μετέπειτα
2297 432 2349 497 δ’
2405 433 2485 497 ού
2529 434 2794 517 γίνεται
2837 432 3124 516 τοιαύτη

620 538 657 621 ἡ
705 538 1055 621 ἐνέργεια,
1113 536 1286 600 ἀλλὰ
1333 538 1920 622 παρημελημένη,
1977 538 2081 601 διὸ
2137 537 2250 600 καὶ
2301 539 2341 621 ἡ
2397 538 2615 621 ἡδονὴ
2669 538 3121 621 ἀμαυροῦται.

624 640 685 702 ἐν
728 640 834 724 γὰρ
879 646 1003 709 ταῖς
1036 639 1320 709 τοιαύταις
1367 639 1624 704 ἀνέσεσίν
1670 664 1733 703 τε
1778 642 1872 704 καὶ
1919 640 2314 725 ἠμελημέναις
2358 640 2668 723 ἐνεργείαις
2711 641 2805 703 καὶ
2852 642 3125 723 ἀμαυρώ-
3151 654 3206 697 2⁰

623 764 777 806 σεσιν
808 749 915 827 τῆς
944 745 1158 827 ἡδονῆς
1187 746 1251 806 τὸ
1287 744 1470 828 χωρὶς
1501 745 1713 827 ἡδονῆς
1743 742 1963 807 ἄλυπόν
1995 744 2146 807 ἐστιν
2178 744 2384 827 εὑρεῖν.
2444 742 2532 806 ὅτι
2563 742 2628 806 δέ
2656 766 2824 806 τινων
2855 742 3125 807 αἰσθανό-

552 868 581 916 5
622 846 779 927 μεθα
810 845 945 909 οὔτε
975 845 1253 930 ἡδόμενοι
1298 844 1429 909 οὔτε
1468 846 1837 927 λυπούμενοι,
1885 846 2040 929 λέγει
2085 848 2180 909 καὶ
2227 846 2404 930 ἐν.τῷ
2449 844 2705 931 δευτέρῳ
2739 844 2878 931 Περὶ
2909 850 3124 929 ψυχῆς.

621 951 751 1035 περὶ
797 950 904 1033 γὰρ
950 952 1296 1033 ὀσφρήσεως
1341 950 1437 1012 καὶ
1482 954 1598 1012 τῶν
1646 950 1956 1035 ὀσφρητῶν
2003 949 2062 1011 ἐν
2111 949 2273 1034 αὐτῷ
2318 949 2502 1032 λέγων
2547 948 2733 1012 εἶπεν
2781 946 3092 1033 φαύΙλως
3135 954 3230 1011 261

624 1052 751 1137 γὰρ
797 1050 1171 1136 ἄνθρωπος
1216 1052 1521 1134 ὀσμᾶται
1578 1054 1692 1115 καὶ
1738 1052 2022 1122 οὐδενὸς
2067 1052 2482 1115 αἰσθάνεται
2528 1056 2661 1116 τῶν
2709 1052 3121 1137 ὀσφραντῶν

621 1155 790 1219 ἄνευ
848 1159 966 1217 τοῦ
1020 1158 1333 1239 λυπηροῦ
1381 1154 1418 1238 ἢ
1472 1160 1593 1218 τοῦ
1646 1156 1878 1239 ἡδέος.
1975 1156 2026 1217 εἰ
2077 1155 2187 1239 γὰρ
2241 1155 2499 1239 φαύλως,
2561 1154 2704 1218 διότι
2763 1154 2955 1238 μόνων
3009 1160 3124 1218 τῶν

621 1258 811 1343 ἡδέων
856 1282 919 1321 τε
964 1258 1061 1321 καὶ
1106 1261 1379 1341 λυπηρῶν
1426 1259 1791 1339 αἰσθάνεται,
1847 1262 2022 1342 δῆλον
2069 1262 2151 1328 ὡς
2194 1264 2318 1327 ταῖς
2361 1257 2564 1327 ἄλλαις
2609 1258 2982 1343 αἰσθήσεσιν,
3035 1258 3126 1325 αἶς
3179 1273 3208 1315 5

524 1384 585 1431 10
622 1362 690 1425 οὐ
736 1360 972 1445 φαύλως
1018 1360 1453 1443 αἰσθανόμεθα,
1507 1361 1913 1445 αἰσθανοίμεθ’
1971 1360 2038 1425 ἂν
2094 1364 2190 1425 καὶ
2235 1360 2369 1425 οὔτε
2413 1362 2604 1446 ἡδέων
2649 1360 2786 1425 οὔτε
2829 1365 3122 1445 λυπηρῶν.

622 1466 740 1541 ἀλλ’
798 1466 848 1527 εἰ
903 1466 997 1527 καὶ
1052 1469 1168 1527 τῶν
1222 1468 1553 1549 στερήσεων
1610 1470 1723 1527 τῶν
1777 1467 2075 1550 αἰσθητῶν
2131 1468 2352 1548 ἑκάστῃ
2407 1466 2682 1549 αἰσθήσει
2737 1468 2852 1527 τῶν
2899 1464 3125 1528 οἰκείων

622 1567 1053 1649 αἰσθανόμεθα,
1111 1569 1287 1651 δῆλον
1343 1570 1423 1637 ὡς
1466 1570 1505 1651 ἡ
1553 1568 1768 1631 τούτων
1824 1567 2099 1653 αἴσθησις
2141 1566 2275 1631 οὔτε
2328 1566 2466 1652 μεθ’
2523 1569 2739 1651 ἡδονῆς
2792 1565 2924 1630 οὔτε
2979 1566 3126 1649 μετὰ
3153 1582 3210 1623 1⁰

623 1672 809 1756 λύπης
850 1672 1079 1754 γίνοιτο.

619 1914 754 1979 XV.
831 1910 989 1979 ‘'Ott
1030 1915 1069 1996 ἡ
1104 1913 1458 1997 ἀφροσύνη
1504 1914 1765 1976 τούτων
1812 1910 2012 1975 ἔσται
2057 1912 2333 1996 ἄγνοια,
2379 1914 2469 1976 ὧν
2517 1916 2553 1996 ἡ
2600 1914 2938 1998 φρόνησις
2981 1911 3124 1975 ἐπι-

519 2037 578 2086 15
1753 2018 2006 2099 στήμη.

792 2180 864 2251 Εἰ
908 2190 946 2271 ἡ
993 2186 1267 2272 φρόνησις
1314 2188 1607 2271 ἐπιστήμη
1663 2188 1786 2252 ἐστὶ
1840 2187 2127 2271 ποιητέων
2173 2210 2236 2250 τε
2281 2188 2376 2250 καὶ
2432 2187 2499 2251 οὐ
2545 2186 2862 2271 ποιητέων,
2921 2186 3014 2269 εἴη
3058 2184 3126 2249 ἂν

622 2291 716 2353 καὶ
761 2294 799 2374 ἡ
848 2290 1145 2376 ἀφροσύνη
1194 2290 1395 2373 ἄγνοια
1440 2296 1555 2354 τῶν
1601 2290 1825 2366 αὐτῶν,
1880 2293 1977 2353 καὶ
2024 2290 2270 2375 ἄφρονες
2315 2292 2369 2353 οἱ
2417 2291 2634 2353 τούτων
2687 2312 2742 2352 τι
2789 2290 3125 2371 ἀγνοοῦντες
3153 2302 3206 2345 15

620 2395 719 2457 καὶ
764 2396 895 2480 περὶ
940 2399 1120 2458 ταῦτα
1164 2393 1584 2478 διεψευσμένοι.
1655 2395 1709 2457 εἰ
1752 2395 1817 2457 δὲ
1863 2398 2052 2471 τοῦτο,
2099 2394 2167 2457 οὐ
2199 2396 2408 2463 πάντες
2452 2395 2506 2456 οἱ
2553 2391 2901 2477 ψευδόμενοί
2937 2415 2990 2455 τι
3033 2397 3116 2476 τῷ

617 2498 959 2582 ἠπατήσθαι
1006 2497 1251 2583 ἄφρονες
1299 2496 1365 2561 ἄν
1398 2496 1532 2561 εἶεν.
1601 2497 1669 2560 οὐ
1714 2497 1825 2583 γὰρ
1871 2502 2030 2561 πᾶσα
2075 2504 2285 2580 γνῶσις
2329 2498 2368 2580 ἢ
2401 2498 2594 2580 ἀπάτη
2643 2498 2774 2580 περὶ
2818 2502 2933 2560 τῶν
2965 2519 3122 2579 ποιη-

514 2622 581 2668 20
618 2602 765 2665 τέων
811 2602 849 2684 ἢ
897 2600 964 2664 οὐ
1011 2601 1296 2683 ποιητέων
1344 2600 1515 2664 ἐστίν.
1606 2599 1737 2663 οὔτε
1781 2600 1890 2683 γὰρ
1937 2602 1976 2683 ἡ
2023 2601 2154 2685 περὶ
2210 2604 2312 2664 τοῦ
2357 2601 2453 2663 τὸν
2509 2598 2724 2684 κόσμον
2771 2599 2916 2663 εἶναι
2959 2598 3128 2661 τοῦδέ
3153 2612 3211 2655 8⁰

618 2728 765 2774 τινος
810 2704 1115 2788 σχήματος
1156 2708 1365 2785 γνῶσις
1410 2704 1449 2786 ἢ
1498 2703 1692 2786 ἀπάτη
1740 2705 1872 2788 περὶ
1917 2704 2203 2787 ποιητέων
2251 2704 2422 2777 ἐστίν,
2470 2701 2604 2765 οὔτε
2649 2704 2781 2787 περὶ
2823 2706 2926 2765 τοῦ
2970 2724 3129 2784 γενη·

618 2808 715 2869 τὸν
763 2805 1111 2889 ἣάγένητον
1156 2805 1328 2869 αὐτὸν
1376 2806 1541 2881 εἶναι,
1588 2807 1625 2889 ἢ
1660 2807 2095 2892 πεπερασμένον
2141 2806 2180 2889 ἢ
2215 2805 2474 2890 ἄπειρον,
2519 2805 2556 2889 ἢ
2607 2804 2708 2868 ἕνα
2751 2804 2790 2887 ἢ
2837 2804 3125 2887 ἀπείρους,

622 2909 756 2973 οὔτε
812 2911 909 2973 τὸν
963 2914 1078 2971 τῶν
1136 2908 1365 2994 ἄστρων
1420 2910 1668 2993 ἀριθμὸν
1724 2910 1762 2993 ἢ
1810 2911 2073 2995 περιττὸν
2127 2908 2271 2973 εἶναι
2328 2908 2365 2990 ἢ
2411 2907 2632 2991 ἄρτιον,
2695 2906 2830 2971 οὔτε
2875 2908 2940 2970 τὸ
2986 2905 3129 2968 εἶναι

620 3017 722 3075 τοῦ
769 3012 990 3095 κόσμου
1045 3013 1111 3075 τὸ
1160 3013 1262 3094 μὲν
1308 3010 1429 3074 ἄνω
1484 3013 1549 3075 τὸ
1604 3014 1668 3075 δὲ
1722 3015 1913 3088 κάτω,
1975 3010 2105 3076 οὔθ’
2165 3013 2317 3081 ὅλως
2367 3010 2372 3097 fl
2422 3037 2476 3076 τι
2519 3018 2634 3076 τῶν
2689 3012 2771 3081 εἰς
2813 3012 3024 3094 γνῶσίν
3069 3034 3130 3075 τε
3157 3026 3211 3067 ⁸⁵

519 3136 583 3183 25
624 3116 723 3177 καὶ
770 3114 1021 3198 θεωρίαν
1068 3114 1488 3177 συντελούντων
1535 3117 1735 3199 μόνην.
1827 3114 1944 3179 ἀλλ’
2003 3118 2055 3179 εἰ
2101 3114 2252 3179 ἔστιν
2307 3117 2345 3199 ἡ
2393 3117 2524 3199 περὶ
2568 3119 2750 3179 ταῦτα
2793 3114 3088 3199 ἐπιστήμη
3133 3122 3237 3178 262

627 3218 807 3300 ἄλλης
853 3218 1083 3301 ἀρετῆς,
1148 3217 1264 3281 ἀλλ’
1324 3218 1392 3281 οὐ
1436 3220 1807 3303 φρονήσεως,
1871 3219 2088 3301 ὁμοίως
2141 3220 2238 3281 καὶ
2293 3219 2332 3302 ἡ
2388 3218 2586 3301 ἀπάτη
2640 3219 2771 3301 περὶ
2824 3217 2972 3281 αὐτὰ
3025 3216 3130 3281 οὐκ

629 3319 947 3404 ἀφροσύνη,
996 3319 1147 3383 ἀλλὰ
1192 3321 1364 3383 κακία
1412 3345 1493 3390 τις
1537 3320 1705 3405 ἄλλη.
3185 3337 3212 3379 5

624 3578 791 3642 XVI.
894 3578 1045 3647 Πῶς
1116 3578 1176 3640 εἰ
1242 3581 1279 3661 ἡ
1339 3579 1521 3663 λύπη
1587 3581 1799 3643 κακὸν
1867 3584 2085 3657 πᾶσα,
2153 3580 2313 3666 οὐχὶ
2379 3582 2491 3644 καὶ
2560 3582 2596 3663 ἡ
2665 3581 2882 3663 ἡδονὴ
2949 3584 3132 3643 πᾶσα

1736 3682 2019 3765 ἀγαθόν.

521 3874 589 3922 30
798 3850 870 3917 Εἰ
915 3854 1140 3936 ἡλύπη
1186 3854 1362 3916 κακὸν
1409 3856 1590 3928 πᾶσα,
1639 3853 1889 3917 ἐναντίον
1937 3856 2000 3918 δὲ
2045 3860 2124 3937 τῇ
2158 3855 2314 3937 λύπῃ
2362 3856 2637 3939 ἡὴδονή,
2683 3858 2810 3922 πῶς
2853 3854 2989 3939 οὐχὶ
3034 3856 3131 3918 καὶ

632 3956 777 4040 αὐτὴ
827 3960 985 4019 πᾶσα
1030 3955 1252 4039 ἀγαθὸν
1299 3956 1337 4040 ἢ
1385 3960 1545 4019 πᾶσα
1590 3954 1795 4033 κακόν,
1850 3956 2013 4041 εἴγε
2056 3962 2143 4043 τῷ
2190 3962 2352 4043 κακῷ
2410 3958 2474 4021 τὸ
2522 3957 2771 4020 ἐναντίον
2817 3958 3038 4042 ἀνάγκη
3085 3960 3209 4043 ῆιο

526 4240 548 4291 l
590 4237 924 4308 ἐμβλέποντες
946 4237 1111 4292 B²S2a
1136 4240 1250 4303 Sp.=
1292 4238 1619 4307 ἐκβλέποντες
1648 4243 1738 4292 VB
1752 4241 1872 4292 ¹S¹F
2051 4241 2235 4309 γίνεται
2271 4255 2370 4293 om.
2411 4242 2570 4292 Arist.
2607 4240 2747 4309 vulg.
2927 4240 2957 4291 2
2995 4240 3237 4311 ἐνέργεια]

520 4344 553 4378 α
590 4344 629 4377 s,
657 4343 704 4377 v.
734 4329 777 4375 V
967 4326 999 4378 3
1036 4324 1310 4393 τοιαύταις]
1350 4345 1373 4383 ς
1410 4329 1466 4378 in
1505 4328 1581 4379 lit.
1608 4332 1657 4379 V
1833 4326 2510 4397 τοιαύταις-ἠμελημένως
2547 4341 2647 4379 om.
2675 4344 2707 4378 a
2743 4326 3240 4400 (ἀνέσεσι-ἠμελη-

522 4416 691 4483 μέναις
729 4413 845 4465 add.
875 4414 1028 4479 vict„
1073 4415 1159 4483 qui
1199 4413 1451 4471 τοιαύταις
1488 4413 1654 4467 delere
1692 4415 1914 4481 videtur,
1953 4416 2091 4483 quod
2129 4430 2228 4467 om.
2265 4416 2376 4481 Sp.)
2589 4414 2622 4465 4
2659 4413 2742 4480 τὸ]
2779 4413 2807 4466 ὀ
2844 4416 2901 4467 in
2937 4416 3016 4467 lit.
3043 4420 3108 4467 V:
3146 4420 3238 4470 τοῦ

520 4502 655 4553 vict.
852 4500 884 4553 5
923 4502 973 4552 ἐν
1012 4502 1089 4570 τῷ
1124 4500 1338 4570 δευτέρῳ
1380 4497 1499 4570 Περὶ
1536 4500 1729 4574 ψυχῆς]
1770 4503 1831 4554 de
1869 4520 1952 4555 an.
1981 4503 2044 4565 ΙΙ,
2071 4502 2118 4553 9.
2159 4502 2374 4555 421210
2566 4500 2628 4551 17
2667 4501 2698 4571 ἡ
2740 4517 2839 4555 om.
2877 4520 2909 4554 a
2947 4506 3034 4570 Sp.

523 4588 591 4639 20
626 4592 716 4641 τοῦ
741 4587 826 4639 τὸν
854 4588 925 4639 B²
945 4586 1147 4641 vict.?=
1184 4593 1361 4641 τοῦτον
1386 4589 1504 4641 libri
1682 4588 1851 4659 τοῦδέ]
1877 4589 2068 4643 τοιοῦδέ
2093 4608 2126 4641 a
2149 4593 2237 4657 Sp.
2415 4590 2476 4642 21
2520 4588 2652 4659 περὶ]
2680 4589 2776 4660 πρὸ
2803 4608 2834 4641 a
2999 4591 3066 4644 23
3103 4595 3236 4655 (τοῦ)

521 4691 607 4744 τὸν
646 4694 779 4744 coni.
806 4694 895 4758 Sp.
1074 4690 1156 4759 τὸ]
1196 4711 1254 4745 το
1296 4698 1357 4743 V:
1396 4698 1485 4746 τοῦ
1524 4695 1658 4747 coni.
1699 4698 1787 4762 Sp.
1968 4694 2032 4747 26
2074 4694 2156 4747 καὶ
2194 4696 2329 4747 coni.
2376 4698 2490 4763 Sp.:
2539 4682 2592 4746 δέ
2627 4696 2714 4747 καὶ
2757 4700 2816 4746 V:
2856 4694 2908 4748 δὲ
2945 4698 3032 4747 καὶ
3065 4715 3099 4747 a

522 4780 687 4847 ἀπατη
727 4783 776 4830 V
954 4778 1019 4829 27
1066 4778 1347 4849 ἀφροσύνης
1384 4798 1415 4831 a
1450 4782 1567 4847 Sp.·
1736 4783 1920 4841 κακίας
1955 4799 2085 4841 τινος
2123 4782 2277 4853 ἄλλης
2314 4785 2449 4836 coni.
2489 4786 2578 4851 Sp.
2775 4783 2842 4835 28
2879 4784 3040 4837 κακὸν
3077 4784 3232 4855 πᾶσα]

522 4872 656 4920 πᾶσα
694 4865 853 4921 κακόν
892 4867 1025 4919 coni.
1065 4869 1153 4937 Sp.
1190 4867 1315 4918 item
1354 4884 1402 4919 v,
1430 4868 1499 4923 30
