3684 5567
594 253 717 317 154
1110 249 1437 321 [ΑΠΟΡΙΩΝ
1478 250 1597 307 ΚΑΙ
1636 247 1902 305 ΛΥΣΕΩΝ
1941 248 2224 306 BIBAION
2263 246 2636 305 TETAPTON
2674 249 2766 318 ⁶27]

696 448 759 487 τε
814 427 909 489 καὶ
963 426 1067 495 τὰς
1121 424 1379 510 πράξεις,
1432 431 1535 509 τῆς
1589 425 1913 509 ὡρισμένης
1965 428 2050 511 τῷ
2097 426 2263 510 ὀρθῷ
2319 423 2503 509 λόγῳ,
2557 426 2660 486 τοῦ
2713 422 2773 484 ἐν
2827 426 2943 489 τοῖς
2997 419 3194 502 ἄκροις
3245 435 3273 477 ὁ

696 524 761 589 εὖ
814 551 876 590 τε
929 531 1025 592 καὶ
1078 530 1260 591 καλοῦ
1315 530 1733 612 τυγχάνουσαν.
1832 525 1920 590 ὅτι
1971 528 2037 591 δὲ
2089 528 2272 597 οὕτως
2333 524 2480 612 ἔχει.
2536 528 2710 609 δῆλον
2771 524 3017 606 ἑκάστην
3069 527 3186 585 τῶν

698 631 922 714 ἠθικῶν
978 633 1199 716 ἀρετῶν
1262 631 1807 717 προχειριζομένοις.
1899 633 1938 714 ἤ
1995 654 2057 694 τε
2109 631 2216 713 γὰρ
2273 630 2505 713 ἀνδρεία
2557 630 2658 697 τὰς
2712 625 3033 711 ὑπερβολὰς
3083 630 3184 688 τοῦ

697 756 760 795 τε
826 734 1077 819 θάρρους
1154 736 1248 798 καὶ
1318 739 1431 796 τῶν
1500 733 1727 819 φόβων,
1806 734 2023 816 ὁμοίως
2087 734 2151 796 δὲ
2223 734 2317 797 καὶ
2394 732 2495 801 τὰς
2564 730 2838 815 ἐλλείψεις
2905 732 3187 813 φυλασσο-
3217 734 3304 786 ιο·

624 856 652 903 5
694 834 839 920 μένη
892 842 993 900 τοῦ
1038 836 1097 899 ἐν
1142 836 1363 905 τούτοις
1406 835 1471 900 εὖ
1517 838 1813 921 τυγχάνει·
1871 840 1986 898 τῶν
2031 836 2095 899 δὲ
2149 836 2277 920 περὶ
2331 834 2433 903 τὰς
2485 834 2810 919 ὓπερβολάς
2855 854 2917 894 τε
2963 831 3178 894 τούτων

694 938 791 1000 καὶ
845 938 948 1007 τὰς
1000 940 1219 1009 ἐνδείας
1271 939 1445 1009 ἕξεων
1499 941 1537 1023 ἡ
1595 939 1697 1021 μέν
1753 940 1872 1003 ἐστι
1935 937 2256 1022 θρασύτης,
2322 938 2360 1020 ἡ
2420 938 2483 1000 δὲ
2535 936 2745 1004 δειλία,
2811 934 2986 997 κακία
3039 931 3184 997 οὖσα

696 1039 886 1103 αὐτῶν
944 1042 1206 1126 ἑκατέρα.
1296 1042 1444 1105 ἀλλὰ
1489 1044 1585 1105 καὶ
1638 1044 1676 1125 ἢ
1728 1039 2077 1123 σωφροσύνη
2131 1044 2232 1102 τοῦ
2285 1039 2458 1103 αὐτοῦ
2515 1038 2644 1120 περὶ
2699 1037 2799 1104 τὰς
2852 1039 3188 1118 σωματικάς
3215 1053 3268 1096 15

694 1166 755 1205 τε
786 1146 881 1207 καὶ
927 1143 998 1207 δι’
1042 1146 1197 1230 ἁφῆς
1226 1144 1525 1228 γινομένας
1567 1144 1779 1227 ἡδονάς
1822 1165 1887 1205 τε
1931 1143 2026 1203 καὶ
2066 1141 2251 1211 λύπας
2293 1142 2586 1226 τυγχάνει,
2631 1138 3032 1225 φυλαττομένη
3081 1141 3184 1221 μὲν

694 1246 793 1315 τὰς
839 1246 985 1309 κατὰ
1030 1252 1209 1311 ταῦτα
1251 1247 1571 1331 ὑπερβολάς
1628 1269 1690 1309 τε
1735 1246 1829 1309 καὶ
1875 1244 2122 1317 ἐνδείας,
2179 1243 2495 1327 αἱρουμένη
2541 1242 2606 1305 δέ
2649 1267 2702 1305 τι
2746 1242 2892 1305 κατὰ
2946 1244 3044 1305 τὸν
3090 1244 3184 1326 ὀρ-

593 1367 655 1414 10
694 1346 799 1410 θὸν
852 1350 1021 1431 λόγον
1076 1349 1251 1433 μέσον
1308 1351 1367 1413 ἐν
1422 1348 1649 1423 αὐταῖς,
1713 1353 1827 1411 τῶν
1885 1348 1949 1410 δὲ
2003 1346 2063 1409 ἐν
2107 1351 2228 1415 ταῖς
2281 1346 2624 1431 ὑπερβολαῖς
2679 1346 2893 1409 τούτων
2949 1345 3043 1408 καὶ
3099 1345 3182 1407 ἐν·
3205 1360 3265 1403 2⁰

692 1451 866 1519 δείαις
912 1451 1088 1520 ἕξεων
1142 1478 1179 1537 η
1230 1453 1330 1535 μὲν
1378 1451 1526 1516 κατὰ
1580 1452 1681 1535 τὴν
1728 1450 2054 1535 ὑπερβολὴν
2109 1446 2359 1521 ἀσωτία,
2414 1451 2450 1531 ἡ
2507 1450 2571 1512 δὲ
2615 1450 2760 1511 κατὰ
2815 1450 2916 1533 τὴν
2962 1444 3180 1511 ἔνδειαν

694 1553 1062 1637 ἀναισθησία.
1132 1556 1347 1638 ὁμοίως
1392 1555 1457 1617 δὲ
1487 1555 1583 1618 καὶ
1614 1559 1738 1622 ταῖς
1781 1554 1960 1621 ἕξεσιν
2001 1552 2230 1621 ταύταις
2273 1550 2504 1635 ἔχουσιν
2551 1552 2644 1613 καὶ
2689 1553 2817 1635 περὶ
2862 1551 2961 1619 τὰς
3005 1550 3184 1619 ἄλλας

692 1656 921 1739 πράξεις
964 1659 1059 1721 καὶ
1107 1657 1178 1720 τὰ
1222 1658 1282 1720 ἐν
1314 1656 1515 1725 αὐταῖς
1560 1657 1723 1739 πάθη
1767 1656 1838 1718 αἵ
1872 1678 1934 1718 τε
1979 1655 2176 1740 ἀρεταὶ
2223 1654 2536 1739 μεσότητες
2579 1652 2748 1717 οὖσαι
2793 1654 2888 1717 καὶ
2931 1656 2990 1716 αἱ
3035 1652 3180 1716 κατὰ

695 1758 796 1827 τὰς
842 1760 1166 1846 ὑπερβολάς
1206 1784 1270 1824 τε
1314 1760 1410 1823 καὶ
1454 1758 1554 1828 τὰς
1600 1759 1817 1827 ἐνδείας
1863 1758 2072 1821 κακίαι.
2125 1756 2130 1843 Ι
3207 1771 3263 1814 25

591 1880 653 1929 15
860 1860 992 1927 Τῶν
1047 1865 1112 1928 δὲ
1166 1864 1233 1927 οὐ
1296 1861 1633 1948 φασκόντων
1689 1862 1789 1929 τὰς
1851 1862 2057 1946 ἀρετὰς
2110 1861 2254 1925 εἶναι
2309 1859 2627 1945 μεσότητας
2675 1862 2713 1946 ἢ
2769 1858 2840 1925 δι’
2903 1860 3133 1941 ἄγνοιαν
3178 1866 3284 1923 296

688 1969 804 2027 τῶν
850 1967 1167 2052 εἰρημένων
1215 1966 1253 2050 ἢ
1308 1966 1401 2029 διὰ
1446 1966 1767 2051 φιλοτιμίαν
1830 1968 1932 2029 τοῦ
1990 1965 2085 2029 καὶ
2139 1966 2281 2050 πρὸς
2337 1969 2503 2027 τοῦτο
2555 1966 2744 2029 δοκεῖν
2798 1989 2852 2028 τι
2895 1963 3077 2046 λέγειν
3123 1964 3176 2025 οἱ

695 2067 797 2149 μὲν
843 2066 910 2131 οὐ
940 2070 1260 2152 φάσκοντες
1304 2070 1584 2133 δύνασθαι
1628 2068 1923 2153 μεσότητα
1967 2068 2071 2151 τὴν
2119 2068 2328 2153 ἀρετὴν
2372 2066 2518 2130 εἶναι
2561 2066 2656 2130 διὰ
2697 2068 2766 2129 τὸ
2812 2067 2928 2130 δεῖν
2976 2066 3078 2148 μὲν
3107 2066 3174 2129 τὸ
3228 2082 3258 2125 ε

696 2171 870 2254 μέσον
916 2170 1213 2255 ὁρίζεσθαι
1258 2176 1375 2241 τοῖς
1421 2171 1617 2255 ἄκροις
1660 2173 1756 2235 καὶ
1801 2172 1919 2235 ἀπὸ
1967 2171 2184 2235 τούτων
2229 2170 2351 2235 ἴσον
2388 2171 2742 2255 ἀφεστάναι,
2796 2170 2876 2254 μὴ
2923 2168 3068 2233 εἶναι
3111 2170 3176 2232 δὲ

690 2276 836 2356 μήτε
880 2274 939 2336 ἐν
981 2278 1099 2343 τοῖς
1132 2274 1375 2339 πάθεσιν
1422 2276 1569 2358 μήτε
1614 2274 1673 2337 ἐν
1708 2278 1833 2344 ταῖς
1876 2274 2144 2359 πράξεσιν
2194 2276 2342 2358 μήτε
2385 2274 2486 2343 τὰς
2519 2272 2841 2359 ὑπερβολὰς
2886 2274 3032 2355 μήτε
3075 2270 3179 2341 τὰς

584 2394 651 2442 20
686 2376 903 2445 ἐνδείας
958 2377 1301 2461 ὡρισμένας,
1354 2376 1487 2442 οὔτε
1538 2377 1643 2462 γὰρ
1691 2379 1728 2463 ἡ
1774 2382 1876 2441 τοῦ
1921 2377 2158 2462 θαρρεῖν
2207 2378 2447 2462 ἀμετρία
2495 2376 2670 2462 μέχρι
2712 2376 2858 2444 τίνος
2901 2374 3173 2459 πρόεισιν,
3201 2391 3259 2433 ιο

686 2479 839 2542 ἐστὶν
885 2480 1224 2564 ὡρισμένον,
1280 2478 1414 2545 οὔτε
1458 2482 1496 2564 ἡ
1542 2486 1642 2544 τοῦ
1690 2480 2029 2565 φοβεῖσθαι·
2089 2480 2229 2565 πρὸς
2275 2481 2348 2563 δὴ
2393 2480 2631 2547 τούτους
2672 2479 2896 2561 λέγοιτο
2941 2477 3030 2550 ἂν,
3089 2476 3176 2540 ὅτι

688 2581 770 2664 μὴ
816 2580 1060 2666 ἐνόησαν
1105 2584 1170 2646 τὸ
1216 2583 1275 2646 ἐν
1320 2588 1405 2669 τῷ
1452 2584 1676 2669 ὁρισμῷ
1708 2584 2120 2668 προσκείμενον
2163 2588 2236 2667 τῇ
2281 2584 2576 2667 μεσότητι,
2621 2580 2742 2645 ἔστι
2787 2583 2852 2645 δὲ
2895 2585 3062 2643 τοῦτο
3107 2580 3171 2643 τὸ

674 2681 848 2767 ’πρὸς
901 2684 1106 2769 ἡμᾶς’,
1159 2688 1344 2749 καίτοι
1396 2692 1599 2770 σαφῶς
1654 2686 1793 2750 αὐτὸ
1849 2687 2199 2767 διορίσαντος
2245 2684 2682 2770 Ἀριστοτέλους
2729 2686 2824 2749 καὶ
2878 2684 3174 2760 δείξαντος,

683 2784 772 2849 ὅτι
816 2788 880 2850 τὸ
929 2789 1032 2872 μὲν
1078 2790 1220 2875 πρὸς
1273 2790 1337 2853 τὸ
1382 2794 1620 2874 πρᾶγμα
1666 2788 1839 2871 μέσον
1895 2790 2076 2852 δεῖται
2123 2792 2223 2851 τοῦ
2276 2792 2392 2850 τῶν
2436 2786 2632 2872 ἄκρων
2677 2788 2847 2874 ὅρου,
2905 2786 3064 2870 εἴγε
3108 2788 3171 2850 τὸ
3201 2802 3256 2845 15

578 2908 643 2957 25
682 2891 867 2960 οὕτως
912 2892 1090 2975 μέσον
1136 2891 1257 2956 ἴσον
1305 2892 1516 2977 ἀπέχει
1560 2896 1676 2955 τῶν
1722 2892 1938 2977 ἄκρων,
1985 2892 2049 2955 τὸ
2095 2892 2160 2955 δὲ
2205 2892 2346 2976 πρὸς
2390 2893 2549 2975 ἡμᾶς
2601 2890 2774 2973 μέσον
2820 2890 2952 2955 οὔτε
2997 2890 3056 2954 ἓν
3101 2890 3174 2977 ἧν

688 2996 785 3057 καὶ
828 2995 894 3057 τὸ
941 2994 1082 3058 αὐτὸ
1128 2999 1300 3058 πᾶσιν
1346 2993 1479 3058 οὔτε
1518 2995 1836 3079 εὑρίσκεται
1881 2996 1941 3058 ἐν
1986 3000 2060 3078 τῇ
2109 2992 2208 3078 ἴσῃ
2253 3000 2369 3057 τῶν
2413 2993 2606 3077 ἄκρων
2646 2994 2981 3059 ἀποστάσει.
3053 2992 3176 3057 τού-

684 3097 903 3161 ναντίον
948 3098 1057 3182 γὰρ
1103 3099 1139 3182 ἡ
1187 3098 1410 3182 εὕρεσις
1453 3101 1555 3161 τοῦ
1601 3098 1753 3162 οὕτω
1797 3098 1976 3181 μέσου
2020 3098 2341 3183 γνωρίμους
2384 3097 2567 3160 ἐποίει
2613 3098 2707 3160 καὶ
2750 3097 2852 3166 τὰς
2895 3097 2990 3182 ἐφ’
3047 3099 3173 3161 ἑκά·
3199 3114 3257 3157 ω

681 3222 817 3283 τερα
862 3200 1127 3285 ἐκβάσεις
1168 3204 1271 3263 τοῦ
1316 3200 1519 3283 μέσου.
1610 3203 1692 3269 ὡς
1734 3201 1841 3285 γὰρ
1888 3200 1983 3263 ἐπὶ
2035 3204 2150 3263 τῶν
2196 3204 2417 3285 τεχνῶν
2471 3200 2703 3283 ὁρισθὲν
2749 3201 2814 3263 τὸ
2859 3200 2991 3265 καθ’
3048 3201 3173 3264 ἕκα-

683 3323 813 3365 στον
868 3309 982 3366 τῶν
1040 3304 1361 3388 εἰρημένων
1425 3302 1601 3385 μέσον
1654 3326 1717 3366 τε
1770 3304 1867 3365 καὶ
1922 3302 2246 3388 σύμμετρον
2305 3307 2390 3386 τῷ
2445 3307 2549 3385 τῆς
2602 3302 2815 3388 τέχνης
2865 3302 3021 3387 λόγῳ
3073 3303 3175 3371 τὰς

576 3422 643 3472 30
680 3404 962 3488 ἐκτροπὰς
1004 3408 1099 3469 καὶ
1144 3408 1499 3491 παραβάσεις
1541 3407 1822 3471 δείκνυσιν
1865 3406 1964 3475 τὰς
2006 3404 2098 3490 ἐφ’
2141 3407 2385 3490 ἑκάτερα
2427 3409 2528 3468 τοῦ
2575 3404 2776 3486 μέσου,
2823 3406 3008 3476 οὕτως
3051 3408 3115 3471 δὲ
3163 3404 3257 3491 Ιεε

680 3506 806 3594 ἔχει
860 3510 956 3573 καὶ
1010 3508 1105 3571 ἐπὶ
1159 3515 1274 3573 τῶν
1330 3511 1535 3573 παθῶν
1590 3533 1653 3573 τε
1710 3510 1804 3572 καὶ
1851 3508 2130 3593 πράξεων.
2222 3508 2452 3592 ὁρισθὲν
2495 3506 2608 3593 γὰρ
2651 3509 2716 3571 τὸ
2771 3506 2894 3573 κατ’
2949 3508 3132 3595 αὐτὴν
3177 3520 3280 3575 297

577 3829 599 3880 1
642 3830 768 3895 τοῖς]
806 3828 974 3887 αὐτοῖς
1012 3830 1081 3881 V¹
1122 3830 1274 3896 (corr.
1312 3829 1406 3895 vs)
1628 3828 1659 3879 2
1697 3826 1805 3900 ἔχοι
1841 3846 1874 3881 a
2103 3828 2136 3882 3
2171 3829 2620 3901 προχειριζομένοις
2657 3826 2770 3882 Ε’ὃεῗι
2807 3832 2920 3897 Sp.:
2978 3834 3283 3905 προχειριζο·

1683 3933 1729 3967 οι

570 3986 693 4055 μένη
742 3984 927 4054 (supra
968 4005 1003 4056 η
1050 3988 1150 4054 lit.)
1190 3991 1253 4038 V:
1308 3986 1740 4059 προχειριζομένης
1786 3988 1863 4039 sic
1909 3988 1976 4039 Βι
2237 3989 2288 4040 4.
2333 3988 2365 4041 5
2421 3988 2769 4059 φυλασσομένη
2818 3988 2892 4041 V²
2945 3990 3113 4043 vict?
3159 3994 3280 4059 Sp.=

570 4072 947 4145 φυλασσομένης
981 4076 1141 4128 V¹SL
1191 4076 1279 4139 (ex
1316 4074 1468 4139 corr.)
1508 4077 1583 4126 Fa
1828 4074 1863 4126 5
1899 4074 1952 4126 ἐν
1993 4078 2131 4128 VBL
2169 4076 2365 4129 viem:
2415 4078 2475 4128 ἐκ
2513 4076 2596 4130 8²:
2635 4076 2692 4129 εὖ
2729 4076 2944 4130 GFMS¹
2982 4094 3014 4129 a
3049 4080 3138 4145 Sp.

569 4160 625 4215 εὖ
660 4163 895 4234 τυγχάνει
932 4166 995 4213 V:
1034 4163 1321 4234 ἐντυγχάνει
1358 4163 1675 4216 G¹FLMS¹a
1708 4164 1824 4230 Sp.:
1872 4162 2160 4233 εὒτυγχάνει
2199 4164 2354 4218 G²S²z
2393 4166 2630 4237 τυγχάνει
2665 4164 2839 4217 vict-1³
3054 4166 3085 4217 6
3124 4166 3280 4227 ἕξεων

568 4248 639 4303 Β2
684 4250 817 4304 vict.
865 4252 978 4318 Sp.:
1034 4250 1087 4310 ἐξ
1132 4249 1207 4303 ὧν
1253 4250 1373 4303 libri
1608 4248 1761 4303 δειλία
1804 4252 1860 4304 in
1911 4251 1984 4303 lit.
2026 4255 2073 4302 V
2309 4250 2340 4303 8
2389 4252 2702 4322 φυλάττομεν
2749 4253 2781 4323 ἡ
2833 4272 2866 4305 a
3077 4254 3108 4305 9
3155 4250 3278 4307 κατ’

569 4337 697 4391 αὐτὰ
744 4356 775 4391 a
1020 4338 1227 4405 ἐνδείας]
1283 4337 1507 4409 ἀνδρείας
1550 4340 1619 4392 Βι
1873 4340 2107 4410 αἱροῦμεν
2153 4340 2184 4410 ἡ
2224 4357 2256 4391 a
2505 4342 2560 4392 11
2623 4338 2800 4410 ἕξεων]
2839 4341 2892 4401 ἐξ
2929 4340 3003 4393 ὧν
3040 4359 3072 4393 a

574 4426 635 4477 12
674 4442 749 4494 pr.
788 4428 873 4479 καὶ
910 4442 1008 4479 om.
1047 4446 1079 4479 a
1116 4430 1207 4495 Sp.
1424 4426 1486 4479 16
1522 4431 1613 4479 τοῦ
1652 4426 1821 4479 vict-‘1'
1861 4431 1976 4495 Sp.:
2015 4429 2091 4496 τῷ
2131 4430 2449 4483 vs¹B1FG=
2487 4428 2654 4499 τούτῳ
2691 4430 2857 4482 S²B²a
3065 4448 3113 4483 τι
3149 4446 3280 4484 corr.

566 4530 631 4565 ex
668 4530 721 4566 τε
761 4514 833 4567 v2
1044 4516 1105 4566 21
1146 4514 1338 4573 τούτοις
1374 4534 1406 4566 a
1618 4516 1685 4567 25
1722 4516 1773 4567 ἓν
1812 4514 1875 4584 ἧν
1903 4515 2124 4568 V²BFM
2152 4516 2351 4569 Vict.?:
2399 4518 2512 4587 ἐνῆν
2552 4518 2651 4569 V¹z
2691 4517 2808 4587 ἐνην
2847 4520 2919 4571 G:
2959 4517 3076 4589 ἔνην
3111 4522 3182 4571 L:
3221 4518 3278 4571 εὖ

566 4600 627 4670 ἧν
664 4604 759 4654 Sa:
798 4602 859 4672 ἦν
879 4602 1041 4655 viem
1080 4602 1133 4655 ἓν
1171 4606 1280 4669 Sp„
1316 4604 1406 4669 qui
1444 4602 1643 4655 confert
1682 4602 1839 4653 Arist.
1879 4602 1994 4654 Eth.
2035 4604 2146 4655 Nic.
2190 4603 2440 4657 1106230
2617 4604 2682 4657 26
2721 4602 2826 4675 ἴσῃ]
2863 4620 2908 4657 ισ
2949 4606 3006 4658 in
3041 4607 3119 4658 lit.
3159 4610 3206 4657 V

568 4688 649 4740 26.
678 4688 741 4739 27
780 4686 1083 4757 τούΙναντίον
1120 4690 1262 4754 (ante
1299 4708 1325 4739 ν
1366 4706 1441 4757 pr.
1467 4689 1543 4741 lit.
1586 4691 1607 4740 1
1638 4688 1763 4755 litt.)
1789 4693 1838 4738 V
2015 4690 2081 4741 27
2119 4690 2400 4761 γνωρίμους
2429 4692 2515 4745 8²:
2551 4693 2800 4763 γνωρίμου
2831 4694 3111 4745 VFLMS³:
3147 4712 3278 4761 γνω-

568 4776 711 4844 ρίμου
736 4774 995 4844 γεγονότος
1020 4792 1155 4828 man.
1183 4792 1283 4828 rec.
1302 4778 1493 4830 VBS¹a
1517 4778 1605 4843 Sp.
1785 4776 1852 4829 28
1879 4776 2070 4847 ὁρισθὲν
2098 4778 2156 4830 τὸ
2188 4778 2400 4833 V²S²Ba
2425 4784 2538 4847 Sp.:
2569 4780 2845 4854 ὁρισθέντος
2867 4782 3202 4835 V¹FGS¹ML

567 4860 629 4911 31
670 4860 921 4930 πράξεων]
962 4882 1035 4914 ων
1070 4864 1128 4915 in
1166 4863 1242 4918 lit.
1284 4868 1331 4916 V
