3684 5567
548 231 669 294 146
1000 226 1330 297 [ΑΠΟΡΙΩΝ
1369 224 1490 281 ΚΑΙ
1529 224 1790 282 ΛΥΣΕΩΝ
1831 224 2116 282 ΒῙΒΛῙΟΝ
2156 224 2525 283 ἸῈἸἈΡΤΟΝ
2563 228 2792 298 23-24]

646 404 753 487 γὰρ
798 406 857 467 αἱ
892 404 995 487 μὲν
1043 404 1136 468 ἐπὶ
1181 409 1302 472 τοῖς
1344 406 1542 471 καλοῖς
1587 407 1866 478 τοιαῦται,
1915 404 1972 466 αἱ
2018 400 2070 465 δ’
2114 401 2208 463 ἐπὶ
2253 406 2371 469 τοῖς
2415 400 2679 487 αἰσχροῖς
2721 405 2998 478 τοιαῦται,
3045 401 3138 488 εἴη
3169 421 3218 463 15

529 512 542 529 ⁹
651 504 720 567 ἄν
766 506 836 569 τὰ
882 507 1031 571 καλὰ
1078 508 1174 570 καὶ
1219 508 1290 570 τὰ
1334 506 1551 592 αἰσχρὰ
1594 504 1749 569 αἴτια
1794 511 1898 590 τῆς
1941 510 2056 567 τῶν
2101 506 2326 589 ἡδονῶν
2372 506 2668 589 διαφορᾶς.
2758 504 2825 568 οὐ
2869 506 2978 589 γὰρ
3026 507 3140 570 ἀπὸ

647 611 762 670 τῶν
806 612 1037 693 ἡδονῶν
1082 615 1206 680 ταῖς
1249 610 1556 694 ἐνεργείαις
1598 610 1719 673 ἐστὶ
1764 610 1830 671 τὸ
1876 607 2118 691 αἱρετόν,
2171 608 2321 670 ἀλλὰ
2366 608 2481 669 ἀπὸ
2527 611 2643 668 τῶν
2675 607 2974 692 ἐνεργειῶν
3017 614 3142 679 ταῖς

648 712 909 793 ἡδοναῖς,
957 713 1050 775 καὶ
1097 712 1210 775 εἶεν
1260 711 1328 775 ἂν
1374 712 1544 777 ἄλλαι
1592 713 1696 795 μὲν
1740 715 1826 796 τῷ
1875 709 2018 775 εῖδει
2061 711 2120 773 αἱ
2167 709 2282 772 ἀπὸ
2329 715 2443 772 τῶν
2489 712 2713 785 καλῶν,
2759 708 2930 774 ἄλλαι
2975 713 3040 775 δὲ
3083 713 3140 775 αἱ
3168 730 3224 772 2⁰

576 832 606 881 5
646 814 762 877 ἀπὸ
818 820 932 877 τῶν
990 816 1280 899 αἰσχρῶν,
1346 813 1508 897 εἴγε
1562 818 1742 877 πᾶσαι
1788 814 1892 896 μὲν
1946 814 2005 876 αἱ
2050 812 2166 875 ἀπὸ
2227 817 2341 875 τῶν
2396 815 2589 875 καλῶν
2634 814 2888 897 καθαραί
2936 837 2999 875 τε
3043 815 3139 877 καὶ

646 913 876 999 ἄμικτοι
920 918 1016 980 καὶ
1063 920 1346 1001 μηδεμιᾶς
1392 917 1698 1000 μετανοίας
1752 917 1790 1000 ἢ
1837 917 2024 998 λύπης
2067 913 2245 978 αἴτιαι
2288 915 2745 998 εἰδοποιούμεναι
2789 920 2912 986 ταῖς
2955 916 3141 980 τοιαύ·

644 1042 766 1089 ταις
796 1020 1129 1105 ἐνεργείαις,
1176 1026 1355 1085 πᾶσαι
1400 1022 1465 1084 δὲ
1496 1022 1555 1083 αἱ
1601 1021 1715 1083 ἀπὸ
1763 1025 1878 1083 τῶν
1909 1021 2172 1104 αἰσχρῶν
2221 1018 2424 1100 μικταί
2459 1042 2521 1082 τε
2552 1021 2648 1083 καὶ
2677 1020 2737 1082 ἐν
2772 1020 3138 1105 μεταμελείᾳ.
3165 1036 3220 1078 5

648 1122 831 1192 οὕτως
878 1124 943 1186 δὲ
987 1124 1253 1209 ἐχουσῶν
1306 1123 1312 1208 Ι
1363 1128 1476 1187 τῶν
1521 1124 1749 1206 ἡδονῶν
1794 1123 1936 1205 πρὸς
1991 1122 2094 1191 τὰς
2149 1122 2434 1205 ἐνεργείας
2485 1121 2805 1207 πρόδηλον,
2865 1121 2952 1185 ὅτι
3007 1124 3090 1207 μὴ
3133 1131 3240 1187 280

640 1224 799 1309 παρὰ
842 1230 955 1289 τῶν
1000 1228 1227 1310 ἡδονῶν
1282 1231 1406 1295 ταῖς
1459 1226 1764 1309 ἐνεργείαις
1814 1226 1881 1287 τὸ
1934 1224 2193 1309 αἱρετόν,
2256 1225 2404 1287 ἀλλὰ
2457 1224 2614 1308 παρὰ
2666 1230 2782 1287 τῶν
2837 1225 3136 1308 ἐνεργειῶν

544 1348 607 1395 10
643 1334 769 1396 ταῖς
812 1332 1076 1413 ἡδοναῖς,
1123 1334 1245 1397 ταῖς
1292 1331 1396 1413 μὲν
1441 1333 1506 1393 τὸ
1552 1329 1809 1413 αἱρετόν,
1865 1333 1987 1397 ταῖς
2033 1328 2097 1391 δὲ
2143 1328 2207 1389 τὸ
2254 1325 2531 1409 φευκτόν,
2586 1326 2747 1410 εἴγε
2791 1330 3029 1411 φευκταὶ
3074 1329 3134 1390 αἱ

644 1430 817 1495 πλέον
862 1436 963 1495 τοῦ
1008 1434 1248 1515 ἥδοντος
1302 1434 1367 1495 τὸ
1412 1436 1625 1496 λυποῦν
1673 1429 1947 1516 ἔχουσαι.
2004 1434 2260 1493 τοιαῦται
2305 1431 2370 1493 δὲ
2413 1434 2595 1494 πᾶσαι
2640 1432 2698 1494 αἱ
2745 1431 2838 1494 ἐπὶ
2885 1436 3008 1499 ταῖς
3050 1430 3133 1493 αἰ·
3187 1448 3215 1490 5

640 1538 846 1621 σχραῖς
889 1536 1213 1620 ἐνεργείαις.

634 1806 858 1872 XXIV.
936 1770 1105 1878 1163:
1150 1810 1218 1872 αἱ
1265 1809 1508 1892 ἀρεταὶ
1553 1806 1636 1871 δι’
1691 1808 1907 1876 αὑτὰς
1951 1808 2242 1889 αἱρεταί.

804 1996 918 2061 Καὶ
965 2001 1091 2065 πῶς
1134 2020 1217 2065 τις
1262 1996 1329 2059 ἂν
1376 1996 1479 2065 τὰς
1522 1995 1731 2081 ἀρετὰς
1783 1999 1879 2059 καὶ
1922 1996 2024 2065 τὰς
2078 1994 2204 2059 κατ’
2260 1995 2437 2066 αὐτὰς
2481 1996 2768 2080 ἐνεργείας
2821 1995 2892 2059 δι’
2948 1996 3128 2065 αὑτὰς

536 2118 593 2169 15
632 2100 861 2183 αἱρετὰς
906 2100 1049 2164 εἶναι
1095 2101 1271 2183 λέγοι,
1316 2098 1378 2163 εἴ
1414 2101 1479 2181 γέ
1523 2100 1663 2163 εἰσιν
1709 2100 1847 2180 ἡμῖν
1893 2098 2114 2181 αἱρεταὶ
2157 2098 2251 2162 διὰ
2296 2102 2398 2181 τὴν
2444 2104 2558 2161 τῶν
2604 2100 2870 2183 ἀμέτρων
2916 2101 3123 2162 παθῶν
3153 2116 3208 2157 1⁰

628 2205 989 2287 ἀποσκευήν,
1034 2202 1164 2286 (καὶ
1206 2205 1315 2288 γὰρ
1360 2203 1463 2285 τὴν
1511 2204 1612 2285 μὲν
1660 2202 1890 2286 ἀνδρίαν
1937 2202 2280 2284 αἱρούμεθα,
2337 2200 2498 2271 ὅπως
2543 2208 2764 2285 μετρεῖν
2810 2205 3125 2286 δυνώμεθα

628 2306 759 2376 τούς
813 2330 876 2368 τε
919 2306 1139 2391 φόβους
1192 2307 1287 2369 καὶ
1342 2306 1412 2368 τὰ
1456 2306 1677 2388 θοίρρη,
1731 2305 1834 2387 τὴν
1892 2304 1957 2367 δὲ
2010 2304 2418 2388 σωφροσύνην,
2471 2303 2632 2374 ὅπως
2683 2306 2783 2374 τὰς
2837 2305 2913 2368 δι’
2969 2306 3124 2391 ἁφῆς

626 2409 811 2478 λύπας
865 2432 926 2471 τε
979 2411 1073 2472 καὶ
1127 2409 1365 2493 ἡδονάς·
1433 2408 1758 2493 αἱρούμεθα
1814 2408 1878 2470 δὲ
1931 2408 2028 2469 καὶ
2079 2412 2194 2469 τῶν
2255 2406 2448 2470 ἄλλων
2503 2408 2724 2490 ἀρετῶν
2781 2409 3028 2493 ἑκάστην
3083 2410 3204 2492 ἤιε

626 2513 720 2575 ἐπὶ
766 2513 973 2575 παθῶν
1018 2534 1187 2574 τινων
1236 2512 1437 2595 μέτρον
1490 2510 1529 2593 ἢ
1577 2511 1670 2572 ἐπὶ
1723 2509 2018 2594 πράξεων·
2081 2510 2183 2593 τὴν
2233 2511 2335 2592 μὲν
2379 2511 2488 2592 γὰρ
2534 2509 2980 2595 ἐλευθεριότητα
3025 2514 3120 2575 καὶ

525 2634 593 2682 20
630 2616 733 2698 τὴν
784 2613 1276 2697 μεγαλοπρέπειαν
1321 2613 1417 2675 ἐπὶ
1462 2618 1547 2696 τῷ
1597 2618 1822 2696 μετρεῖν
1869 2612 2148 2675 δύνασθαι
2195 2612 2294 2680 τὰς
2339 2612 2596 2695 πράξεις,
2648 2612 2718 2681 ἃς
2761 2614 2854 2677 διὰ
2898 2614 3122 2684 δόσεώς

624 2742 687 2781 τε
731 2719 825 2780 καὶ
869 2717 1105 2802 λήψεως
1150 2717 1471 2801 χρημάτων
1519 2715 1882 2800 ἐνεργοῦμεν,
1928 2716 2032 2799 τὴν
2079 2716 2144 2777 δὲ
2189 2716 2617 2799 μεγαλοψυχίαν
2661 2740 2724 2779 τε
2769 2719 2864 2780 καὶ
2909 2721 3121 2802 φιλοτι-
3146 2734 3203 2776 2⁰

628 2821 761 2904 μίαν
808 2821 902 2883 ἐπὶ
946 2824 1023 2903 τῇ
1073 2819 1387 2903 συμμέτρῳ
1444 2820 1538 2881 καὶ
1594 2818 1720 2881 κατ’
1776 2819 1935 2886 ἀξίαν
1982 2822 2098 2879 τῶν
2151 2823 2334 2900 τιμῶν
2389 2819 2636 2902 αἱρέσει,
2690 2823 2794 2905 τήν
2840 2846 2902 2885 τε
2947 2820 3119 2906 πραό-
3146 2838 3202 2880 2⁰

619 2948 765 3007 τητα
794 2923 889 2985 ἐπὶ
936 2926 1022 3008 τῷ
1056 2923 1186 3005 περὶ
1233 2923 1333 2991 τὰς
1380 2922 1552 3005 ὀργὰς
1582 2920 1923 3005 συμμέτρῳ,
1970 2920 2298 3003 αἱρούμεθα
2341 2921 2406 2984 δὲ
2450 2924 2546 2984 καὶ
2579 2923 2684 3007 τὴν
2730 2925 3114 3008 δικαιοσύνην,

618 3027 760 3089 διότι
816 3026 939 3089 ἐστὶ
993 3026 1249 3107 σωστικὴ
1310 3030 1414 3107 τῆς
1465 3026 1761 3093 κοινωνίας
1814 3022 1994 3107 οὔσης
2047 3026 2184 3105 ἡμῖν
2240 3024 2385 3087 κατὰ
2444 3024 2641 3109 φύσιν,
2705 3025 2768 3090 εἴ
2810 3028 2876 3110 γέ
2929 3028 3103 3111 ἐσμεν

512 3149 577 3197 25
615 3131 785 3214 φύσει
830 3128 1155 3191 κοινωνικοί
1194 3150 1256 3189 τε
1300 3129 1395 3190 καὶ
1449 3127 1773 3209 πολιτικοί).
1867 3128 1948 3196 ὥς
1991 3126 2100 3210 γὰρ
2145 3125 2212 3189 οὐ
2257 3125 2331 3189 δι’
2385 3128 2564 3210 αὑτὴν
2617 3126 2624 3213 Ι
2670 3130 2866 3213 αἱρετὴ
2913 3132 2950 3215 ἡ
2999 3133 3075 3194 οἰ·
3125 3138 3220 3195 281

617 3234 923 3315 κοδομική,
971 3230 1057 3293 ὅτι
1100 3230 1251 3293 ἐστὶν
1296 3228 1499 3313 αἱρετὰ
1542 3228 1613 3292 τὰ
1656 3228 1923 3311 γινόμενα
1967 3228 2068 3292 ἀπ’
2119 3230 2318 3312 αὐτῆς,
2366 3228 2502 3293 οὐδὲ
2547 3234 2585 3315 ἡ
2629 3233 2981 3317 παλαιστικὴ
3031 3232 3104 3297 δι’

617 3336 797 3417 αὑτήν
844 3334 996 3396 ἐστιν
1041 3334 1243 3417 αἱρετὴ
1301 3332 1395 3394 διὰ
1439 3333 1504 3395 τὸ
1550 3336 1650 3395 τοῦ
1696 3336 1889 3402 καλῶς
1945 3332 2205 3395 παλαίειν
2259 3332 2406 3395 εἶναι
2461 3334 2758 3416 ποιητική,
2817 3334 2956 3399 οὐδὲ
2999 3342 3113 3399 τῶν

618 3439 841 3521 ἀρετῶν
888 3434 979 3519 εἴη
1028 3460 1110 3504 τις
1155 3434 1224 3498 ἂν
1272 3432 1343 3499 δι’
1386 3435 1566 3517 αὑτὴν
1613 3436 1833 3519 αἱρετή,
1881 3436 1930 3497 εἰ
1976 3436 2040 3498 τὸ
2086 3433 2311 3517 αἱρετόν
2357 3434 2508 3497 ἐστιν
2553 3434 2752 3505 αὐταῖς
2796 3440 2952 3522 παρὰ
2995 3444 3110 3502 τῶν
3163 3456 3191 3499 5

618 3540 929 3622 γινομένων
976 3538 1047 3602 δι’
1090 3538 1301 3601 αὐτῶν.
1379 3539 1416 3622 ἢ
1461 3538 1512 3601 εἰ
1560 3540 1663 3621 μὲν
1708 3537 1780 3623 ἦν
1824 3537 1966 3601 ἄλλο
2013 3537 2115 3617 μὲν
2162 3538 2226 3601 τὸ
2272 3536 2345 3599 δι’
2388 3536 2422 3599 ὅ
2465 3561 2651 3621 φαμεν
2699 3541 2946 3626 ἑκάστην
2991 3548 3105 3607 τῶν

512 3661 579 3709 30
617 3644 836 3726 ἀρετῶν
877 3642 1021 3705 εἶναι
1065 3642 1319 3725 αἱρετήν,
1365 3640 1507 3704 ἄλλο
1545 3642 1609 3704 δὲ
1639 3642 1786 3725 αὐτὴ
1820 3644 1858 3725 ἡ
1891 3643 2091 3726 ἀρετή,
2136 3640 2390 3725 εὐλόγως
2420 3638 2542 3725 (dv)
2571 3644 2840 3727 ἀνῃρεῖτο
2871 3647 2936 3708 τὸ
2968 3646 3113 3709 εἶναι

616 3746 806 3807 αὐτῶν
853 3746 1102 3829 ἑκάστην
1149 3743 1222 3807 δι’
1264 3745 1443 3828 αὑτὴν
1489 3744 1743 3829 αἱρετήν,
1789 3744 1841 3807 εἰ
1872 3744 1936 3807 δέ
1981 3746 2130 3807 ἐστιν
2164 3745 2382 3828 ἑκάστῃ
2426 3750 2542 3807 τῶν
2589 3747 2809 3829 ἀρετῶν
2854 3748 2919 3811 τὸ
2965 3748 3108 3813 εἶναι
3137 3766 3190 3808 ιο

615 3849 675 3911 ἐν
719 3848 906 3932 τούτῳ
951 3844 1021 3911 δι’
1080 3846 1115 3909 ὅ
1159 3847 1311 3910 ἐστιν
1358 3848 1581 3931 αἱρετή,
1628 3846 1721 3931 εἴη
1768 3846 1835 3910 ἄν
1883 3846 2136 3931 εὐλόγως
2181 3848 2488 3931 λεγόμενον
2535 3848 2598 3911 τὸ
2647 3847 2788 3911 εἶναι
2835 3850 2937 3920 τὰς
2981 3853 3108 3938 ἀρε·

504 4140 535 4191 7
584 4140 829 4211 αἰσχρῶν]
884 4145 1062 4192 κακῶν
1098 4141 1203 4193 S'F
1417 4136 1609 4207 μικταὶ]
1670 4137 1889 4209 λυπηραὶ
1925 4138 1998 4191 Sa
2225 4138 2289 4189 14
2343 4134 2409 4190 δι’
2449 4137 2607 4191 αὸτάσ
2644 4142 2693 4192 V
2911 4140 2973 4193 15
3029 4142 3218 4210 αἱρεταὶ

505 4226 651 4279 FB²a
677 4230 789 4293 Sp.:
828 4228 997 4297 ἀρεταὶ
1025 4229 1137 4279 VB¹
1325 4227 1385 4279 16
1425 4228 1510 4279 καὶ
1534 4224 1625 4279 Β“·’;
1666 4227 1709 4279 εἰ
1745 4226 1868 4279 libri
2045 4224 2316 4295 δυνώμεθα
2351 4242 2450 4279 om.
2489 4244 2521 4278 a
2701 4225 2762 4278 19
2802 4226 2978 4296 μέτρον
3003 4228 3074 4281 13⁹
3099 4232 3214 4297 Sp.:

506 4316 704 4385 μέτρων
744 4314 863 4367 libri
1060 4315 1129 4367 20
1183 4315 1277 4385 τὴν
1316 4330 1414 4367 om.
1452 4318 1561 4369 SFa
1766 4315 1825 4373 ἃς
1861 4313 1942 4367 διὰ
1978 4319 2042 4368 V:
2098 4314 2150 4367 αἳ
2185 4314 2264 4366 διὰ
2302 4315 2435 4366 Vict.
2473 4316 2587 4381 Sp.:
2647 4312 2726 4365 διὰ
2763 4316 2986 4367 SFMLa

504 4402 569 4453 22
606 4401 681 4470 τε]
720 4401 771 4453 δὲ
810 4403 943 4454 coni.
983 4404 1071 4470 Sp.
1256 4403 1321 4455 ⁴24
1378 4404 1642 4461 κοινωνίας
1688 4404 1803 4457 coll.
1842 4410 1966 4472 post
2011 4402 2155 4473 φύσιν
2195 4422 2226 4454 a
2260 4405 2350 4469 Sp.
2401 4402 2554 4472 (<τῆς>
2597 4400 2749 4471 οὔσης
2790 4402 3068 4470 Schwartz)

505 4490 569 4543 26
608 4489 777 4559 αἱρετὴ
809 4491 877 4540 V¹
905 4490 1056 4556 (corr.
1090 4490 1182 4558 V2)
1352 4490 1417 4542 27
1456 4490 1611 4560 αὐτὴν
1649 4494 1696 4542 V
1875 4492 2044 4561 αἱρετη
2074 4495 2120 4543 V
2299 4490 2364 4541 28
2401 4490 2454 4541 ἐν
2491 4488 2662 4547 αὐταῖς
2699 4506 2731 4540 a
2767 4492 2855 4557 Sp.
3032 4490 3098 4543 29
3141 4490 3209 4545 δι’

502 4577 669 4631 αὐτῶν
711 4576 975 4630 v¹FS¹M²
1008 4576 1121 4644 (sod
1159 4576 1352 4645 αὑτῶν)
1390 4582 1459 4631 L:
1502 4574 1569 4630 δι’
1609 4578 1761 4635 αὑτάς
1798 4578 1965 4631 v²13¹2
2014 4574 2080 4629 δι’
2121 4576 2274 4635 αὐτάς
2308 4577 2474 4631 B²S²a
2509 4580 2622 4644 Sp.:
2671 4572 2762 4629 ὑπ’
2801 4576 2969 4630 αὐτῶν
3005 4580 3084 4631 M·

502 4666 719 4734 ἑκάστην
757 4662 995 4718 V²Bs²a
1032 4664 1145 4731 Sp.:
1193 4666 1409 4736 ἑκάστης
1448 4668 1747 4719 V¹FS¹ML
1925 4664 1994 4719 30
2031 4665 2228 4737 αἱρετήν
2264 4663 2526 4719 v²13²s²a
2563 4668 2677 4733 Sp.:
2717 4664 2884 4735 αἱρετή
2923 4668 3021 4717 V¹:
3059 4668 3208 4739 ἀρετή
3275 4694 3280 4699 ·

501 4756 712 4807 FS¹ML
925 4752 983 4805 ἂν
1024 4752 1204 4806 addidi
1416 4754 1477 4807 31
1518 4752 1591 4805 δι’
1627 4752 1783 4825 αὐτὴν
1824 4754 1895 4807 V¹
1932 4756 1992 4807 in
2029 4770 2132 4823 mg.
2361 4752 2574 4824 ἑκάστη]
2612 4772 2628 4805 ι
2663 4752 2941 4822 adscripsit
2977 4754 3051 4809 V²

500 4840 628 4909 τῶν]
666 4860 693 4891 ν
731 4857 771 4893 s.
810 4855 857 4891 v.
884 4844 933 4891 V
1152 4840 1234 4910 τὸ]
1272 4842 1349 4912 τῷ
1386 4841 1563 4895 Viciu?
1602 4844 1690 4909 Sp.
