3684 5567
521 226 644 290 202
1406 226 1586 282 ΑΛΕΞ
1596 226 1867 284 ΑΝΔΡΟΥ
1907 226 2363 285 ΑΦΡΟΔΙΣΙΕΩΣ

625 399 786 481 τικὴν
834 403 929 462 καὶ
975 402 1120 463 κατὰ
1165 403 1262 464 τὸν
1293 403 1486 466 αὑτῶν
1532 403 1701 485 λόγον
1749 403 1924 488 μόνον
1970 405 2269 476 σώζεσθαι
2308 405 2572 487 λέγοντες
2616 407 2818 490 αὐτήν,
2866 407 2961 470 καὶ
3006 406 3147 470 ταύ-
3172 425 3230 466 2⁰

629 524 701 583 τη
732 500 861 586 (τῇ)
893 504 1078 566 πίστει
1108 508 1208 566 τοῦ
1240 506 1425 567 πάντα
1455 505 1592 568 καθ’
1637 507 1991 591 εἱμαρμένην
2021 508 2279 589 γίνεσθαι
2310 510 2611 592 χρώμενοι
2647 509 2787 593 πρὸς
2830 513 2915 590 τῷ
2962 511 3143 592 μηδὲν

627 604 848 687 ἀληθὲς
893 605 1078 687 λέγειν
1123 606 1362 690 προσέτι
1405 609 1500 671 καὶ
1545 607 1737 672 ἄτοπά
1781 632 1905 672 τινα
1950 611 2045 673 καὶ
2090 609 2365 692 ἀλλότρια
2410 611 2770 674 παντάπασιν
2805 611 2961 673 θεῶν
3009 611 3147 695 πέρι

629 705 819 769 αὐτῶν
867 712 1126 791 τολμῶσι
1180 709 1384 792 λέγειν.
1476 716 1604 780 πῶς
1667 712 1776 795 γὰρ
1822 713 1931 774 οὐκ
1977 711 2167 776 ἄτοπα
2210 713 2284 776 τὰ
2349 715 2479 796 περὶ
2525 711 2745 775 τούτων
2792 710 2889 774 ὑπ’
2948 715 3141 778 αὐτῶν

557 831 588 877 5
626 811 939 893 λεγόμενα;
986 813 1356 895 ἀπορούντων
1400 815 1509 896 γάρ
1554 838 1722 878 τινων
1770 815 1915 898 πρὸς
1960 815 2188 890 αὐτούς,
2232 816 2290 877 τί
2330 817 2569 899 δήποτε,
2616 815 2667 878 εἰ
2712 814 2896 876 πάντα
2944 815 3015 877 τὰ
3058 839 3137 897 γι-
3168 833 3224 875 εὖ

625 912 839 997 νόμενα
884 915 942 983 ἐξ
987 915 1242 999 ἀνάγκης
1284 916 1517 997 γίνεται,
1562 919 1621 981 αἱ
1667 917 1822 1000 παρὰ
1870 921 1983 981 τῶν
2034 919 2187 980 θεῶν
2235 922 2499 1001 μαντεῖαι
2546 918 2649 999 μὲν
2680 917 2963 999 γίγνονται
2994 939 3137 1002 συμ-

627 1017 860 1100 βουλαῖς
905 1017 1153 1081 ἐοικυῖαι
1200 1021 1279 1087 ὡς
1325 1019 1658 1102 δυναμένων
1702 1019 1780 1082 δι’
1837 1020 1869 1082 ὃ
1917 1019 2172 1102 ἤκουσαν
2218 1022 2313 1082 καὶ
2357 1021 2736 1104 φυλάξασθαί
2774 1044 2827 1082 τι
2874 1021 2969 1084 καὶ
3014 1044 3139 1084 ποι-

630 1123 767 1200 ἧσαι
810 1124 927 1182 τῶν
975 1122 1367 1196 ἀκουσάντων,
1415 1123 1508 1185 καὶ
1555 1124 1629 1206 δὴ
1677 1126 1772 1185 καὶ
1816 1123 1913 1184 τὸν
1957 1127 2043 1206 τῷ
2090 1122 2257 1206 Λαΐῳ
2303 1123 2551 1186 δοθέντα
2581 1124 2850 1209 χρησμὸν
2893 1146 3143 1207 παρεχο-
3169 1142 3227 1182 ω

629 1221 838 1302 μένων,
887 1222 964 1286 δι’
1015 1223 1084 1286 οὖ
1129 1223 1285 1307 λέγει
1329 1226 1471 1307 πρὸς
1517 1225 1689 1288 αὐτὸν
1737 1228 1768 1288 6
1819 1224 2037 1294 Πύθιος
2080 1227 2210 1309 περὶ
2244 1231 2345 1289 τοῦ
2392 1228 2476 1311 μὴ
2508 1229 2625 1296 δεῖν
2672 1228 3139 1290 παιδοποιεῖσθαι
3176 1233 3247 1288 98

528 1345 589 1390 ιο
1117 1325 1222 1388 “effi
1266 1327 1376 1410 γὰρ
1414 1329 1714 1410 φυτεύσεις
1757 1329 1957 1404 παῖδα,
2004 1329 2312 1392 ἀποκτενεῖ
2347 1327 2404 1392 σ’
2455 1330 2487 1391 6
2534 1330 2645 1415 φύς

1169 1430 1266 1491 καὶ
1311 1434 1424 1498 πᾶς
1477 1431 1580 1498 σὸς
1623 1429 1780 1498 οἶκος
1825 1432 2067 1514 βήσεται
2112 1428 2185 1494 δι’
2242 1430 2527 1513 αἵματος”

627 1530 749 1615 (οὔ)
807 1553 998 1614 φασιν,
1075 1536 1156 1600 ὡς
1218 1532 1485 1617 κηρύττει
1545 1533 1615 1596 τὰ
1670 1535 2087 1616 συγγράμματα
2146 1531 2369 1610 αὐτῶν,
2437 1535 2623 1602 οὕτως
2682 1533 2855 1598 αὐτὸν
2924 1541 3143 1619 χρῆσαι

628 1637 709 1702 ὡς
754 1634 860 1697 οὐκ
929 1632 1123 1697 εἰδότα
1178 1634 1263 1698 ὅτι
1322 1636 1402 1719 μὴ
1473 1637 1855 1720 πεισθήσεται
1897 1635 2142 1719 (παντὸς
2184 1635 2293 1718 γὰρ
2351 1639 2571 1718 μᾶλλον
2616 1633 2793 1720 ᾔδει),
2862 1635 2989 1700 ἀλλ’
3048 1637 3139 1700 ὅτι
3194 1655 3221 1698 5

628 1737 808 1819 μηδὲν
855 1737 959 1818 μὲν
1005 1735 1182 1799 αὐτοῦ
1229 1742 1484 1801 τοιοῦτον
1533 1740 1861 1822 χρήσαντος
1914 1737 2080 1801 οὐδὲν
2142 1735 2383 1821 ἔμελλεν
2444 1744 2559 1800 τῶν
2614 1739 2761 1801 κατὰ
2821 1739 2925 1822 τὴν
2988 1764 3139 1824 περι-

526 1860 586 1906 15
625 1839 854 1902 πέτειαν
900 1841 1003 1921 τὴν
1050 1841 1182 1924 περὶ
1227 1841 1324 1902 τὸν
1372 1839 1551 1902 Adatha
1598 1864 1660 1903 τε
1705 1842 1800 1904 καὶ
1848 1841 1942 1902 τὸν
1992 1837 2267 1904 Οἰδίπουν
2298 1840 2622 1922 γενομένων
2654 1841 2931 1922 γίνεσθαι.
3004 1841 3138 1905 οὔτε

626 1943 735 2025 γὰρ
781 1941 850 2005 ἄν
897 1942 1172 2024 ἐξέθηκεν
1220 1944 1251 2005 6
1299 1943 1474 2012 Λάιος
1521 1945 1616 2006 τὸν
1685 1944 1993 2026 γενόμενον
2040 1943 2201 2026 αὐτῷ
2264 1945 2463 2018 παῖδα,
2510 1947 2593 2011 ὡς
2638 1943 2933 2026 ἐξέθηκεν,
3003 1943 3125 2007 οὔτ’

625 2046 951 2130 ἀναιρεθεὶς
982 2047 1014 2108 6
1047 2050 1180 2114 παῖς
1211 2046 1326 2108 ὑπὸ
1371 2050 1470 2109 τοῦ
1518 2047 1802 2130 βουκόλου
1851 2049 1944 2109 καὶ
1991 2047 2184 2114 δοθεὶς
2230 2049 2372 2130 πρὸς
2416 2047 2742 2131 εἰσποίησιν
2796 2051 2883 2132 τῷ
2932 2045 3131 2132 Κοριν-
3163 2065 3217 2106 ιο

625 2149 738 2232 θίῳ
789 2148 1060 2233 Πολύβῳ,
1127 2149 1451 2232 ἀνδρωθεὶς
1493 2151 1590 2213 καὶ
1636 2152 1967 2234 περιτυχὼν
2011 2154 2096 2234 τῷ
2168 2149 2337 2232 Λαΐῳ
2384 2150 2533 2213 κατὰ
2580 2151 2683 2233 τὴν
2729 2151 2865 2212 ὁδὸν
2912 2150 3136 2232 ἀγνοῶν

624 2275 688 2316 τε
733 2252 830 2314 καὶ
876 2252 1257 2335 ἀγνοούμενος
1305 2251 1636 2316 ἀπέκτεινεν
1681 2252 1877 2316 αὐτόν.
1956 2252 2025 2315 οὐ
2055 2251 2164 2336 γὰρ
2195 2252 2264 2316 ἄν
2296 2275 2439 2315 ποτε
2484 2256 2566 2322 ὡς
2612 2253 2736 2321 υἱὸς
2780 2250 2942 2315 ἔνδον
2990 2250 3124 2336 παρ’

517 2376 584 2421 20
621 2354 817 2418 αὐτῶν
847 2357 1199 2439 τρεφόμενος
1243 2355 1496 2437 ἠγνόησε
1541 2357 1675 2424 τοὺς
1717 2359 1923 2437 γονεῖς,
1967 2358 2050 2424 ὡς
2091 2356 2191 2418 τὸν
2238 2355 2343 2437 μὲν
2388 2355 2581 2418 αὐτῶν
2626 2356 2982 2427 ἀποκτεῖναι,
3032 2355 3134 2436 τὴν
3168 2371 3220 2412 15

625 2461 688 2522 δὲ
733 2458 1055 2540 ἀγαγέσθαι
1099 2459 1242 2541 πρὸς
1286 2459 1488 2540 γάμον.
1581 2457 1741 2528 ὅπως
1806 2457 1906 2521 οὖν
1953 2459 2139 2520 πάντα
2208 2463 2388 2522 ταῦτα
2455 2459 2629 2541 σωθῇ
2688 2458 2785 2520 καὶ
2840 2458 3132 2538 πληρωθῇ

617 2563 684 2623 τὸ
729 2565 835 2644 τῆς
879 2561 1230 2645 εἱμαρμένης
1276 2561 1490 2644 δρᾶμα,
1557 2563 1873 2644 φαντασίαν
1921 2561 1952 2624 6
2002 2561 2138 2629 θεὸς
2184 2561 2279 2624 διὰ
2338 2567 2438 2624 τοῦ
2496 2563 2769 2646 χρησμοῦ
2828 2564 2913 2643 τῷ
2963 2558 3129 2641 Λαΐῳ

622 2663 915 2748 παρέσχεν
963 2667 1044 2732 ὡς
1088 2663 1390 2747 δυναμένῳ
1435 2663 1806 2746 φυλάξασθαι
1851 2662 1925 2726 τὰ
1968 2663 2276 2745 λεγόμενα,
2325 2665 2419 2727 καὶ
2464 2665 2592 2727 ἐπεὶ
2625 2661 2942 2745 μεθυσθεὶς
2974 2663 3135 2723 ἐπαι-

619 2768 995 2851 δοποιήσατο,
1063 2766 1338 2848 ἐξέθηκεν
1406 2767 1472 2828 τὸ
1529 2767 1836 2848 γενόμενον
1883 2766 2108 2829 παιδίον
2168 2769 2249 2834 ὡς
2295 2767 2651 2850 διαφθερῶν,
2720 2765 2845 2848 ἥτις
2900 2761 3131 2832 ἔκθεσις
3160 2781 3219 2822 2⁰

514 2891 579 2940 25
619 2871 772 2933 αἰτία
824 2876 940 2933 τῶν
987 2870 1233 2934 ἀνοσίων
1280 2871 1485 2953 μύθων
1530 2869 1776 2951 ἐγένετο.
1866 2868 1994 2932 εἶτά
2056 2891 2140 2937 τις
2196 2874 2375 2933 ταῦτα
2436 2869 2622 2952 λέγων
2690 2870 2816 2935 πῶς
2864 2866 2902 2949 ἢ
2950 2869 3129 2936 σώζει

621 2975 918 3057 μαντικήν,
984 2973 1023 3056 ἢ
1070 2973 1202 3057 περὶ
1247 2973 1402 3036 θεῶν
1447 2971 1709 3057 εὐσεβεῖς
1769 2974 2027 3036 διδάσκει
2092 2975 2428 3056 προλήψεις,
2499 2973 2538 3056 ἢ
2584 2969 2875 3056 χρήσιμόν
2922 2991 2973 3030 τι
3020 2968 3127 3032 δεί-

619 3097 813 3141 κνυσιν
859 3073 1113 3160 ἔχουσαν
1158 3076 1263 3156 τὴν
1311 3076 1620 3159 μαντικήν;
1689 3077 1726 3159 ἠ
1777 3075 1881 3159 μὲν
1927 3074 2037 3158 γὰρ
2085 3075 2332 3159 μαντικὴ
2401 3078 2563 3138 δοκεῖ
2628 3077 2744 3136 τῶν
2802 3069 3131 3156 μελλόντων
3160 3085 3215 3126 25

518 3384 541 3433 l
592 3382 761 3436 αὐτῶν
800 3385 884 3435 SE
937 3381 1098 3434 Lond.
1145 3367 1216 3435 O.
1275 3380 1428 3434 αὑτοῦ
1472 3386 1518 3434 V
1795 3383 1839 3433 l.
1888 3382 1919 3433 2
1976 3384 2061 3435 καὶ
2110 3382 2265 3454 ταύτῃ
2324 3388 2368 3436 H
2420 3382 2587 3436 Lond.
2635 3384 2707 3434 O:
2760 3381 2845 3432 καὶ
2880 3376 3068 3446 ταύτην
3112 3373 3239 3427 Va¹²

513 3473 656 3525 Cas.:
713 3472 874 3522 καίτοι
921 3471 1074 3537 Gasp.
1115 3474 1186 3524 0:
1244 3470 1332 3522 καὶ
1377 3469 1457 3522 διὰ
1503 3469 1694 3539 ταύτην
1743 3469 1941 3523 Gercke
2191 3471 2221 3520 2
2259 3472 2326 3541 τῇ
2363 3470 2542 3524 addidi
2827 3467 3082 3538 χρώμενοι
3131 3462 3236 3516 22¹²:

512 3557 778 3630 χρώμενοσ
824 3558 1006 3626 (supra.
1052 3573 1104 3608 σι
1162 3575 1178 3608 ι
1222 3558 1325 3623 m¹)
1373 3560 1467 3608 v¹:
1521 3559 1783 3629 χρώμενος
1829 3562 1879 3609 H
2106 3559 2139 3608 4
2186 3557 2373 3626 ἄτοπα]
2426 3576 2457 3608 α
2502 3559 2559 3609 in
2596 3557 2673 3608 lit.
2714 3560 2761 3606 V
3007 3553 3071 3603 τὰ
3116 3550 3234 3602 add.

513 3663 560 3696 v.
605 3663 648 3696 c.
692 3650 737 3696 V
987 3643 1182 3697 τούτων
1220 3649 1284 3695 Vt
1341 3643 1510 3697 αὐτῶν
1557 3645 1637 3697 a':
1695 3646 1778 3710 (τὰ
1815 3645 1945 3714 περὶ)
1992 3643 2189 3697 τούτων
2228 3660 2327 3696 om.
2366 3646 2421 3697 ε’
2670 3643 2702 3695 6
2750 3647 2840 3710 μὲν
2888 3639 2988 3692 del.
3023 3638 3095 3691 13²

511 3733 542 3782 7
595 3728 662 3783 δι’
703 3731 736 3783 ἃ
782 3731 1007 3801 ἤκουσαν
1048 3736 1144 3785 ΗΟ
1464 3734 1513 3786 8.
1555 3731 1585 3782 9
1643 3731 2069 3804 παραδεχομένων
2116 3731 2194 3782 8¹²
2443 3733 2473 3784 9
2522 3731 2596 3783 διὸ
2644 3729 2701 3782 οὺ
2740 3733 2814 3782 K:
2870 3723 2938 3780 δι’
2990 3726 3017 3778 ὃ
3063 3730 3109 3779 Ο

511 3819 663 3889 λέγει]
721 3819 783 3872 cf.
825 3819 1091 3885 Euripides
1141 3819 1322 3871 Phoen.
1367 3821 1429 3871 19
1740 3819 1803 3870 10
1858 3818 2141 3888 φυτεύσεις]
2198 3819 2469 3877 τεκνώσεις
2515 3817 2791 3886 Euripides
3111 3809 3231 3880 φὺς]

511 3913 627 3964 παῖς
675 3907 730 3958 a²
951 3908 1010 3957 1⁶2
1067 3905 1124 3957 οὗ
1173 3907 1346 3958 addidi
1565 3905 1800 3977 κηρύττει
1848 3906 2003 3961 13²0:
2055 3907 2319 3978 κηρύττειν
2358 3907 2489 3959 Va¹²³
2702 3923 2763 3957 τα
2804 3908 2849 3956 V
3064 3899 3233 3954 αὐτῶν

510 3995 590 4048 12¹²
645 3995 755 4046 scil.
795 3995 1111 4047 Stoicorum:
1168 3993 1336 4046 αὐτων
1389 3995 1503 4060 (sic,
1543 4009 1704 4061 supra
1739 4011 1792 4042 v:
1841 3993 1879 4056 ι)
1922 3997 1983 4044 V:
2042 3992 2184 4061 αὐτῷ
2224 3996 2267 4044 H
2484 3993 2627 4062 (οὐχ)
2688 3991 2851 4050 οὕτως
2898 3992 3159 4044 Usenerus

516 4083 579 4136 13
636 4082 732 4155 οὐχ
777 4081 850 4140 ὡς
893 4082 965 4134 13²
1009 4081 1151 4134 Cas-z
1219 4081 1290 4150 μὴ
1340 4080 1412 4138 ὡς
1459 4081 1622 4132 Lond.
1675 4083 1720 4134 Ο
1953 4098 2050 4132 ουκ
2090 4086 2136 4132 V
2352 4081 2537 4139 παντὸς
2584 4080 2665 4134 8¹²
2720 4083 2875 4148 Casp.
2914 4083 2989 4132 O:
3046 4079 3234 4128 πάντοσ

510 4205 692 4272 (supra
729 4222 804 4261 oc:
863 4221 936 4261 ως
973 4204 1068 4268 m¹)
1108 4206 1170 4252 V:
1227 4203 1430 4258 πάντως
1480 4201 1643 4253 Lond.
1689 4204 1760 4254 0:
1819 4201 1878 4252 τὸ
1917 4204 2001 4254 SE
2252 4203 2335 4272 ἧδι
2375 4205 2443 4252 V¹
2498 4205 2651 4268 (corr.
2693 4201 2786 4266 m')
3044 4187 3235 4252 αλλότι

509 4294 583 4344 sic
621 4297 668 4342 V
889 4291 950 4342 14
989 4289 1114 4360 μηδὲ
1153 4290 1206 4342 ἓν
1243 4289 1324 4340 αὐ.
1364 4289 1560 4341 Gercke
1771 4295 1875 4340 τῶν
1916 4293 1957 4340 Β
1999 4289 2163 4340 Lond.
2205 4293 2269 4342 0:
2321 4291 2399 4358 τῷ
2436 4288 2565 4340 Va¹²
2798 4289 2876 4338 14.
2922 4287 2982 4338 15
3036 4303 3232 4358 περιπε-

507 4379 642 4432 τείαν
681 4382 727 4430 V
947 4377 1008 4430 15
1053 4377 1328 4446 γινομένων
1368 4379 1413 4428 O
1663 4375 1720 4426 16
1777 4374 2027 4445 ἀνέθηκεν
2082 4375 2154 4439 (ἐξ
2200 4393 2356 4444 supra
2402 4377 2461 4428 ἀν
2515 4393 2560 4428 v.
2598 4378 2663 4439 c.)
2704 4380 2751 4427 V
2972 4375 3031 4426 17
3078 4375 3232 4443 ἤγουν

507 4464 811 4536 ἀναληφθείς
856 4465 928 4518 Β2
1320 4465 1382 4515 18
1438 4465 1523 4515 καὶ
1577 4463 1694 4514 add.
1745 4479 1791 4513 v.
1839 4479 1881 4514 c.
1934 4467 1978 4514 V
2388 4464 2457 4516 20
2512 4463 2681 4516 αὐτῶν
2738 4463 3025 4514 Schwartz:
3081 4460 3231 4513 αὐτὸν

509 4555 626 4607 libri
815 4563 818 4567 '
908 4551 1021 4616 τὸν]
1075 4570 1102 4601 ν
1141 4569 1181 4603 s.
1219 4568 1267 4602 v.
1307 4555 1352 4602 V
1640 4551 1700 4602 21
1755 4555 1913 4602 ταῦτα
1962 4553 2125 4602 πάντα
2164 4551 2243 4603 3¹²
2526 4552 2593 4602 24
2630 4550 2881 4620 διαφερων
2922 4549 3039 4614 (sic,
3074 4565 3233 4616 supra

509 4676 570 4726 φτ
615 4655 650 4708 θ
689 4674 732 4708 v,
761 4658 826 4718 c.)
863 4659 925 4707 V:
981 4654 1214 4723 διαφέρον
1252 4659 1362 4706 Es:
1420 4652 1704 4722 διαφθερῶν
1755 4653 1832 4705 3¹¹²
2106 4655 2172 4704 25
2228 4654 2303 4712 τίς
2350 4662 2403 4706 et
2448 4653 2547 4705 del.
2588 4659 2698 4709 πῶς
2732 4654 2805 4705 13²
3085 4653 3151 4705 26
3196 4653 3231 4722 ἣ

508 4745 618 4814 περὶ
665 4745 738 4794 sic
781 4747 826 4792 V
1039 4741 1252 4810 εὐσεβεῖς
1299 4745 1409 4794 SE:
1469 4741 1698 4810 εὐσεβίας
1745 4743 1820 4794 0:
1879 4741 2131 4810 εὐσεβείας
2178 4743 2295 4794 libri
2495 4739 2771 4811 προλήψεις
2814 4756 2861 4792 v.
2904 4755 2947 4792 c.
2992 4755 3121 4792 corr.
3168 4756 3231 4794 ex

507 4831 756 4902 πρόληψις
797 4835 839 4882 V
