3684 5567
1345 256 1508 316 ΠΕΡΙ
1543 257 2017 317 ΕΙΜΑΡΜΕΝΗΣ
2054 261 2263 315 31-34
3038 267 3164 330 205

708 431 793 496 Τὸ
849 435 916 497 δὲ
967 433 1153 516 λέγειν
1205 431 1252 514 †
1303 434 1574 515 ἡγεῖσθαι
1619 435 1752 500 τοὺς
1800 431 1917 518 οὐχ
1971 433 2327 515 ἡγουμένους
2370 434 2431 496 ἐν
2477 440 2561 518 τῷ
2610 435 2907 506 σώζεσθαι
2952 435 3057 517 τὴν
3104 445 3356 507 ΧΧΧΙΙΙ,

543 533 681 598 καθ’
738 536 926 620 ὁρμὴν
971 541 1088 599 τῶν
1136 533 1307 619 ζῴων
1354 535 1641 619 ἐνέργειαν
1687 535 1804 620 ἤδη
1852 536 2151 608 σώζεσθαι
2194 538 2292 599 καὶ
2336 538 2402 599 τὸ
2449 537 2542 622 ἐφ’
2598 540 2737 620 ἡμῖν
2782 544 2869 623 τῷ
2916 537 3055 621 [μὴ]

543 642 656 700 πᾶν
702 639 768 701 τὸ
815 638 956 702 καθ’
1013 639 1201 724 ὁρμὴν
1245 638 1542 721 γινόμενον
1587 639 1684 702 ἐπὶ
1727 641 1849 706 τοῖς
1914 639 2174 722 ὁρμῶσιν
2218 638 2365 702 εἶναι
2410 641 2506 704 καὶ
2553 639 2647 702 διὰ
2692 645 2863 704 τοῦτο
2910 640 3055 724 ἐρω-
3085 660 3139 700 ιο

539 745 664 815 τᾶν,
711 741 764 804 εἰ
808 743 892 824 μὴ
936 741 1230 826 ἐνέργημά
1272 765 1324 803 τι
1369 743 1434 803 τὸ
1479 739 1578 824 ἐφ’
1634 742 1774 825 ἡμῖν
1819 741 1965 816 ἐστι,
2032 743 2127 804 καὶ
2180 742 2461 826 λαβόντας
2505 743 2601 804 ἐπὶ
2647 742 2837 828 τούτῳ
2883 744 3055 805 πάλιν

473 864 502 911 5
541 843 792 927 ἐρωτᾶν,
859 845 912 906 εἰ
957 844 1040 927 μὴ
1085 848 1202 906 τῶν
1250 843 1660 928 ἐνεργημάτων
1727 843 1798 904 τὰ
1844 844 1948 924 μὲν
1992 842 2139 906 εἶναι
2195 846 2361 906 δοκεῖ
2407 842 2543 907 καθ’
2603 846 2811 928 ὁρμήν,
2877 845 2949 908 τὰ
2995 845 3047 908 δ’

539 945 608 1008 οὐ
653 945 790 1009 καθ’
847 945 1056 1029 ὁρμήν,
1113 946 1146 1008 ὃ
1192 945 1474 1030 λαβόντας
1519 948 1689 1008 πάλιν
1736 945 2108 1028 προστιθέναι
2152 945 2342 1029 τούτῳ
2395 947 2461 1008 τὸ
2515 948 2595 1029 μὴ
2650 952 2767 1008 τῶν
2824 948 3055 1031 ἐνεργη-

536 1049 736 1126 μάτων
791 1047 918 1131 μέν,
988 1050 1071 1132 μὴ
1127 1047 1263 1112 καθ’
1320 1048 1506 1132 ὁρμὴν
1562 1049 1626 1110 δὲ
1671 1047 1822 1110 εἶναι’
1859 1070 1913 1109 τι
1958 1046 2053 1130 ἐφ’
2117 1049 2277 1130 ἡμῖν,
2332 1047 2399 1109 οὔ
2452 1051 2547 1111 καὶ
2594 1049 2773 1112 αὐτοῦ
2819 1070 3053 1133 συγχω-
3086 1068 3137 1108 15

543 1151 828 1234 ρούμενου
872 1150 970 1212 ἐπὶ
1013 1151 1237 1219 τούτοις
1279 1151 1592 1235 λαμβάνειν
1636 1152 1703 1212 τὸ
1749 1153 1863 1212 πᾶν
1908 1151 1974 1212 τὸ
2021 1149 2158 1212 καθ’
2217 1151 2405 1233 ὁρμὴν
2450 1149 2747 1233 γινόμενον
2796 1151 2891 1215 ἐπὶ
2938 1157 3059 1220 τοῖς

541 1253 728 1320 οὕτως
773 1252 1099 1336 ἐνεργοῦσιν
1153 1252 1317 1325 εἶναι,
1385 1253 1588 1336 ἐπειδὴ
1635 1253 1696 1315 ἐν
1744 1253 1949 1336 μηδενὶ
1992 1255 2110 1314 τῶν
2178 1252 2373 1320 ἄλλως
2418 1253 2845 1335 ἐνεργουμένων
2912 1254 3055 1322 ἐστι’,

438 1375 502 1422 10
537 1356 635 1418 καὶ
681 1356 776 1418 διὰ
819 1360 990 1419 τοῦτο
1057 1356 1241 1437 λέγειν
1312 1357 1611 1428 σώζεσθαι
1655 1353 1780 1418 κατ’
1837 1355 2047 1420 αὐτοὺς
2093 1355 2187 1416 καὶ
2244 1355 2309 1416 τὸ
2356 1357 2613 1416 τοιοῦτον
2658 1354 2756 1438 ἐφ’
2813 1357 2973 1438 ἡμῖν,
3022 1356 3055 1418 ὃ

536 1461 774 1522 δυνατὸν
823 1457 921 1542 ὑφ’
976 1459 1149 1542 ἡμῶν
1195 1457 1464 1539 γενέσθαι
1510 1482 1570 1520 τε
1617 1458 1712 1521 καὶ
1759 1460 1864 1541 μή,
1932 1456 2077 1519 εἶναι
2144 1458 2218 1539 δὴ
2264 1457 2362 1520 καὶ
2406 1458 2479 1519 τὰ
2532 1457 2719 1525 οὕτως
2784 1457 3053 1540 γινόμενα
3081 1476 3137 1517 20

537 1561 600 1622 ἐν
631 1565 749 1629 τοῖς
777 1561 915 1624 καθ’
959 1561 1147 1644 ὁρμὴν
1179 1560 1496 1642 γινομένοις
1541 1558 1743 1642 [ἔστι],
1789 1563 1917 1628 πῶς
1962 1559 2031 1622 οὖ
2064 1561 2427 1623 παντάπασιν
2457 1561 2816 1642 ἀγνοούντων
2853 1565 3055 1640 ταῦτα,

539 1664 681 1747 πρὸς
725 1663 762 1724 ἃ
808 1667 1110 1725 ποιοῦνται
1154 1662 1290 1731 τοὺς
1332 1663 1565 1742 λόγους;
1633 1663 1700 1726 οὒ
1745 1663 1854 1746 γὰρ
1900 1663 1951 1724 εἰ
1996 1663 2058 1725 ἐν
2104 1666 2221 1731 τοῖς
2286 1661 2424 1726 καθ’
2482 1663 2669 1747 ὁρμὴν
2714 1663 3055 1746 ἐνεργουμέ-

539 1788 657 1834 νοις
701 1766 766 1828 τὸ
813 1765 906 1846 ἐφ’
963 1767 1106 1848 ἡμῖν
1151 1763 1297 1826 εἶναι
1346 1767 1808 1848 συγκεχώρηται,
1874 1765 1970 1826 διὰ
2014 1769 2117 1826 τοῦ
2183 1764 2359 1847 λόγου
2428 1764 2543 1848 ἤδη
2600 1769 2713 1826 πᾶν
2781 1766 2846 1827 τὸ
2901 1765 3037 1828 καθ’
3077 1785 3133 1826 25

441 1887 502 1935 15
541 1868 727 1951 ὁρμὴν
773 1866 1182 1950 ἐνεργούμενον
1229 1865 1321 1950 ἐφ’
1379 1868 1536 1948 ἡμῖν.
1627 1869 1807 1928 ταῦτα
1850 1866 1960 1948 γὰρ
2028 1865 2175 1949 μόνα
2241 1873 2358 1929 τῶν
2404 1866 2540 1929 καθ’
2596 1867 2783 1950 ὁρμὴν
2828 1869 3053 1951 γινομέ-

545 1995 660 2033 νων
727 1972 792 2033 τὺ
845 1969 941 2054 ἐφ’
997 1971 1138 2053 ἡμῖν
1183 1968 1334 2054 ἔχει,
1403 1968 1515 2032 ὅσα
1571 1969 1717 2031 κατὰ
1774 1969 2012 2051 λογικὴν
2080 1969 2265 2052 ὁρμὴν
2324 1969 2652 2052 ἐνεργεῖται.
2741 1971 2943 2052 λογικὴ
2992 1969 3042 2033 δ’

539 2075 690 2136 ἐστὶν
723 2073 878 2156 ὁρμὴ
913 2071 1006 2156 (ἡ)
1036 2073 1096 2135 ἐν
1127 2079 1248 2141 τοῖς
1288 2074 1674 2157 βουλευτικοῖς
1719 2095 1780 2134 τε
1825 2073 1920 2134 καὶ
1966 2075 2383 2155 προαιρετικοῖς
2426 2072 2718 2154 γινομένη,
2744 2073 3052 2136 ’τουτέστιν

544 2176 583 2257 ἠ
629 2179 744 2236 τῶν
791 2175 1142 2258 ἀνθρώπων,
1213 2173 1348 2236 ὅταν
1416 2175 1511 2236 ἐπὶ
1578 2174 1798 2242 τούτοις
1864 2175 2105 2256 γίνηται.
2196 2177 2313 2235 τῶν
2380 2174 2486 2258 γὰρ
2531 2172 2725 2236 ἄλλων
2774 2173 2945 2259 ζῴων
2990 2177 3051 2237 αἱ
3078 2193 3135 2234 ao

543 2275 681 2340 καθ’
737 2277 925 2360 ὁρμὴν
969 2277 1247 2360 ἐνέργειαι
1291 2276 1360 2338 οὐ
1405 2281 1686 2348 τοιαῦται,
1734 2276 1820 2339 ὅτι
1868 2274 2071 2359 μηκέτ’
2128 2275 2189 2337 ἐν
2252 2277 2489 2345 ἐκείνοις
2533 2276 2763 2346 ἐξουσία
2806 2283 2910 2340 τοῦ
2956 2281 3051 2340 καὶ

430 2399 500 2444 20
541 2380 621 2461 μὴ
669 2384 910 2462 ποιῆσαι
953 2381 1020 2441 τὸ
1049 2377 1186 2441 καθ’
1229 2379 1416 2462 ὁρμὴν
1463 2379 1907 2461 ἐνερΙγούμενον.
1985 2381 2073 2441 διὸ
2105 2379 2165 2440 ἐν
2210 2383 2335 2446 ταῖς
2378 2377 2511 2443 καθ’
2556 2381 2742 2463 ὁρμὴν
2774 2381 3017 2464 ἐνεργεῖ·
3060 2386 3158 2442 106

543 2503 634 2548 αις
676 2481 742 2543 τὸ
788 2480 883 2564 ἐφ’
940 2483 1100 2564 ἡμῖν,
1168 2481 1236 2543 οὐ
1284 2483 1398 2564 μὴν
1445 2481 1540 2544 διὰ
1584 2486 1753 2543 τοῦτο
1821 2485 1985 2543 πᾶσα
2050 2480 2191 2544 καθ’
2249 2483 2435 2565 ὁρμὴν
2481 2481 2738 2565 ἐνέργεια
2780 2483 3050 2567 γινομένη

534 2586 600 2647 τὸ
646 2582 739 2667 ἐφ’
795 2586 934 2667 ἡμῖν
981 2582 1127 2668 ἔχει.
1204 2588 1330 2651 πῶς
1376 2582 1428 2645 δ’
1478 2583 1584 2645 οὐκ
1629 2584 1987 2663 ἀγνοούντων
2032 2584 2105 2646 τὰ
2150 2581 2247 2666 ὑφ’
2303 2575 2496 2646 αὑτῶν
2540 2585 2813 2666 γινόμενα
2856 2587 2921 2648 τὸ
2966 2592 3040 2669 τῇ
3097 2605 3125 2645 5
3175 2597 3415 2648 XXXIV

536 2688 784 2772 ἀληθείᾳ
829 2691 945 2749 τῶν
989 2685 1326 2768 γινομένων,
1381 2685 1452 2766 ἢν
1499 2686 1828 2768 ἀναιροῦσιν
1877 2686 1971 2747 διὰ
2016 2690 2119 2747 τοῦ
2165 2685 2469 2767 δόγματος,
2537 2687 2689 2770 αὐτῇ
2738 2687 2910 2772 [πρὸς
2954 2688 3048 2772 τὸ]

537 2789 869 2874 κεχρῆσθαι
935 2790 1080 2871 πρὸς
1145 2790 1508 2871 κατασκευὴν
1574 2792 1676 2849 τοῦ
1733 2789 2102 2870 ἀναιροῦντος
2154 2790 2336 2871 αὐτὴν
2394 2789 2708 2872 δόγματος;
2777 2789 3051 2875 λαβόντες

429 2911 498 2959 25
534 2892 643 2975 γὰρ
709 2892 776 2953 τὸ
843 2891 1086 2953 ἕκαστον
1142 2897 1258 2953 τῶν
1316 2893 1690 2953 συνεστώτων
1751 2890 1923 2973 φύσει
1978 2891 2115 2953 καθ’
2170 2892 2525 2975 εἱμαρμένην
2580 2892 2725 2954 εἶναι
2771 2897 3049 2966 τοιοῦτον,

535 2993 737 3057 ὁποῖόν
805 2993 948 3066 ἐστι,
1017 2997 1098 3061 ὡς
1163 2993 1375 3056 ταύτοῦ
1445 2991 1607 3060 ὄντος
1672 2996 1776 3054 τοῦ
1831 3016 1893 3054 τε
1946 2993 2117 3076 φύσει
2172 2995 2267 3056 καὶ
2324 2998 2424 3057 τοῦ
2480 2993 2615 3056 καθ’
2672 2995 3049 3078 εἱμαρμένην,
3077 3014 3134 3055 ιο

535 3095 948 3180 προστιθέασιν
979 3096 1046 3158 τὸ
1078 3095 1316 3158 (οὐκοῦν
1363 3094 1509 3158 κατὰ
1554 3095 1657 3176 τὴν
1712 3095 2069 3179 εἱμαρμένην
2114 3096 2208 3158 καὶ
2260 3097 2607 3179 αἰσθήσεται
2651 3099 2721 3160 τὰ
2770 3101 2899 3182 ζῷα
2952 3099 3049 3160 καὶ

539 3198 804 3282 ὁρμήσει,
873 3197 972 3260 καὶ
1017 3198 1090 3260 τὰ
1137 3198 1240 3280 μὲν
1285 3200 1403 3258 τῶν
1449 3196 1621 3281 ζῴων
1667 3197 1964 3280 ἐνεργήσει
2010 3197 2183 3278 μόνον
2230 3198 2301 3260 τὰ
2346 3199 2411 3260 δὲ
2456 3200 2655 3282 πράξει
2709 3200 2779 3261 τὰ
2825 3203 3049 3282 λογικά,

535 3301 630 3364 καὶ
675 3299 748 3362 τὰ
791 3300 896 3380 μὲν
945 3299 1342 3383 ἁμαρτήσεται
1388 3300 1460 3362 τὰ
1506 3301 1570 3362 δὲ
1616 3301 2001 3382 κατορθώσει.
2092 3304 2272 3363 ταῦτα
2327 3301 2435 3384 γὰρ
2478 3303 2699 3370 τούτοις
2746 3304 2892 3365 κατὰ
2936 3305 3050 3387 φύ-

425 3423 498 3471 30
535 3423 622 3466 σιν
669 3403 795 3485 μέν,
847 3401 1029 3464 ὄντων
1077 3403 1142 3465 δὲ
1185 3405 1283 3465 καὶ
1328 3404 1762 3488 ἁμαρτημάτων
1807 3404 1903 3466 καὶ
1950 3402 2425 3486 κατορθωμάτων
2472 3405 2566 3467 καὶ
2612 3411 2727 3467 τῶν
2774 3406 3049 3469 τοιούτων
3079 3425 3131 3465 15

433 3679 454 3728 l
499 3674 748 3746 ἡγεῖσθαι]
786 3675 926 3748 (οὐχ)
963 3676 1190 3747 ἡγεῖσθαι
1225 3677 1377 3744 Casp.
1419 3677 1486 3729 O:
1525 3677 1804 3730 πλᾶνασθαι
1842 3677 1937 3730 13²:
1975 3676 2141 3747 ληρεῖν
2179 3678 2287 3728 sive
2323 3675 2651 3747 νηπιάζεσθαι
2688 3677 2911 3733 Gercke:
2950 3682 3158 3748 (ἄτοπα)

425 3778 654 3850 ἡγεῖσθαι
689 3783 858 3834 Heine
1070 3770 1166 3852 665(
1203 3783 1280 3834 sic
1321 3786 1382 3834 V:
1422 3781 1521 3834 del.
1566 3781 1717 3849 Casp.
1742 3785 1788 3835 Ο
2004 3783 2035 3834 2
2075 3769 2146 3851 μὴ
2184 3784 2259 3834 sic
2282 3786 2345 3833 V:
2385 3781 2457 3850 μὴ
2494 3782 2582 3834 rel.
2622 3783 2701 3846 (τὸ
2741 3783 2813 3854 μὴ
2841 3785 2996 3852 Casp.
3020 3788 3086 3849 O)

423 3869 459 3919 4
498 3867 792 3938 ἐνέργήμάτι
831 3874 893 3921 V:
933 3870 1280 3940 ἐνέρωτήματι
1317 3872 1404 3922 ES
1635 3888 1682 3921 τι
1717 3870 1802 3934 τὸ]
1839 3888 1887 3922 τι
1922 3875 2026 3921 τῶν
2071 3870 2206 3921 coni.
2247 3872 2291 3922 Ο
2524 3871 2573 3920 4.
2614 3868 2645 3920 5
2690 3871 2735 3922 εἰ
2779 3871 2851 3941 μὴ
2876 3873 3155 3942 -ἐρωτᾰν

425 3969 528 4008 om.
563 3954 643 4008 ει,12
854 3958 884 4009 6
922 3957 1114 4027 τούτῳ]
1155 3977 1196 4027 ῳ
1236 3960 1292 4010 in
1329 3959 1406 4009 lit.
1444 3962 1487 4011 B
1680 3960 1750 4028 μὴ
1791 3959 2002 4026 scripsit
2041 3957 2169 4026 μήτε
2209 3957 2353 4009 libri:
2405 3956 2501 4008 del.
2550 3958 2738 4010 Heine:
2794 3958 2950 4028 μηδὲν
2990 3960 3061 4012 13²

426 4042 458 4094 7
498 4041 550 4094 δὲ
585 4043 757 4114 (μηδὲ)
793 4045 960 4097 Heine
1243 4045 1314 4114 τι]
1350 4044 1411 4096 τὸ
1450 4045 1679 4098 Gercke:
1716 4065 1770 4098 τε
1809 4045 1889 4098 11²:
1930 4046 2029 4098 del.
2052 4043 2124 4096 13²
2407 4043 2465 4096 οὗ
2503 4045 2590 4097 καὶ
2628 4045 2782 4097 αὐτοῦ
2820 4048 2925 4110 (καὶ
2962 4049 3017 4098 in
3057 4048 3155 4112 lit.)

425 4133 497 4183 B:
537 4131 631 4183 οὐκ
677 4131 832 4184 αὐτοῦ
868 4132 917 4197 (ὑ
957 4135 1014 4185 in
1053 4134 1130 4186 lit.
1171 4134 1203 4185 3
1229 4135 1354 4196 litt.)
1395 4138 1454 4184 V:
1513 4133 1608 4186 οὒκ
1647 4131 1803 4186 αὺτοῦ
1840 4132 1941 4186 11¹²:
1998 4133 2085 4185 καὶ
2122 4131 2276 4185 αὐτοῦ
2315 4132 2479 4184 Lond.
2519 4137 2564 4186 O
2856 4135 2919 4187 10
2973 4134 3155 4187 τούτου

425 4217 595 4271 Lond.
634 4222 680 4272 Ο
897 4220 960 4271 12
1017 4219 1121 4274 ἔστι
1159 4222 1354 4274 delevi:
1411 4222 1526 4274 coll.
1566 4225 1685 4289 post
1720 4223 2034 4273 παντάπασιν
2071 4219 2143 4272 13²
2355 4218 2413 4272 οὒ
2452 4235 2581 4272 corr.
2620 4239 2683 4272 ex
2720 4221 2809 4272 οὖν
2847 4225 2894 4273 V

426 4307 726 4376 ἀγνοοῦντες
759 4307 832 4360 13²
1042 4327 1202 4361 ταυτα
1231 4314 1278 4360 V
1497 4309 1560 4360 17
1597 4310 1630 4376 ἡ
1669 4309 1847 4360 addidi
2064 4309 2128 4360 18
2166 4309 2347 4378 γίνεται
2385 4311 2431 4360 Ο
2652 4306 2712 4357 19
2752 4305 2833 4374 οὺ]
2871 4309 2923 4360 αἱ
2958 4309 3013 4362 22

423 4411 518 4446 του
546 4399 592 4444 V
794 4395 864 4448 20
901 4396 972 4466 μή
1008 4415 1057 4450 τι
1094 4397 1175 4449 8¹²
1383 4404 1489 4449 τῶν
1531 4437 1542 4449 .
1571 4437 1584 4448 .
1623 4397 1993 4467 ἐνεργουμένων
2042 4398 2176 4450 coni.
2217 4400 2262 4450 O
2477 4393 2544 4445 22
2582 4393 2701 4459 οὐκ]
2741 4412 2769 4445 υ
2808 4397 2863 4447 in
2900 4397 2977 4448 lit.
3018 4401 3065 4447 V

423 4498 684 4568 γινόμενα]
736 4497 981 4569 λεγόμενα
1026 4499 1175 4568 Casp.
1233 4503 1278 4554 O
1495 4500 1561 4552 23
1617 4499 1773 4569 αὐτην
1813 4502 1932 4567 (sic,
1968 4517 2128 4569 supra
2164 4519 2213 4551 v:
2254 4502 2289 4564 ι)
2327 4486 2512 4571 προστό
2548 4502 2603 4564 (i.
2643 4515 2685 4551 e.
2725 4497 2875 4567 αὐτῇ)
2912 4503 2977 4552 V:
3022 4498 3155 4570 αὐτῇ

425 4586 590 4638 Lond.
630 4588 702 4640 O:
749 4585 907 4656 αὐτὴν
943 4587 1068 4659 πρὸς
1101 4587 1160 4639 τὸ
1199 4591 1294 4639 KB
1336 4588 1440 4653 (his
1478 4588 1649 4639 verbis
1687 4587 1757 4638 13²
1791 4589 2037 4640 lineolam
2084 4589 2343 4651 subducit,
2398 4589 2433 4639 i.
2466 4604 2510 4640 e.
2550 4587 2671 4649 del.)
2707 4585 2785 4637 3¹²
2822 4586 2966 4638 Gas.=
3021 4587 3151 4657 αὐτῆ

423 4673 546 4745 πρὸς
583 4673 642 4724 τὸ
679 4675 820 4726 HES
1043 4673 1109 4726 24
1164 4689 1340 4726 nonne
1379 4671 1634 4744 χρῆσθαιΡ
1847 4675 1998 4727 αὐτὸν
2035 4677 2115 4726 ει12
2348 4675 2414 4725 26
2471 4670 2737 4726 ωσταυτοῦ
2775 4674 2851 4724 sic
2892 4678 2936 4725 V

424 4759 494 4812 28
550 4759 724 4828 μόνον]
782 4759 964 4831 χρόνον
1000 4762 1052 4812 a¹
1176 4751 1186 4756 ’
1267 4762 1351 4814 29.
1391 4761 1460 4814 30
1513 4763 1730 4814 fortasse
1776 4765 1908 4815 κατὰ
1944 4763 2104 4834 φύσιν.
2160 4763 2353 4826 (κατὰ
2390 4763 2601 4830 φύσιν)
2647 4766 2738 4829 μὲν
2776 4761 2949 4825 (οὖν)
2987 4759 3150 4816 ὄντων

427 4846 532 4916 [δὲ]
569 4849 656 4900 καὶ
869 4847 939 4900 30
975 4848 1229 4917 μενόντων
1266 4855 1370 4902 τῶν
1405 4849 1462 4901 δὲ
1499 4849 1552 4901 8⁸²
