3684 5567
1163 245 1234 297 111
1313 245 1398 296 DE
1437 243 1797 298 CODIGIBUS
1837 243 2019 296 LIBRI
2060 243 2147 296 DE
2186 243 2364 296 FATO
2976 250 3113 288 xxm

400 416 716 500 sequioris
770 417 1075 500 temporis
1129 415 1624 501 explicationem
1681 414 1989 500 optimam
2047 415 2532 481 subministrant
2588 415 2817 481 Veneti
2872 417 2926 482 V
2982 437 3113 482 eor-

399 545 711 618 tecturae,
778 556 940 620 quas
984 535 1227 603 librarii
1273 556 1388 620 pro
1435 555 1549 601 suo
1595 535 1866 619 quisque
1910 535 2175 602 arbitrio
2222 536 2413 601 modo
2459 535 2661 600 secuti
2716 543 2864 600 sunt
2920 536 3112 601 modo

399 676 722 739 sprevere.
811 656 936 721 hoc
965 655 1303 723 observavi
1351 677 1406 722 e.
1439 676 1492 721 (3.
1543 655 1684 738 166,
1689 655 1772 719 23
1820 655 2049 737 171,25
2097 655 2325 738 177,13
2374 655 2514 736 180,
2524 656 2604 720 10
2651 655 2791 737 184,
2796 655 2880 720 24
2927 657 3109 738 186,1

404 775 521 840 187
527 777 664 858 ,21
681 776 883 859 194,.4
914 777 994 840 14
1052 775 1466 858 196,18-27.
1493 776 1593 842 28.
1614 777 1700 841 29
1767 775 1909 858 199,
1914 774 2015 840 22.
2041 775 2123 840 25
2191 775 2380 857 202,2
2445 775 2590 856 205,
2595 773 2697 838 23.
2807 776 2921 840 sed
2989 775 3113 841 hoc

401 893 552 959 mihi
599 895 826 961 credas
872 896 1325 978 condonesque
1371 901 1664 962 exactam
1709 894 1937 958 harum
1983 893 2395 959 minutiarum
2438 893 2742 958 tabulam.

571 1014 702 1078 Iam
750 1035 902 1081 vero
947 1015 1012 1080 in
1058 1015 1222 1081 duas
1269 1016 1512 1082 classes
1556 1019 1944 1080 sevocantur
1987 1013 2367 1098 apographa
2411 1012 2677 1096 lacunis,
2734 1033 2861 1097 qua
2914 1015 3109 1080 laceri

399 1139 546 1196 sunt
618 1133 928 1217 179,5-6
994 1134 1252 1200 codices
1317 1133 1752 1200 AGKDTa¹a²
1817 1133 1997 1218 (item
2073 1131 2449 1215 204‚4—5)‚
2516 1132 2744 1214 integri
2815 1154 3109 1199 mansere

403 1247 640 1317 BHES.
729 1251 966 1318 deinde
1018 1253 1083 1318 in
1136 1253 1262 1319 hac
1312 1255 1520 1319 altera
1571 1252 1819 1318 familia
1870 1273 2049 1318 suum
2107 1253 2314 1317 locum
2362 1252 2653 1318 obtinent
2696 1251 2820 1335 ES,
2878 1252 2982 1334 qni
3040 1259 3103 1318 et
3148 1254 3239 1319 ES

397 1371 614 1435 multis
662 1371 1093 1454 peculiaribus
1137 1372 1385 1438 lacunis
1431 1372 1668 1438 turbati
1714 1379 1883 1457 sunt,
1938 1381 2001 1438 et
2046 1371 2275 1437 Veneti
2321 1371 2631 1454 quasdam
2680 1372 3109 1455 proprietates

397 1487 647 1555 fidelius
691 1499 1112 1558 servaverunt
1155 1512 1346 1574 quam
1391 1491 1608 1558 ceteri.
1700 1491 1999 1556 omittunt
2044 1511 2097 1557 e.
2146 1511 2239 1573 gr.
2290 1490 2517 1573 17:333
2562 1492 2979 1576 καὶ-σιγῆσαι
3025 1493 3109 1556 24

395 1633 520 1673 τινα
562 1609 642 1674 27
685 1607 1259 1698 τὰ-ἐνδεχομένως,
1339 1611 1926 1696 κατὰ-εἱμαρμένην
1982 1617 2195 1677 autem
2239 1610 2385 1675 ideo
2426 1609 2611 1676 deest
2656 1609 2795 1692 169,
2810 1611 2913 1694 20,
2959 1612 3110 1694 quia

394 1727 558 1796 haec
579 1730 780 1796 verba
803 1731 896 1796 m'
917 1731 1188 1816 margini
1217 1732 1580 1817 adscripsit.
1621 1732 1716 1797 ita
1737 1732 1856 1797 soli
1874 1731 1975 1796 ES
1995 1731 2312 1797 retinuere
2342 1732 2511 1794 πάλιν
2532 1731 2779 1814 172,28.
2828 1737 3107 1795 ceterum

397 1850 655 1932 pessimi
687 1859 836 1917 sunt
879 1851 944 1915 hi
989 1851 1220 1918 fratres
1251 1851 1548 1936 vitiisque
1580 1851 1827 1918 referti:
1887 1852 2117 1935 165,24
2160 1849 2400 1934 οὐκεθ’]
2446 1851 2519 1914 αὐ
2570 1849 2827 1914 καθόλου
2876 1851 3106 1933 171,15

393 1969 531 2034 ὅσον
562 1970 685 2055 ἐπὶ]
733 1973 764 2035 ὁ
797 1975 1102 2058 σωκράτης
1136 1973 1366 2056 172,28
1411 1970 1806 2057 ἐμμενόντων]
1840 1971 2120 2055 κειμένων
2170 1971 2399 2054 177,12
2446 1977 2591 2054 post
2620 1971 2950 2058 ναυμαχίαν
2998 1970 3107 2034 ad-

393 2091 557 2157 dunt
585 2093 692 2186 οὐκ
724 2091 886 2158 ἔσται
917 2093 1236 2178 ναυμαχία,
1267 2094 1321 2156 εἰ
1349 2093 1416 2156 δὲ
1445 2090 1606 2156 ἔσται
1639 2093 1742 2176 μὲν
1775 2127 1857 2138 -
1892 2089 2009 2156 sed
2038 2090 2257 2157 taedet
2290 2092 2451 2158 haee
2482 2091 2758 2174 amplius
2788 2089 3102 2174 persequi.

564 2213 776 2279 Etiam
821 2213 1090 2279 alterius
1134 2213 1418 2278 familiae
1471 2217 1648 2277 certa
1707 2217 1857 2276 sunt
1910 2230 2151 2294 genera
2194 2211 2489 2276 ACDTa¹
2536 2219 2601 2278 et
2646 2208 2780 2276 Ka'
2832 2216 2895 2276 et
2940 2209 3107 2274 inter

391 2331 506 2396 illa
551 2333 819 2417 primum
876 2353 1136 2417 prorsus
1181 2331 1552 2416 conspirare
1597 2331 1652 2395 A
1699 2338 1764 2396 et
1807 2329 1860 2395 O
1905 2330 2285 2396 notaverim.
2372 2330 2466 2396 ita
2524 2330 3097 2410 omittunt·166,l2
3142 2329 3250 2392 AC

393 2451 644 2538 ἔπραξαν
697 2455 772 2521 19
817 2453 889 2516 τὰ
933 2453 1090 2516 αἴτια
1138 2451 1316 2534 167,7
1367 2452 1480 2514 ὑπὸ
1525 2455 1628 2515 τοῦ
1672 2452 1936 2537 τεχνίτου
1981 2451 2219 2535 211,14
2262 2473 2323 2514 τε
2368 2452 2453 2516 20
2496 2451 2787 2534 ἐπιστήμη
2834 2451 2919 2514 29
2962 2473 3105 2531 γινο-

391 2571 606 2656 μένων.
694 2572 941 2638 addunt
988 2574 1171 2656 177,1
1220 2579 1367 2656 post
1411 2569 1574 2635 ὄντας
1621 2568 1752 2634 οὖσι
1797 2569 1867 2633 ἂν
1910 2573 2031 2640 τοῖς
2079 2571 2371 2655 μάντεσιν,
2427 2569 2659 2652 legitur
2709 2570 2774 2634 in
2832 2577 3105 2651 utroque

393 2693 627 2777 167,13
671 2692 887 2757 τούτων
933 2697 1048 2756 τῶν
1093 2691 1291 2756 αἰτίων
1335 2691 1625 2756 τοσούτων
1672 2690 1907 2777 212,16
1954 2689 2102 2776 βίον]
2147 2689 2335 2772 λόγον.
2397 2727 2476 2737 -
2522 2711 2788 2773 quorum
2832 2689 3099 2754 fratrum

388 2813 779 2879 deteriorem
822 2832 968 2878 esse
1013 2811 1062 2876 C
1107 2818 1403 2894 apertum
1455 2818 1573 2877 est.
1661 2811 1717 2876 is
1761 2813 1941 2877 solus
1995 2811 2228 2876 omittit
2284 2812 2682 2895 167,10—-11
2738 2812 2804 2875 τὸ
2854 2809 3103 2878 τέλος-

387 2933 568 3003 θεοὺς
620 2933 1032 3017 201,12-13
1093 2931 1475 3016 εἰ--μὲτρων
1529 2933 1849 3018 207,7-8
1901 2931 2289 3013 οὐκ-νόμος
2334 2931 2652 3016 211,8-9
2714 2929 3102 3000 τοῖς-εἷναι.

389 3051 612 3136 itaque
664 3053 938 3134 neglego
994 3051 1163 3117 hunc
1217 3059 1362 3135 post
1407 3053 1620 3138 166,2;
1675 3073 1823 3119 nam
1869 3053 2119 3119 initium
2163 3050 2306 3116 libri
2350 3049 2416 3115 in
2464 3049 2513 3116 G
2560 3052 2697 3117 solo
2744 3057 2974 3116 exstat.

566 3171 843 3238 Aldinae
887 3193 1076 3256 porro
1110 3192 1250 3236 cum
1283 3172 1504 3239 codice
1534 3173 1589 3237 A
1622 3173 1971 3239 similitudo
2002 3180 2103 3240 est
2142 3171 2439 3236 maxima.
2530 3177 2745 3236 tamen
2778 3191 2986 3252 neque
3018 3189 3098 3235 ex
3143 3170 3267 3234 Aa¹

389 3291 516 3356 hoc
545 3291 859 3374 impressa
889 3299 1006 3374 est,
1021 3311 1232 3373 neque
1263 3291 1366 3357 bic
1395 3311 1476 3356 ex
1505 3291 1620 3357 illa
1649 3293 2029 3376 descriptus.
2076 3289 2342 3358 evitavit
2374 3290 2617 3356 enimA
2642 3289 2802 3356 haec
2824 3290 3101 3355 Aldinae

387 3410 552 3476 vitia
585 3412 772 3494 164,8
822 3411 1050 3484 166,14
1098 3412 1319 3494 167,17
1373 3413 1602 3495 169,15
1652 3412 1876 3496 170,21
1929 3411 2114 3495 171,2
2163 3409 2365 3494 173,4.
2398 3413 2469 3474 11
2525 3409 2825 3492 176,1.16
2875 3410 3102 3492 179,12

393 3531 631 3614 180,12
687 3531 874 3614 182,2
934 3531 1144 3614 183‚9.
1174 3533 1272 3596 19.
1333 3532 1570 3616 187,25
1632 3531 1846 3615 189,3.
1872 3531 1955 3598 28
2011 3532 2231 3614 190,9.
2262 3532 2356 3596 19.
2383 3531 2469 3594 20
2524 3527 2802 3612 193,5.9
2864 3530 3097 3612 194,11

391 3651 620 3735 196,27
668 3651 900 3733 200,22
953 3651 1142 3728 203,2
1189 3651 1440 3735 205,20.
1464 3650 1547 3716 28
1593 3653 1784 3736 206,2
1831 3653 2023 3736 207,9
2075 3652 2310 3735 209,18
2355 3649 2609 3731 210,14.
2640 3649 2719 3715 18
2763 3650 3015 3734 211,15.

562 3769 896 3835 Accedunt
937 3771 1004 3835 in
1033 3771 1093 3834 A
1130 3769 1300 3837 aliae
1343 3770 1746 3836 differentiae
1793 3771 1981 3854 1733
2026 3773 2090 3835 τὸ
2134 3772 2243 3856 γὰρ
2289 3795 2384 3856 πρ.
2435 3770 2516 3833 14
2545 3770 2968 3854 προειρημένην
3012 3795 3101 3855 γρ.

385 3889 827 3974 προηγουμένην
894 3889 1077 3974 177,1
1137 3888 1275 3954 ὄντα
1332 3888 1462 3953 οὖσι
1515 3891 1584 3954 ἂν
1629 3897 1747 3960 τοῖς
1803 3893 2042 3974 μάντεσι
2087 3893 2349 3960 δυνατοῖς
2398 3891 2583 3974 182,2
2630 3889 2965 3974 δυναμένων
3025 3891 3102 3954 15

383 4009 523 4095 τὴν]
568 4012 665 4074 καὶ
714 4009 792 4076 16
838 4009 1168 4080 συνθέσεως
1212 4009 1298 4074 20
1341 4010 1535 4092 ὀλίγου
1586 4009 1813 4094 183,12
1859 4013 2067 4094 γίνοιτο
2114 4010 2347 4094 184,24
2382 4008 2500 4094 τῷ]
2532 4011 2596 4072 τὸ
2644 4009 2725 4074 26
2758 4008 2921 4095 ὄντα]
2957 4009 3102 4073 εἶναι

389 4129 580 4212 185,7
626 4130 985 4216 βουλοίμεθα
1028 4130 1114 4194 20
1155 4131 1556 4215 περιεστάσαις
1601 4131 1679 4196 31
1729 4133 1999 4195 συντελεῖ
2044 4131 2223 4214 187,1
2273 4133 2501 4195 πάντων
2547 4130 2588 4194 8
2631 4135 2913 4215 προσοῦσι
2958 4133 3101 4194 τισὶν

387 4247 620 4324 18823
666 4251 730 4313 τὸ
776 4256 960 4314 ποιεῖν
1018 4249 1250 4333 190,14
1292 4250 1438 4314 εἶναι
1485 4253 1548 4314 τὸ
1594 4271 1716 4317 om.
1781 4252 1861 4318 19
1904 4273 1957 4313 τι
2000 4252 2097 4314 καὶ
2144 4247 2237 4336 ἐφ’
2305 4251 2534 4334 191,14
2578 4249 2813 4337 ἔχοντες
2872 4252 3103 4335 192,20

383 4371 662 4453 λογισμὸν
727 4371 812 4436 22
857 4390 1028 4453 φησιν
1099 4369 1184 4434 23
1229 4370 1260 4432 ὁ
1306 4371 1370 4433 τὲ
1415 4371 1519 4454 μὲν
1576 4368 1656 4451 μὴ
1715 4369 1899 4438 οὕτως
1944 4370 2245 4456 συμβαίνει
2318 4370 2548 4454 193,24
2594 4371 2658 4433 τὸ
2729 4371 2808 4435 27
2858 4371 3101 4453 ἀναγκά-

383 4493 590 4562 ζοντας
660 4489 848 4574 195,8
892 4489 924 4552 ὃ
969 4493 1300 4573 περιπατῶν
1371 4491 1450 4556 18
1493 4487 1674 4553 αἴτιον
1740 4489 1824 4554 24
1868 4491 1967 4554 καὶ
2011 4489 2231 4559 ἀείδεος
2301 4490 2531 4574 196,24
2575 4489 2669 4553 ὑπ’
2727 4489 2919 4554 αὐτῶν
2975 4512 3097 4555 0111.

387 4608 622 4692 197,25
667 4609 1156 4678 καὶ-νοσοῦντας
1201 4629 1323 4674 0111.
1372 4609 1450 4674 31
1498 4611 1617 4672 δεῖν
1650 4609 1879 4690 2ΟΟ,21
1928 4615 2167 4694 ποιῆσαι
2190 4615 2261 4694 τῆ
2303 4614 2538 4694 ποιῆσαι
2585 4609 2775 4693 201,8
2818 4613 3099 4676 δύνασθαι

391 4729 470 4792 12
516 4727 640 4791 οὐδ’
695 4727 793 4813 ἂν]
839 4729 908 4792 οὐ
953 4730 1060 4813 γὰρ
1105 4728 1338 4812 202,12
1383 4751 1558 4814 φησιν
1603 4730 1688 4794 24
1731 4733 2087 4814 γεννώμενον
2134 4729 2365 4812 203,23
2408 4751 2460 4791 τι
2506 4731 2601 4793 καὶ
2634 4731 2833 4800 ἀιδίως
2864 4779 2919 4796 ..
2950 4782 2963 4795 .
2996 4736 3097 4795 τοῦ

381 4848 610 4931 κόσμου
653 4847 738 4912 24
780 4845 912 4911 κατ’
969 4847 1144 4912 ἄλλον
1189 4849 1420 4932 206,12
1464 4849 1739 4934 χαρίεντα
1784 4850 2013 4933 207,27
2061 4853 2505 4934 συγχωροῦντας
2550 4850 2633 4914 28
2679 4849 2898 4934 αὐτοῖς]
2945 4853 3095 4936 αὐτὴ
