3684 5567
487 235 530 299 6
1205 233 1664 291 ΑΛΕΞΑΝΔΡΟΥ
1701 231 2005 290 ΑΠΟΡΙΩΝ
2046 231 2167 288 ΚΑΙ
2206 231 2471 290 ΛΥΣΕΩΝ

595 408 864 472 ἐναντίων
909 412 1238 495 χρωμάτων
1295 409 1568 493 ἀλλήλοις
1619 410 1714 473 καὶ
1769 413 1883 472 τῶν
1937 408 2157 476 τούτοις
2202 407 2432 492 μεταξύ.
2520 405 2617 470 καὶ
2662 405 2722 468 ἐν
2768 407 2931 470 παντὶ
2978 407 3088 470 σώ-

597 535 730 593 ματι
775 516 992 597 χρῶμα
1035 511 1228 598 ἔχοντι
1287 513 1324 597 ἢ
1371 511 1490 576 ὄντι
1544 515 1857 598 χρώματος
1910 515 2157 596 δεκτικῷ
2215 511 2337 574 ἐστι
2382 509 2703 594 μεμιγμένη
2759 509 2856 572 καὶ
2900 510 2940 593 ἡ
2984 512 3087 572 τοῦ

597 617 905 699 διαφανοῦς
949 617 1136 700 φύσις.
1205 617 1264 679 ἐν
1310 617 1398 685 οἷς
1442 617 1546 699 μὲν
1592 614 1690 679 οὖν
1737 619 2033 700 σώμασιν,
2086 613 2215 679 οὖσι
2258 613 2589 698 διαφανέσιν
2635 611 2843 697 ἔχουσί
2882 636 2934 675 τι
2977 615 3092 676 δια·
3144 627 3174 671 ε

597 719 771 801 φανὲς
816 719 876 781 ἐν
922 719 1146 794 αὐτοῖς,
1204 721 1269 782 τὸ
1316 720 1494 804 πέρας
1546 719 1793 804 φανερόν
1850 719 1969 782 ἐστι
2026 719 2121 781 καὶ
2174 717 2493 801 ὡρισμένον
2546 713 2697 799 (ἔστι
2750 716 2815 779 δὲ
2872 716 2932 778 ἐν
2976 721 3095 786 τοῖς

527 842 556 890 5
597 825 851 906 στερεοῖς
896 821 1127 906 τοῦτο),
1181 820 1333 886 ἔστιν
1379 823 1439 886 ἐν
1484 823 1706 892 τούτοις
1749 824 1847 886 καὶ
1893 827 2111 908 χρῶμα
2162 821 2409 906 φανερόν
2452 843 2516 882 τε
2560 819 2657 884 καὶ
2701 819 2942 892 οἰκεῖον,
2997 820 3093 882 καὶ

597 922 750 988 ἔστιν
804 926 863 988 ἐν
921 923 1114 1008 μόνοις
1167 927 1390 994 τούτοις
1442 926 1651 1010 κυρίως
1704 925 2012 1008 λεγόμενον
2066 929 2311 1009 χρῶμα,
2371 925 2463 987 καὶ
2520 926 2737 1005 μᾶλλον
2790 923 2849 985 ἐν
2900 923 2985 991 οἷς
3030 923 3094 985 τὸ
3124 937 3178 980 ιο

599 1031 835 1112 μᾶλλον.
924 1029 990 1091 τὸ
1037 1029 1101 1091 δὲ
1145 1028 1412 1113 ἀόριστον
1457 1031 1728 1114 διαφανὲς
1782 1029 1948 1092 οὐδὲν
2004 1030 2107 1110 μὲν
2154 1029 2365 1092 οἰκεῖον
2422 1023 2543 1090 οὐδ’
2602 1025 2917 1111 ὡρισμένον
2970 1024 3095 1110 ἔχει

599 1135 814 1215 χρῶμα
857 1136 942 1216 τῷ
986 1131 1079 1194 διὰ
1125 1131 1420 1214 μανότητα
1474 1134 1653 1215 μηδὲν
1699 1133 1967 1217 κατέχειν
2012 1155 2075 1196 τε
2129 1133 2225 1194 καὶ
2270 1131 2488 1214 στέγειν
2532 1130 2841 1203 δύνασθαι,
2898 1133 2984 1214 τῷ
3030 1125 3083 1192 δ’

599 1235 915 1318 ἀλλοτρίων
961 1237 1294 1320 χρωμάτων
1348 1235 1608 1319 γίνεσθαι
1663 1237 1923 1299 δεκτικόν
1967 1257 2029 1298 τε
2086 1236 2181 1298 καὶ
2226 1236 2489 1298 διάκονον
2544 1233 2710 1297 οὐδὲν
2758 1233 2861 1316 μὲν
2906 1231 3097 1294 αὐτῶν
3126 1247 3179 1289 15

495 1357 560 1404 10
597 1341 936 1421 παθητικῶς
980 1340 1402 1422 ἀναλαμβάνει,
1456 1340 1785 1421 κινούμενον
1832 1338 1887 1402 δ’
1944 1336 2038 1402 ὑπ’
2093 1338 2286 1401 αὐτῶν
2334 1337 2479 1400 κατὰ
2523 1338 2627 1420 τὴν
2672 1336 2991 1420 παρουσίαν
3035 1358 3097 1399 τε

599 1443 694 1504 καὶ
739 1441 907 1504 ποιὰν
953 1442 1154 1527 σχέσιν
1199 1445 1341 1527 πρὸς
1385 1447 1568 1506 ταῦτα
1613 1447 1727 1506 τῶν
1773 1443 2033 1526 ἐχόντων
2078 1447 2295 1526 χρῶμα
2340 1442 2551 1504 οἰκεῖον
2597 1441 2921 1522 σωμάτων,
2968 1437 3087 1502 ἔστ’

601 1543 669 1606 ἂν
726 1541 767 1628 ᾖ
826 1545 1076 1628 ὁρᾶσθαι
1131 1546 1292 1630 αὐτῷ
1347 1547 1442 1609 διὰ
1497 1551 1602 1628 τῆς
1659 1548 1941 1630 κινήσεως
2001 1550 2103 1628 τῆς
2156 1544 2459 1628 γινομένης
2516 1544 2629 1606 ὑπὸ
2684 1547 2801 1605 τῶν
2854 1543 3095 1610 ἐκείνοις

599 1645 778 1710 ὄντων
825 1651 1154 1733 χρωμάτων
1200 1648 1260 1711 ἐν
1292 1649 1476 1730 αὐτῷ’,
1522 1651 1914 1712 διακονεῖσθαι
1958 1652 2077 1717 τοῖς
2120 1651 2235 1711 τῶν
2282 1643 2455 1732 ζῴων
2502 1647 2791 1730 ὁρατικοῖς
2834 1649 2915 1714 ὡς
2946 1647 3095 1708 ἀντι-
3120 1660 3178 1702 no

599 1752 999 1836 λαμβάνεσθαι
1047 1749 1118 1814 δι’
1174 1751 1351 1815 αὐτοῦ
1407 1756 1522 1814 τῶν
1579 1753 1941 1838 χρωμάτων,
2000 1755 2169 1814 τοῦτο
2215 1751 2281 1814 δὲ
2324 1753 2505 1813 ποιεῖν
2550 1749 2671 1813 οἷον
2716 1747 2831 1834 <τε>
2874 1749 2939 1811 τὸ
2986 1751 3100 1811 δια·

497 1875 560 1923 15
597 1855 772 1938 φανὲς
815 1855 862 1936 †
908 1852 1000 1938 ἐφ’
1057 1851 1108 1938 ᾦ
1155 1879 1206 1918 τι
1253 1853 1350 1938 ὑφ’
1406 1855 1474 1918 οὖ
1521 1858 1754 1940 πρώτου
1797 1854 2120 1940 κινουμένῳ
2168 1855 2228 1917 ἐν
2270 1853 2435 1939 αὐτῷ
2482 1854 2593 1916 ὑπὸ
2640 1853 2953 1937 παρουσίας
2984 1855 3097 1913 τῶν

599 1957 866 2042 φωτίζειν
921 1958 1091 2042 φύσιν
1146 1957 1405 2043 ἐχόντων
1459 1960 1688 2044 πάσχον
1743 1960 1839 2021 καὶ
1895 1959 2213 2043 δεχόμενον
2266 1958 2409 2020 αὐτὸ
2462 1959 2545 2025 ὡς
2597 1957 2807 2019 οἰκεῖον
2860 1959 3095 2041 χρῶμα.

599 2061 735 2124 οὐδὲ
779 2061 888 2145 γὰρ
932 2061 1068 2124 οὐδὲ
1112 2066 1280 2125 τοῦτο
1327 2063 1536 2124 οἰκεῖον
1585 2062 1762 2125 αὐτοῦ
1809 2067 2053 2146 χρῶμα,
2108 2059 2229 2123 ἀλλ’
2286 2057 2402 2123 ἔστ’
2460 2059 2529 2123 ἂν
2584 2062 2687 2142 μὲν
2732 2059 2893 2144 αὐτῷ
2938 2061 3099 2143 παρῇ
3128 2074 3183 2118 3

599 2165 665 2227 τὸ
712 2164 980 2248 φωτίζειν
1011 2163 1288 2247 πεφυκός,
1333 2162 1462 2248 ἔχει
1505 2164 1570 2226 τὸ
1612 2169 1758 2248 φῶς,
1805 2163 2167 2232 ἀπελθόντος
2210 2165 2275 2227 δὲ
2318 2165 2413 2227 καὶ
2456 2165 2523 2226 τὸ
2570 2163 2630 2226 ἐν
2674 2163 2864 2248 τούτῳ
2916 2166 2923 2248 Ι
2970 2169 3099 2248 φῶς
3142 2169 3205 2226 18

601 2265 911 2330 πέπαυται.
1003 2265 1121 2330 ἔστ’
1178 2267 1246 2330 ἂν
1303 2266 1401 2330 οὖν
1459 2264 1501 2352 ᾖ
1550 2267 1987 2352 πεφωτισμένον
2049 2269 2144 2330 καὶ
2200 2266 2301 2335 τὰς
2354 2271 2469 2329 τῶν
2522 2267 2715 2330 ἄλλων
2770 2267 3100 2352 χρωμάτων

495 2390 562 2437 20
599 2370 911 2454 ποιότητας
962 2393 1025 2433 τε
1069 2370 1165 2434 καὶ
1218 2371 1497 2455 διαφορὰς
1551 2371 1766 2454 ὁμοίως
1819 2369 2167 2454 δεχόμενον,
2230 2373 2309 2439 ὡς
2361 2371 2459 2433 καὶ
2512 2371 2579 2433 τὸ
2623 2375 2781 2454 φῶς,
2838 2371 3100 2434 διάκονον

598 2474 808 2555 γίνεται
861 2477 988 2541 ταῖς
1033 2473 1324 2556 ὁρατικαῖς
1376 2475 1716 2557 αἰσθήσεσιν
1770 2471 1971 2542 οὔσαις
2021 2475 2119 2536 καὶ
2164 2473 2365 2542 αὐταῖς
2417 2472 2476 2541 ἐξ
2530 2473 2749 2556 ὁμοίως
2792 2474 3105 2556 διαφανοῦς
3154 2487 3184 2531 ε

602 2579 871 2657 σώματος
926 2575 1021 2640 διὰ
1072 2580 1172 2640 τοῦ
1227 2577 1524 2661 γινομένου
1579 2577 1804 2646 πάθους
1860 2577 1921 2640 ἐν
1980 2581 2103 2646 ταῖς
2156 2576 2354 2662 ὄψεσιν
2410 2577 2521 2640 ὑπὸ
2565 2581 2668 2639 τοῦ
2714 2577 2883 2645 ἐκτὸς
2941 2575 3103 2646 ὄντος

597 2677 787 2742 αὐτῶν
836 2681 1146 2763 διαφανοῦς
1191 2679 1531 2762 κινουμένου
1587 2682 1684 2744 τὸν
1738 2680 2154 2765 προειρημένον
2209 2679 2418 2765 τρόπον
2474 2679 2586 2743 ὑπὸ
2641 2685 2743 2762 τῆς
2788 2681 3102 2763 παρουσίας

601 2785 717 2842 τῶν
763 2783 1114 2866 χρωμάτων.
1206 2785 1287 2851 ὡς
1331 2780 1382 2844 δ’
1437 2783 1497 2844 ἐν
1544 2787 1628 2863 τῷ
1675 2785 1929 2869 ἀορίστῳ
1984 2786 2251 2868 διαφανεῖ
2302 2785 2397 2845 καὶ
2442 2781 2537 2846 διὰ
2582 2781 2877 2868 μανότητα
2924 2785 3101 2866 μηδὲν
3132 2798 3187 2840 ιο

497 2905 562 2954 25
601 2891 820 2971 χρῶμα
865 2885 1204 2968 παθητικῶς
1249 2885 1709 2970 ἀναλαμβάνοντι
1751 2889 1790 2971 ἡ
1839 2890 1943 2969 μὲν
1990 2889 2276 2970 παρουσία
2320 2891 2421 2948 τοῦ
2466 2887 2733 2970 φωτίζειν
2780 2885 3104 2969 πεφυκότος

603 2989 799 3072 φωτὸς
844 2988 1015 3064 αἰτία,
1061 2989 1099 3071 ἡ
1147 2984 1197 3052 δ’
1239 2988 1490 3052 ἀπουσία
1537 2992 1797 3064 σκότους,
1845 2991 1998 3053 οὕτω
2044 2993 2139 3052 καὶ
2184 2991 2245 3052 ἐν
2290 2994 2409 3058 τοῖς
2455 2990 2799 3073 ὡρισμένοις
2842 2991 3103 3071 σώμασιν

605 3093 643 3174 ἡ
693 3093 796 3174 μὲν
843 3093 1055 3154 πλείων
1103 3091 1248 3172 μῖξις
1291 3093 1386 3154 καὶ
1431 3094 1720 3176 παρουσία
1764 3098 1866 3156 τοῦ
1914 3095 2163 3176 μάλιστα
2220 3096 2530 3178 διαφανοῦς
2575 3096 2845 3176 σώματος
2894 3093 3104 3174 (τοιοῦ-

605 3217 700 3256 τον
748 3194 832 3268 δέ,
879 3193 946 3258 οὔ
993 3195 1116 3258 ἐστι
1164 3195 1228 3257 τὸ
1273 3196 1481 3259 λευκὸν
1527 3197 1738 3259 οἰκεῖον
1784 3203 2031 3280 χρῶμα·
2088 3197 2337 3278 μάλιστα
2380 3195 2489 3280 γὰρ
2533 3200 2702 3258 τοῦτο
2746 3201 2961 3280 χρῶμα
3007 3197 3101 3259 καὶ
3133 3213 3186 3256 15

609 3301 856 3380 μάλιστα
913 3297 1152 3382 ὁρατὸν)
1201 3302 1301 3360 τοῦ
1355 3321 1418 3360 τε
1475 3302 1692 3380 μᾶλλον
1747 3301 2089 3383 κεχρῶσθαι
2158 3304 2277 3368 τοῖς
2330 3303 2592 3382 σώμασιν
2646 3299 2802 3362 αἰτία
2854 3301 2950 3362 καὶ
3004 3305 3103 3363 τοῦ

499 3421 568 3470 30
607 3403 824 3483 μᾶλλον
872 3402 1099 3484 ὁρατοῖς
1143 3399 1316 3474 εἶναι,
1372 3404 1408 3483 ἡ
1464 3402 1528 3464 δὲ
1581 3405 1869 3484 παντελὴς
1924 3404 2173 3467 ἀπουσία
2227 3402 2431 3465 τούτου
2485 3405 2587 3464 τοῦ
2642 3401 2889 3484 μέλανος
2932 3403 3105 3482 αἰτία,

608 3505 640 3568 ὃ
687 3506 954 3588 στερήσει
1007 3506 1319 3589 χρώματος
1375 3502 1530 3566 ἔοικε
1585 3507 1804 3585 μᾶλλον
1862 3505 1898 3588 ἦ
1952 3507 2251 3590 χρώματι,
2307 3507 2378 3569 τὰ
2434 3507 2499 3568 δὲ
2553 3503 2763 3588 μεταξὺ
2816 3507 3190 3590 χρώματαεο

609 3607 757 3670 κατὰ
802 3610 904 3690 τὴν
949 3607 1116 3668 ποιὰν
1166 3607 1310 3690 μῖξιν
1357 3613 1471 3669 τῶν
1518 3631 1580 3670 τε
1611 3611 1906 3692 διαφανῶν
1954 3611 2047 3672 καὶ
2094 3615 2209 3672 τῶν
2257 3609 2337 3693 μὴ
2379 3609 2653 3672 τοιούτων
2700 3604 2829 3692 ἔχει
2872 3610 2975 3692 τὴν
3020 3611 3109 3693 γέ-

609 3731 761 3774 νεσιν
808 3713 904 3774 καὶ.
949 3711 1054 3792 τήν
1099 3733 1165 3791 γε
1211 3711 1509 3793 διαφοράν.
1577 3709 1698 3774 ἔστι
1745 3713 1808 3773 δὲ
1854 3717 1966 3774 τῶν
2016 3711 2217 3775 ἁπλῶν
2259 3714 2550 3794 σωμάτων
2598 3711 2849 3792 μάλιστα
2894 3712 2999 3793 μὲν
3044 3715 3109 3776 τὸ

508 3963 530 4014 1
575 3959 809 4030 ἀλλήλοις
843 3959 1245 4027 (ἀντικειμένων)
1271 3959 1406 4011 vict.
1433 3959 1522 4028 Sp.
1685 3961 1874 4028 μεταξύ
1894 3965 1943 4012 V
2104 3961 2136 4012 3
2162 3959 2384 4012 fortasse
2409 3959 2487 4030 (ἦ)
2512 3961 2684 4034 ἔχουσί
2840 3964 2873 4013 4
2910 3961 3081 4015 αὐτοῖο
3099 3966 3148 4013 V

503 4049 537 4102 8
575 4047 913 4117 διαφανότητα
950 4065 983 4098 a
1157 4053 1261 4098 τῶν
1297 4049 1370 4100 13²
1547 4051 1577 4101 9
1631 4048 1889 4115 γινόμενον
1926 4049 1997 4101 13²
2174 4053 2263 4116 μὲν
2300 4064 2458 4116 supra
2508 4065 2554 4100 v.
2596 4051 2639 4098 V
2824 4050 2888 4102 10
2924 4049 3217 4118 κινούμενον

505 4153 632 4189 corr.
672 4153 734 4187 ex
773 4135 1160 4203 κοινούμενονν
1323 4138 1401 4190 .11
1443 4136 1660 4188 fortasse
1707 4141 1859 4190 τοῦτο
1897 4137 2008 4188 scil.
2036 4135 2093 4190 τὸ
2120 4137 2225 4208 ἀόρ.
2250 4137 2383 4206 διαφ.
2560 4138 2815 4203 σωμάτων
2852 4151 2950 4188 om.
2988 4155 3021 4188 a
3058 4138 3145 4205 Sp.

511 4224 571 4275 1⁴2
609 4223 772 4292 αὐτῷ]
799 4223 1016 4275 fortasse
1043 4221 1170 4275 αὐτὰ
1351 4223 1414 4276 13
1453 4225 1672 4278 fortasse
1710 4224 2009 4278 διακονεῖται
2194 4225 2253 4276 14
2292 4225 2493 4277 διαυτοῦ
2522 4225 2591 4276 V¹
2770 4225 2873 4277 οἶόν
2909 4243 2964 4277 τε
2998 4225 3057 4278 τὸ
3096 4229 3137 4278 F
3142 4229 3216 4279 G:

507 4313 612 4364 οἷον
648 4311 706 4364 τὸ
734 4315 874 4364 sna:
915 4311 1067 4364 οἴοιτο
1095 4313 1248 4364 V¹B:
1287 4311 1441 4364 οἴοιτο
1466 4313 1540 4364 V²
1723 4313 1784 4366 15
1823 4309 1909 4382 ἐφ’
1950 4310 1992 4382 ᾧ
2030 4331 2075 4364 τι
2116 4309 2211 4381 ὑφ’
2252 4312 2311 4366 οὔ
2346 4313 2551 4383 πρώτου
2577 4315 2721 4366 VFG
2758 4313 2831 4380 (ἐν
2868 4315 3001 4382 φωτὶ
3027 4313 3119 4381 (3²)
3144 4317 3217 4366 B:

507 4400 600 4470 ἐφ’
637 4397 678 4470 ᾦ
717 4419 765 4451 τι
800 4401 987 4467 πρώτῳ
1025 4403 1165 4452 LSa:
1225 4400 1274 4450 ἐν
1312 4401 1443 4470 φωτὶ
1479 4401 1666 4472 πρώτῳ
1707 4403 1838 4453 vict.
1883 4401 1997 4468 Sp.:
2056 4403 2299 4467 temptavi
2339 4402 2845 4469 πεφωτισμένον·
2904 4401 2962 4454 οὖ
3012 4403 3219 4471 πρώτου

505 4489 796 4559 γινομένου
834 4489 886 4540 ἐν
924 4487 1061 4557 αὐτῷ
1101 4487 1196 4540 ὑπὸ
1235 4489 1503 4558 παρουσίας
1539 4488 1647 4540 κτλ.
1809 4489 1862 4541 ἐν
1902 4489 2042 4558 αύτῷ
2068 4505 2167 4540 om.
2195 4493 2311 4542 SLa
2336 4489 2424 4556 Sp.
2590 4489 2651 4540 16
2690 4487 2858 4557 φύσιν]
2900 4489 2929 4542 ύ
2956 4505 2997 4541 s,
3025 4506 3073 4542 v.
3098 4493 3143 4540 V

513 4577 570 4627 17
612 4584 796 4629 οικεῖον
823 4580 869 4628 V
1051 4575 1112 4627 18
1149 4593 1206 4627 το
1237 4579 1282 4626 V
1460 4574 1528 4626 20
1565 4575 1836 4645 δεχομενον
1867 4580 1909 4624 V
2090 4594 2146 4629 το
2175 4581 2221 4626 V
2388 4575 2454 4627 22
2492 4577 2784 4644 γινουμένου
2812 4579 2857 4628 V
3027 4576 3093 4630 23
3132 4577 3219 4630 αὖ·

508 4669 612 4715 τῶν
651 4665 862 4732 scripsi:
910 4662 1050 4732 αὐτῷ
1087 4663 1232 4714 librit
1271 4661 1438 4719 αὐτοῖς
1479 4663 1615 4714 vict.
1653 4663 1739 4729 Sp.
1939 4663 2003 4714 24
2044 4661 2098 4714 δ’
2136 4679 2233 4714 om.
2272 4683 2303 4714 a
2502 4663 2763 4734 μανότητα
2800 4679 2930 4716 corr.
2967 4679 3033 4717 ex
3070 4665 3221 4732 μονό-

507 4768 635 4820 τητα
672 4754 720 4801 V
933 4749 998 4800 26
1037 4749 1269 4818 σκότους]
1307 4750 1487 4807 σκότος
1524 4765 1577 4800 a:
1617 4750 1804 4802 σκότου
1832 4751 1975 4832 ‘vict
2017 4749 2103 4817 Sp.
2319 4750 2385 4801 29
2440 4747 2733 4824 κεχρῶσθαι
2768 4751 3003 4804 FGSLa:
3054 4770 3219 4826 κεχω-

509 4837 672 4905 ρίσθαι
703 4841 794 4889 VB
1007 4835 1073 4888 33
1111 4856 1163 4906 γε
1203 4853 1298 4888 om.
1339 4856 1370 4888 a
1407 4838 1496 4906 Sp.
1709 4839 1782 4890 ἔτι
1817 4855 1873 4908 γε
1910 4856 1942 4888 a
2116 4856 2173 4890 το
2210 4841 2260 4888 V
