3684 5567
1310 254 1569 311 ΗΘΙΚΩΝ
1608 252 2136 311 ΠΡΟΒΛΗΜΑἸῺΝ
2173 258 2312 309 7—-9
3039 253 3160 319 129

560 430 647 499 οἷς
703 431 813 494 εἰσι
865 432 960 493 καὶ
1017 432 1070 493 οἱ
1128 430 1404 514 ἐρῶντες,
1468 430 1525 492 οἳ
1568 431 1620 492 εἰ
1665 430 1729 493 τὸ
1776 430 2094 512 ἐρασθῆναι
2149 427 2241 491 ἐπ’
2295 428 2492 497 αὐτοῖς
2535 427 2669 513 (ὡς)
2723 429 2787 491 τὸ
2842 428 3050 511 ἐρῶσιν
3107 442 3135 483 5

565 532 925 607 παύσασθαι,
1002 532 1231 601 ἑκόντες
1302 531 1371 595 ἂν
1445 531 1561 595 εἷεν
1640 532 1710 594 τὰ
1780 530 1932 594 κατὰ
2004 533 2100 594 τὸν
2174 529 2364 616 ἔρωτα
2434 533 2794 616 πράττοντες.
2906 530 3058 594 ἀλλὰ

562 636 657 699 καὶ
702 635 771 699 ἐκ
813 640 927 698 τῶν
975 634 1317 719 ἀρχομένων
1374 635 1720 718 ἁμαρτάνειν
1775 635 1970 716 δῆλον.
2060 632 2249 701 οὐδεὶς
2298 634 2407 718 γὰρ
2460 635 2651 698 αὐτῶν
2709 635 2932 716 ἀγνοῶν
2985 634 3058 695 τὰ

562 739 713 801 κακὰ
759 737 845 801 ὅτι
876 740 1029 801 κακά
1072 738 1224 802 ἐστιν
1268 735 1361 799 ἐπ’
1402 737 1550 800 αὐτὰ
1594 736 1697 818 τὴν
1745 737 1937 822 ἀρχὴν
1983 732 2238 821 ἔρχεται.
2305 738 2513 806 πάντες
2556 741 2691 819 γοῦν
2736 735 3054 821 ἀρχόμενοι
3082 751 3138 793 ιο

494 861 523 909 5
559 841 849 905 αἰδοῦνται
892 842 987 905 καὶ
1032 840 1337 904 λανθάνειν
1386 839 1747 914 σπεύδουσιν,
1792 840 1888 901 καὶ
1935 842 2016 908 ὡς
2062 840 2142 921 μὴ
2189 840 2285 902 καὶ
2329 839 2591 923 δεύτερον
2638 839 2940 923 πράξοντες
2987 839 3058 901 τὰ

562 944 739 1028 ὅμοια
783 943 923 1007 εἶσιν
970 945 1062 1007 ἐπ’
1112 944 1278 1019 αὐτά,
1324 942 1697 1025 πεπεισμένοι
1744 941 2151 1026 βλαβήσεσθαί
2189 966 2239 1004 τι
2287 941 2387 1004 ἀπ’
2429 943 2641 1019 αὐτῶν,
2686 942 2936 1012 εἴκοντες
2979 945 3056 1025 τῇ

562 1050 776 1132 ἡδονῇ,
837 1047 905 1110 οὐ
960 1048 1145 1111 πίστει
1198 1051 1300 1109 τοῦ
1352 1044 1735 1130 αἱρετωτέραν
1792 1046 1988 1113 αὐτοῖς
2040 1044 2213 1119 εἶναι,
2269 1043 2418 1108 ἀλλὰ
2471 1051 2555 1130 τῷ
2614 1047 2696 1130 μὴ
2745 1046 3060 1131 βούλεσθαι
3086 1060 3139 1102 15

564 1152 916 1235 πονήσαντες
960 1150 1149 1231 ὀλίγον
1197 1150 1487 1233 ἀντισχεῖν
1534 1150 1677 1231 πρὸς
1720 1146 1920 1229 αὐτήν.
2010 1150 2112 1209 τοῦ
2159 1148 2223 1210 δὲ
2267 1147 2478 1231 ταύτην
2523 1150 2653 1233 περὶ
2697 1154 2812 1211 τῶν
2859 1152 3054 1213 κακῶν

564 1251 719 1337 ἔχειν
764 1255 869 1337 τὴν
902 1254 1188 1337 πρόληψιν
1235 1255 1317 1320 ὡς
1348 1249 1565 1314 ἔννοιαν
1612 1250 1802 1314 αὐτῶν
1849 1247 2006 1335 ἔχειν
2039 1251 2214 1314 ὁποῖά
2258 1252 2408 1313 ἐστιν
2440 1250 2625 1313 αἰτίαν
2671 1254 2905 1336 πρώτην
2954 1253 3056 1335 μὲν

464 1376 525 1423 10
559 1358 661 1440 τὴν
717 1356 884 1438 φύσιν
938 1353 1174 1440 ἔχουσιν
1227 1354 1324 1436 (οὐ
1369 1354 1476 1435 γὰρ
1522 1352 1852 1437 ἀνεννόητοι
1905 1356 2022 1415 τῶν
2069 1351 2379 1438 βελτιόνων
2433 1354 2487 1417 οἱ
2548 1354 2792 1438 μηδέπω
2847 1357 3057 1418 παντά-

567 1480 736 1522 πασιν
778 1459 1240 1542 διεστραμμένοι,
1286 1458 1433 1520 ἀλλὰ
1479 1458 1579 1525 τὰς
1611 1458 1799 1525 κοινάς
1845 1478 1909 1518 τε
1940 1456 2034 1518 καὶ
2065 1455 2312 1539 φυσικὰς
2356 1460 2640 1530 σώζοντες
2684 1458 2928 1528 ἐννοίας·
2976 1458 3062 1521 ὅτι
3089 1472 3146 1515 2⁰

564 1562 671 1645 γὰρ
705 1562 848 1646 πρὸς
892 1560 964 1623 τὰ
994 1560 1203 1644 βελτίω
1248 1559 1507 1623 νένευκεν
1553 1560 1591 1641 ἡ
1624 1558 1794 1642 φύσις
1835 1558 2106 1633 ἑκάστου,
2153 1557 2329 1642 δῆλόν
2361 1560 2513 1622 ἐστιν
2559 1562 2626 1624 ἐκ
2658 1565 2759 1624 τοῦ
2805 1562 3064 1628 καὶτοὺς

569 1665 627 1727 ἐν
674 1666 1082 1749 ἁμαρτήμασιν
1131 1661 1299 1732 ὄντας
1342 1662 1459 1746 ἤδη
1505 1662 1758 1725 ἐπαινεῖν
1804 1658 1890 1724 ἔτι
1936 1662 2068 1730 τοὺς
2113 1663 2225 1747 οὐχ
2273 1663 2732 1747 ἁμαρτάνοντας,
2789 1666 2884 1727 καὶ
2929 1664 3061 1732 τοὺς

565 1770 993 1853 ἁμαρτάνοντας
1036 1768 1171 1835 τοὺς
1215 1767 1409 1829 αὑτῶν
1455 1768 1661 1834 παῖδας
1709 1766 1789 1849 μὴ
1838 1766 1933 1829 ἐπὶ
1977 1765 2050 1828 τὰ
2093 1762 2243 1829 αὐτὰ
2286 1764 2504 1849 ἄγειν),
2561 1768 2729 1851 ἱκανὴ
2759 1769 2841 1830 ,δὲ
2883 1768 2980 1831 καὶ
3024 1770 3063 1851 ἡ
3092 1782 3146 1825 25

463 1891 523 1941 15
560 1873 731 1954 κοινὴ
758 1872 929 1955 φήμη
975 1893 1039 1933 τε
1083 1872 1180 1933 καὶ
1211 1868 1494 1954 πρόληψις
1540 1874 1656 1931 τῶν
1700 1868 2030 1951 ἀνθρώπων
2075 1870 2180 1951 τὴν
2211 1873 2327 1932 τῶν
2375 1874 2568 1933 κακῶν
2601 1870 2842 1933 ἀτοπίαν
2891 1870 3062 1933 ὁποία

566 1975 644 2045 τίς
690 1974 812 2037 ἐστι
858 1974 1097 2043 διδάξαι.
1188 1972 1337 2035 ἀλλὰ
1383 1973 1481 2035 καὶ
1533 1974 1587 2034 οἱ
1636 1970 1801 2054 νόμοι
1847 1976 2026 2048 ταῦτα
2069 1973 2443 2056 κηρύττοντες
2491 1972 2497 2057 Ι
2549 1976 2732 2038 ἱκανοὶ
2776 1974 2848 2038 τὰ
2895 1975 3018 2060 βελ·
3062 1982 3169 2038 248

564 2078 666 2142 τίω
712 2079 1019 2140 διδάσκειν.
1103 2076 1247 2161 πρὸς
1290 2076 1356 2139 δὲ
1398 2075 1619 2144 τούτοις
1667 2074 2010 2138 διδάσκαλοί
2051 2098 2112 2137 τε
2155 2077 2252 2139 καὶ
2297 2078 2655 2160 παιδαγωγοὶ
2700 2082 2910 2147 πάντες
2953 2102 3066 2141 κοι-

564 2184 679 2250 νῶς
730 2180 801 2243 τὰ
857 2180 1011 2243 κακὰ
1064 2178 1293 2263 φεύγειν
1346 2183 1755 2263 παραινοῦντες
1808 2178 1916 2241 οὐκ
1977 2178 2354 2261 ἀνεννοήτους
2412 2184 2526 2243 τῶν
2582 2180 2888 2265 βελτιόνων
2935 2182 3067 2251 τοὺς

562 2284 725 2353 νέους
779 2284 950 2347 ἐῶσιν
1004 2282 1166 2345 εἶναι.
1260 2284 1353 2345 καὶ
1410 2280 1497 2344 ὅτι
1555 2282 1659 2365 μὲν
1706 2280 1811 2344 οὐκ
1865 2280 2064 2364 ἀγνοίᾳ
2116 2286 2231 2344 τῶν
2287 2287 2482 2346 κακῶν
2537 2284 2610 2346 τὰ
2656 2285 3065 2369 ἁμαρτήματα,
3121 2301 3149 2342 5

457 2407 523 2455 20
558 2388 733 2470 δῆλον
779 2388 847 2449 ἐκ
875 2386 1093 2449 τούτων
1124 2408 1185 2447 τε
1218 2386 1312 2448 καὶ
1343 2390 1458 2447 τῶν
1490 2384 1794 2447 τοιούτων.
1866 2382 1952 2446 ὅτι
1997 2385 2064 2447 δὲ
2097 2386 2178 2468 μὴ
2226 2385 2324 2469 βίᾳ
2356 2388 2700 2470 πράττουσιν
2747 2389 2818 2451 τὰ
2851 2393 3063 2473 φαῦλα,

562 2494 739 2575 δῆλον
783 2490 852 2553 ἐκ
896 2493 997 2552 τοῦ
1044 2489 1254 2557 αὐτοὺς
1296 2488 1442 2551 εἶναι
1486 2489 1621 2557 τοὺς
1666 2489 2020 2572 πράττοντας
2063 2488 2233 2566 αὐτά,
2287 2490 2384 2552 καὶ
2430 2490 2578 2553 κατὰ
2621 2492 2725 2573 τὴν
2772 2491 2833 2561 ἐξ
2877 2493 3066 2555 αὑτῶν

564 2594 749 2677 ὁρμὴν
795 2597 966 2655 κινεῖν
1022 2591 1118 2653 ἐπὶ
1171 2592 1271 2660 τὰς
1316 2591 1585 2659 τοιαύτας
1640 2590 1872 2673 πράξεις
1925 2591 1998 2653 τὰ
2043 2592 2313 2676 ὀργανικὰ
2371 2592 2519 2678 μέρη
2577 2595 2674 2657 καὶ
2721 2595 3066 2680 βουλευομέ-
3097 2613 3152 2655 ιο

564 2720 693 2765 νους
735 2697 869 2781 περὶ
914 2696 1107 2759 αὐτῶν
1160 2696 1255 2758 καὶ
1302 2695 1793 2778 προαιρουμένους
1838 2695 2005 2757 αὐτά.
2093 2698 2146 2758 εἰ
2189 2696 2296 2778 γὰρ
2352 2698 2405 2759 οἱ
2462 2698 2904 2782 προαιρούμενοι
2950 2701 3070 2785 βιά·

565 2805 776 2877 ζονται,
819 2799 965 2869 τίνες
1012 2798 1079 2861 ἂν
1126 2797 1239 2861 εἷεν
1286 2799 1341 2861 οἱ
1388 2799 1470 2882 μὴ
1517 2797 1878 2883 βιαζόμενος
1937 2799 1988 2861 εἰ
2033 2799 2097 2861 δὲ
2143 2799 2204 2861 ἐν
2257 2798 2370 2867 ἕξει
2416 2804 2531 2862 τῶν
2579 2802 3067 2886 ἁμαρτανομένων

460 2923 527 2973 25
561 2904 857 2987 γενόμενοι
897 2903 1045 2985 μήτε
1084 2903 1377 2965 αἰδοῦνται
1415 2902 1623 2971 αὑτοὺς
1668 2923 1707 2957 «τι
1753 2923 1791 2957 4*
1839 2923 1877 2957 *t-
1925 2909 2041 2964 τῶν
2073 2907 2268 2965 κακῶν
2314 2908 2639 2987 φρονοῦσιν,
2687 2906 2852 2969 οὐδὲν
2900 2911 3068 2970 τοῦτο

568 3010 711 3092 πρὸς
753 3008 819 3069 τὸ
865 3006 1011 3069 εἶναι
1055 3006 1203 3069 αὐτὰ
1248 3005 1511 3069 ἀκούσια.
1601 3010 1703 3068 τοῦ
1747 3007 1858 3090 γὰρ
1903 3006 1964 3069 ἐν
2009 3004 2192 3090 ταύτῃ
2237 3012 2314 3089 τῇ
2361 3006 2474 3076 ἕξει
2517 3007 2816 3089 γενέσθαι,
2874 3013 2955 3080 ὡς
2997 3011 3069 3073 τὰ

564 3110 715 3175 κακὰ
761 3111 841 3194 μὴ
890 3110 1314 3193 ὑπολαμβάνειν
1361 3110 1456 3172 καὶ
1512 3108 1711 3177 αὑτοῖς
1752 3108 1899 3172 εἶναι
1944 3111 2116 3174 κακά.
2161 3109 2327 3172 αὐτοὶ
2370 3108 2562 3185 αἴτιοι,
2612 3112 2708 3175 ὅτε
2750 3112 2803 3196 γ’
2845 3112 2918 3197 ἦν
2965 3111 3057 3175 ἐπ’

564 3214 759 3283 αὐτοῖς
814 3216 893 3297 μὴ
949 3214 1215 3296 πράττειν
1272 3215 1450 3275 ταῦτα
1506 3210 1581 3275 δι’
1638 3212 1676 3275 ἃ
1729 3212 2025 3295 γεγόνασιν
2081 3217 2327 3275 τοιοῦτοι
2384 3216 2464 3297 μὴ
2522 3214 2930 3299 φυλαξάμενοι.
3019 3217 3069 3279 εἰ
3097 3234 3153 3275 20

566 3318 629 3380 δὲ
674 3316 1021 3401 ἀρχομένοις
1076 3316 1179 3399 μὲν
1225 3316 1419 3383 αὐτοῖς
1473 3320 1587 3377 τῶν
1634 3317 2071 3400 ἁμαρτημάτων
2127 3316 2232 3379 οὐκ
2286 3316 2548 3399 ἐφαίνετο
2602 3318 2674 3382 τὰ
2718 3320 2870 3383 κακὰ
2916 3323 3064 3405 ὠφέ-

463 3438 528 3487 30
564 3422 705 3502 λιμά
746 3442 809 3481 τε
854 3420 949 3482 καὶ
995 3419 1223 3502 αἱρετά,
1282 3418 1667 3502 προελθοῦσιν
1714 3420 1778 3482 δὲ
1822 3420 1883 3481 ἐν
1929 3418 2122 3488 αὐτοῖς
2170 3420 2267 3481 καὶ
2315 3415 2386 3483 δι’
2444 3420 2715 3501 ἀμέλειαν
2761 3423 2952 3486 αὑτῶν
2999 3423 3060 3486 ἐν

566 3523 679 3593 ἕξει
706 3522 1031 3606 γενομένοις
1079 3522 1359 3606 μοχθηρᾷ
1410 3520 1535 3606 [τὰ]
1575 3526 1811 3586 τοιαῦτα
1857 3524 2138 3606 φαίνεται,
2187 3524 2413 3592 ἑαυτοῖς
2443 3521 2512 3585 ἂν
2544 3522 2658 3587 εἶεν
2691 3530 2795 3609 τῆς
2825 3522 2924 3589 ἀπ’
2970 3526 3064 3590 αὖ·
3097 3542 3153 3585 25

465 3823 488 3874 1
530 3824 741 3894 ἐρῶντες
761 3822 864 3874 Βέ
882 3823 997 3887 Sp.:
1036 3806 1325 3890 ἐρωτῶντες
1362 3823 1439 3873 sic
1459 3826 1523 3873 V:
1562 3822 1855 3889 ἐρωτῶντες
1878 3824 1946 3874 Βι
2128 3822 2198 3881 ὡς
2233 3823 2435 3875 addidi:
2475 3823 2580 3875 ἐστὶ
2615 3824 2700 3876 καὶ
2727 3823 2843 3876 add.
2870 3822 2972 3875 13²2
2997 3826 3084 3892 Sp.

460 3912 489 3964 6
528 3910 644 3963 εἶσιν
684 3910 823 3977 (εἰσιν
863 3908 954 3977 V)]
995 3908 1118 3961 ἴασιν
1156 3910 1292 3961 coni.
1320 3912 1408 3976 Sp.
1450 3909 1669 3961 sortasse
1707 3916 1844 3962 recte
2012 3911 2325 3979 πεπεισμένοι
2363 3912 2452 3980 μὲν
2491 3910 2830 3981 βλαβήσεσθαι
2865 3910 2971 3964 B²a
3007 3915 3098 3979 Sp.

460 3998 676 4056 εἴκοντες
712 3997 763 4049 δὲ
789 3998 856 4068 τῇ
880 4016 910 4050 a
936 3998 1026 4063 Sp.
1170 3998 1202 4049 8
1240 3995 1420 4067 αὐτήν]
1458 4016 1520 4067 ην
1547 3998 1605 4049 in
1629 3998 1703 4050 lit.
1731 4002 1779 4050 V
1877 3996 1884 4001 ’
1927 3997 1958 4049 9
1996 3998 2210 4067 ἔννοιαν]
2248 3997 2443 4052 εὔνοιαν
2469 4018 2502 4051 a
2527 4002 2617 4066 Sp.
2763 4000 2830 4053 10
2865 3997 3177 4069 ἀΙνεννόητοι

460 4086 561 4153 (νεν
587 4088 641 4138 in
669 4085 771 4151 lit.)
796 4089 837 4137 V
998 4085 1045 4137 οἱ
1082 4084 1293 4155 μηδέπω
1330 4088 1373 4137 Β
1413 4088 1531 4153 Sp.:
1570 4086 1617 4138 οἱ
1654 4086 1725 4155 μὴ
1752 4084 1889 4139 δέπω
1927 4085 2022 4156 (μὴ
2057 4104 2099 4138 ε.
2126 4087 2196 4153 v.)
2223 4090 2288 4138 V:
2333 4084 2461 4159 ὅρμη
2490 4086 2626 4139 δέπω
2653 4106 2686 4139 a
2847 4086 2908 4139 15
2946 4087 3114 4157 κοινὴ]
3143 4087 3176 4157 ὴ

461 4175 515 4225 in
540 4174 615 4225 lit.
638 4176 687 4224 V
835 4173 896 4225 17
923 4170 1115 4231 τούτοις
1135 4174 1249 4240 Sp.:
1276 4172 1485 4231 τούτους
1508 4172 1628 4226 libri
1778 4174 1838 4225 19
1867 4173 2226 4245 ἁμαρτήματα]
2255 4178 2370 4227 tert.
2397 4192 2428 4225 α
2455 4176 2512 4226 in
2537 4175 2614 4226 lit.
2643 4178 2686 4226 V
2834 4174 2901 4226 20
2938 4172 3036 4242 ὅτι]
3065 4193 3091 4226 ο
3120 4177 3176 4227 in

459 4259 603 4313 lit.v
756 4260 809 4313 δὲ
846 4260 917 4330 μὴ
957 4276 1085 4313 corr.
1116 4278 1181 4313 cx
1219 4260 1290 4332 μὴ
1330 4260 1381 4313 δὲ
1404 4266 1465 4313 V:
1504 4260 1555 4313 δὲ
1581 4262 1651 4330 μὴ
1692 4262 1742 4313 δὲ
1768 4265 1846 4314 Ba
1874 4264 1965 4329 Sp.
2118 4262 2223 4332 βίᾳ]
2265 4263 2294 4332 β
2334 4264 2389 4315 in
2415 4263 2493 4315 lit.
2517 4267 2563 4314 V
2738 4262 2800 4312 21
2853 4261 3034 4319 αὐτοὺς
3079 4262 3174 4327 (αἰ-

459 4348 613 4412 τίους)
642 4348 787 4401 Diels
930 4348 996 4400 22
1024 4346 1217 4417 ὀρῨΙικὰ
1244 4348 1333 4415 (κὰ
1359 4350 1417 4401 in
1443 4349 1545 4415 lit.)
1566 4350 1643 4401 sic
1664 4353 1713 4400 V
1857 4350 1924 4401 ⁶23
1949 4349 2390 4422 προαιρουμένους]
2419 4366 2493 4418 pr.
2524 4368 2552 4400 υ
2577 4351 2633 4402 in
2661 4349 2738 4401 lit.
2763 4353 2809 4399 V
2953 4349 3020 4400 24
3057 4347 3176 4417 εἷεν]

460 4455 486 4487 ν
505 4439 561 4489 in
585 4438 661 4489 lit.
679 4440 723 4487 V
866 4436 930 4505 εἰ]
958 4436 1153 4489 oivict.
1299 4438 1365 4489 25
1390 4436 1575 4495 αὐτοὺς
1592 4440 1708 4504 Sp.:
1736 4436 1995 4495 ahrohcvt
2027 4454 2126 4490 om.
2149 4458 2180 4490 a
2321 4444 2424 4491 τῶν
2453 4442 2631 4489 κακῶν
2658 4440 2919 4507 φρονοῦσιν
2931 4437 3174 4489 VFB¹S¹=

460 4524 608 4593 (μήτε
645 4526 754 4597 περὶ
789 4530 893 4576 τῶν
930 4530 1111 4577 κακῶν
1151 4523 1223 4581 ὡς
1257 4524 1427 4583 αὺτοῖς
1465 4523 1649 4588 ὄν>των
1688 4543 1739 4576 κ.
1776 4542 1863 4595 φρ.
1900 4525 2181 4578 Schwartz:
2227 4526 2292 4577 τὰ
2327 4526 2466 4577 κακὰ
2503 4526 2820 4596 πράττοντες,
2867 4530 2971 4575 τῶν
3012 4522 3063 4575 δὲ
3101 4524 3178 4591 (τε

462 4612 569 4679 Sp.)
604 4614 779 4681 νόμων
806 4616 1220 4683 καταφρονοῦσιν,
1262 4614 1323 4665 τὰ
1361 4614 1501 4665 κακὰ
1542 4612 1639 4685 οὐχ
1675 4612 1942 4683 ἡγούμενοι
1987 4614 2110 4666 εἶναι
2147 4614 2286 4665 κακά
2312 4612 2476 4665 B²S²a
2501 4615 2589 4679 Sp.
2756 4610 2820 4661 27
2861 4610 3034 4663 αὐτοίσ
3059 4614 3108 4661 'V

464 4698 601 4752 αὐτοὶ
620 4704 701 4753 Ba
726 4703 841 4768 Sp.:
880 4700 1055 4754 αὑτοῐσ
1079 4704 1144 4752 V:
1184 4700 1356 4758 αὐτοῖς
1378 4704 1459 4755 FS
1624 4700 1707 4753 ὅτε
1732 4697 1783 4770 γ’
1811 4700 1873 4770 ἦν
1903 4701 2188 4755 Schwartz:
2228 4698 2311 4752 ὅτε
2343 4700 2444 4769 μὴν
2471 4700 2694 4753 VBFS¹:
2735 4697 2781 4750 εἴ
2811 4716 2866 4767 γε
2890 4698 2993 4751 B²a
3018 4702 3107 4766 Sp.

466 4786 529 4839 28
564 4787 621 4840 τὸ
658 4788 728 4859 μὴ
765 4790 999 4861 πράττειν
1022 4786 1126 4841 13²⁸
1150 4788 1241 4853 Sp.
1400 4783 1462 4839 δι’
1490 4788 1521 4840 ἃ
1545 4788 1801 4859 γεγόνασιν
1840 4789 2055 4855 scripsi:
2095 4786 2426 4858 διαγεγόνασιν
2456 4786 2704 4841 vB¹S¹F2
2745 4784 2800 4838 ὂν
2839 4785 3176 4857 διαγεγόνασιν

464 4874 626 4927 B²S²a
659 4878 747 4944 Sp.
910 4877 971 4929 31
1016 4874 1257 4949 μοχθηρᾷ
1290 4876 1574 4929 Schwartz:
1618 4875 1854 4947 μοχθηρὰ
1895 4876 2142 4928 VFB¹S¹:
2183 4876 2353 4947 αἱρετὰ
2389 4872 2558 4927 B²S²a
2593 4876 2681 4939 Sp.
2841 4873 2905 4925 τὰ
2944 4874 3110 4927 delevi

566 4982 710 5032 Suppl.
739 4985 871 5025 Arist.
898 4985 942 5025 11
968 4980 997 5024 2
1052 4984 1178 5023 Alex.
1208 4986 1369 5033 κείρει
1396 4984 1576 5023 minora.
2739 4962 2778 5025 9
