3684 5567
592 272 769 313 xxxlv
884 246 889 251 ’
1752 268 2142 322 PRAEFATIO

592 440 695 525 sit,
740 441 1139 509 dubitatione
1182 448 1400 508 tamen
1445 448 1807 528 exemptum
1852 448 1970 525 est,
2023 448 2282 525 praeter
2325 438 2553 507 Veneti
2598 441 2651 506 V
2705 440 3085 525 apographa
3135 440 3298 505 nihil

596 560 657 627 ei
703 561 1171 645 suppeditasse.
1257 582 1341 628 ne
1397 562 1676 628 Eusebio
1730 561 1986 645 quidem
2042 582 2194 626 usus
2247 566 2366 644 est,
2433 580 2582 624 nam
2646 560 2838 627 vertit
2896 560 3296 645 166,28--29

590 683 685 744 καὶ
728 680 1250 767 γὰρ-εἰρημένον]
1304 683 1523 745 etenim
1574 684 1630 743 si
1680 704 1786 746 nec
1835 684 2046 747 omnia
2102 702 2262 766 quae
2286 680 2460 762 fiunt
2507 680 2740 743 dictum
2791 702 3119 745 numerum
3169 700 3296 742 non

590 800 880 864 excedunt
924 807 991 866 et
1038 800 1277 881 167,24
1320 800 1427 864 ubi
1472 820 1693 866 verum
1738 802 1842 867 vel
1887 822 1968 867 ex
2013 799 2085 866 a'
2125 802 2332 886 potuit
2374 801 2622 867 discere
2665 820 2806 865 cum
2839 801 3086 867 Veneto
3113 799 3296 884 fruc-

590 930 765 983 tuum
814 921 1207 1005 quorundam
1256 923 1715 985 attrectationes.
1822 921 2266 988 dubitantibus
2308 919 2478 985 hanc
2529 919 2815 985 tabulam
2868 940 3160 1005 propono
3204 920 3296 984 lo-

588 1059 804 1105 corum
848 1040 916 1105 in
962 1040 1207 1107 Veneto
1253 1046 1691 1124 corruptorum
1736 1050 1800 1107 et
1842 1042 1929 1107 ad
1973 1042 2238 1108 verbum
2282 1059 2324 1104 a
2369 1039 2695 1123 Bagolinis
2738 1038 3126 1105 redditorum

732 1192 994 1261 165‚2—3
1032 1192 1355 1263 ὧν-εἰπεῖν]
1394 1212 1593 1261 quorum
1628 1198 1678 1247 in
1708 1197 1884 1262 primis
1920 1215 1980 1248 ea
2017 1197 2078 1249 de
2113 1215 2185 1261 re,
2235 1196 2356 1263 quid
2389 1206 2510 1247 essct
2547 1195 2700 1245 maius
2736 1212 2878 1261 quam
2914 1212 2975 1246 ex
3010 1194 3294 1245 Aristotelis

987 1284 1223 1335 sententia
1260 1284 1419 1334 dicere

733 1370 848 1437 170,
860 1370 1178 1437 24—17l‚1
1219 1371 1690 1445 ἄπα-εἱμαρμένην]
1727 1374 1826 1425 nisi
1859 1374 1981 1441 quid
2011 1372 2180 1425 melius
2215 1374 2264 1423 in
2301 1373 2413 1437 ipsa
2435 1371 2629 1436 factum
2667 1373 2730 1421 ab
2768 1389 2826 1422 ca
2870 1389 2996 1437 quae
3034 1372 3292 1421 secundum

986 1471 1211 1511 naturam
1236 1463 1471 1528 amoverit,
1509 1462 1695 1513 dolores
1720 1464 2032 1525 sustinebunt,
2069 1472 2114 1513 et
2135 1463 2268 1513 mala
2290 1462 2535 1527 patientur
2572 1472 2616 1511 ct
2652 1460 2702 1510 in
2726 1462 2904 1511 talibus
2941 1460 3096 1510 exitus
3122 1478 3291 1510 rursus

988 1549 1120 1600 vitae
1158 1548 1413 1599 secundum
1434 1549 1599 1614 fatum
1636 1562 1745 1601 eunt

733 1634 891 1701 185,7
964 1634 1425 1706 ὃ-βουλευοίμεθα
1460 1640 1593 1703 quod
1622 1640 1670 1689 si
1701 1658 1793 1690 non
1829 1640 2222 1703 consuluerimus,
2247 1640 2412 1707 fuisse
2447 1639 2496 1689 si
2525 1637 2830 1689 consulamus

739 1722 897 1790 187‚2
970 1723 1329 1794 περὶ-καλόν]
1368 1726 1467 1791 ipsi
1498 1744 1594 1791 pro
1632 1728 1755 1792 ipsis
1790 1728 1889 1778 sint
1924 1728 2090 1779 bonum

862 1812 929 1865 26
966 1813 1011 1865 εἰ
1045 1812 1381 1883 γὰρ-ἡμῶν]
1418 1832 1529 1865 nam
1567 1816 1617 1865 si
1650 1832 1703 1865 eo
1741 1815 1878 1866 modo
1913 1834 1946 1865 α
1981 1816 2118 1866 nobis
2137 1816 2274 1879 fiunt

730 1898 1029 1965 189,9—12
1064 1900 1416 1953 ἐπαΰσαντο-
1436 1900 1754 1972 νομοθέταις]
1799 1903 1893 1953 sed
1933 1905 2150 1954 omittant
2185 1920 2447 1953 sermonum
2494 1902 2810 1965 ambitionem,
2851 1900 3201 1967 concedantque
3239 1902 3294 1951 id

985 1989 1115 2054 quod
1150 1991 1198 2039 in
1233 1991 1369 2040 nobis
1406 1990 1605 2041 solutum
1644 2009 1747 2041 esse
1786 1991 2078 2057 liberumque
2127 1992 2381 2042 arbitrium
2417 2001 2460 2041 ct
2503 1999 2745 2040 auctorem
2782 1989 2832 2038 in
2869 1988 3105 2056 eligendis
3141 2006 3287 2054 oppo-

981 2078 1180 2142 sitisque
1216 2079 1433 2145 aqendis,
1478 2080 1528 2129 in
1562 2078 1640 2128 his
1677 2097 1803 2143 quae
1838 2080 2098 2130 hominibus
2131 2087 2386 2130 occurrunt
2421 2078 2586 2127 merito
2609 2078 2810 2128 versari
2841 2075 3088 2142 creditum,
3123 2086 3218 2127 tum
3254 2094 3288 2125 α

980 2165 1262 2230 vulgaribus
1297 2182 1441 2231 quam
1476 2184 1509 2215 a
1546 2166 1903 2232 leqislatoribus

724 2250 993 2318 205,l-—3
1063 2251 1333 2321 τὸ-πᾶν]
1378 2254 1541 2305 dicere
1577 2272 1691 2304 vero
1718 2267 1988 2320 praestare
2031 2254 2155 2319 illos,
2210 2254 2298 2321 qui
2339 2272 2432 2304 non
2461 2264 2636 2319 putant
2683 2254 2732 2303 t'n
2777 2253 3014 2303 servando
3058 2252 3288 2303 actionem

983 2340 1260 2393 animalium
1296 2342 1621 2411 impulsor-iam
1656 2344 1852 2395 servari
1887 2345 1984 2394 iam
2022 2354 2066 2394 et
2101 2344 2167 2406 id,
2205 2342 2336 2409 quod
2369 2344 2420 2394 in
2455 2342 2608 2404 nobis,
2647 2360 2701 2392 eo
2739 2342 2870 2406 quod
2902 2358 2996 2391 non
3031 2359 3180 2393 omne.

750 2476 936 2543 Addo
980 2478 1189 2562 ipsum
1236 2477 1569 2563 emblema,
1615 2479 1787 2562 quod
1830 2479 2059 2563 165,24
2101 2498 2254 2545 casu
2297 2478 2552 2564 irrepsit
2581 2496 2776 2543 sensu
2817 2474 3008 2563 plane
3039 2497 3284 2561 carens,

577 2596 663 2662 ab
706 2596 819 2662 illo
864 2603 1189 2664 servatum
1234 2618 1397 2663 esse.
1487 2618 1567 2664 ex
1611 2604 1845 2663 neutra
1887 2598 2236 2664 editionum
2281 2598 2520 2683 pendet
2565 2596 2934 2681 Bagolinus,
2977 2598 3096 2663 etsi
3143 2617 3286 2662 cum

582 2722 855 2799 utraque
898 2714 1213 2782 affinitate
1257 2716 1632 2783 coniunctus
1677 2724 1794 2784 est.
1889 2717 2206 2784 consentit
2250 2717 2417 2783 enim
2464 2738 2607 2783 cum
2651 2717 3007 2801 posteriore
3053 2716 3285 2801 177,2o

582 2834 767 2920 187,8
818 2836 1045 2919 189,25
1091 2837 1279 2920 1912
1322 2837 1573 2923 201‚10‚
1620 2857 1761 2903 cum
1794 2843 2065 2919 utraque
2114 2837 2338 2921 182,16
2387 2836 2617 2921 186,19
2661 2837 2892 2922 189,16
2940 2836 3283 2921 199,22.25

578 2954 835 3037 ignorat
876 2962 1092 3021 autem
1125 2954 1491 3041 posterioris
1536 2956 2052 3024 emendationem
2086 2956 2428 3043 191,24.25
2473 2963 2538 3023 et
2581 2956 2809 3040 prioris
2857 2958 3069 3042 165‚3;
3113 2958 3285 3022 lacu·

577 3092 717 3159 nas,
750 3094 917 3158 quae
946 3074 1015 3141 a¹
1049 3084 1115 3141 et
1143 3074 1215 3141 a'
1242 3096 1609 3143 communes
1639 3081 1806 3160 sunt,
1838 3076 2144 3161 explevit,
2191 3082 2255 3143 et
2285 3096 2426 3142 cum
2457 3076 2677 3143 codiee
2701 3079 2756 3141 A
2789 3083 2854 3143 et
2884 3075 2935 3143 C
2967 3076 3286 3142 consentit

577 3192 645 3257 in
688 3194 957 3261 notabili
1001 3196 1276 3263 lectione
1316 3194 1425 3280 (ef.
1471 3217 1533 3280 p.
1565 3195 1821 3278 XXXI)
1867 3197 2048 3280 177,1
2097 3196 2205 3262 οὐκ
2247 3194 2408 3262 ἔσται
2453 3198 2670 3261 δυνατὰ
2713 3194 2850 3261 ὄντα
2888 3194 3015 3261 οὖσι
3045 3198 3284 3279 μάντεσι

579 3315 841 3385 δυνατοῖς
884 3314 1094 3381 εἰδόσιν
1140 3318 1243 3400 μὲν
1286 3316 1435 3380 αὐτὰ
1480 3314 1898 3400 κεκωλυκέναι]
1943 3338 2070 3381 non
2111 3326 2292 3381 erunt
2337 3316 2654 3399 possibilia
2696 3320 2897 3381 entia.-
2949 3340 3091 3382 cum
3133 3339 3280 3404 pos-

577 3437 703 3498 sint
741 3438 870 3521 ‘ipsi
908 3446 1091 3519 vates,
1136 3438 1251 3523 qui
1291 3436 1537 3522 quidem
1564 3447 1946 3521 coquo-scunt,
1990 3459 2062 3501 ea
2089 3438 2229 3522 ipsa
2257 3436 2654 3522 impedivisse.
2728 3436 2892 3504 liber
2919 3438 3113 3521 igitur
3143 3438 3282 3504 sive

578 3554 743 3640 libri,
776 3554 1005 3639 quibus
1034 3554 1331 3639 Bagolini
1362 3554 1459 3621 usi
1489 3561 1655 3639 sunt,
1684 3555 2047 3621 intermedii
2077 3554 2290 3622 iacent
2315 3555 2485 3622 inter
2505 3556 2820 3622 Venetum
2851 3562 2917 3623 et
2946 3556 3280 3623 editioneS.

748 3673 1105 3741 Ediderunt
1162 3673 1449 3741 libellum
1516 3682 1663 3759 post
1705 3670 2199 3741 'Trincavellum
2266 3675 2544 3741 Ioannes
2593 3674 2898 3743 CAsans
2951 3676 3280 3743 Rostocbii

578 3812 748 3859 anno
797 3794 981 3879 1588,
1024 3794 1389 3860 Anonmns
1433 3814 1573 3859 cum
1618 3793 1823 3860 latina
1865 3794 2162 3861 versione
2191 3794 2465 3860 Londini
2501 3794 2684 3879 1658,
2731 3795 3007 3862 Ioannes
3039 3794 3281 3863 Omma

580 3933 721 3978 cum
765 3912 1057 3996 Hugonis
1102 3912 1306 3979 Grotii
1352 3913 1649 3981 versione
1695 3912 1896 3979 latina
1940 3913 2152 3979 Tui-ici
2201 3916 2384 3981 1824.

749 4032 1056 4100 CAsans
1085 4032 1314 4117 quibus
1344 4033 1645 4100 subsidiis
1674 4054 1828 4099 usus
1857 4034 1959 4118 sit,
2001 4033 2070 4098 in
2102 4033 2522 4119 praefatione,
2567 4056 2692 4119 quo
2725 4034 3050 4101 Andream
3079 4034 3280 4101 PAUL-

577 4176 735 4221 mtm
778 4152 1163 4237 adloquitur,
1213 4172 1519 4237 „quocum
1565 4159 1717 4220 ante
1760 4152 1890 4219 duo
1935 4160 2000 4220 et
2041 4152 2268 4236 viginti
2311 4174 2518 4221 annos
2560 4154 2625 4219 in
2671 4154 2898 4221 eodem
2945 4154 3280 4221 contuber-

578 4274 683 4341 nio
715 4274 1046 4342 Bononiae
1090 4274 1247 4340 satis
1293 4272 1693 4340 familiariter
1723 4272 1946 4357 vixit“,
1993 4278 2058 4339 et
2103 4280 2274 4340 tacet
2301 4293 2511 4357 neque
2553 4293 2672 4341 nos
2715 4294 2859 4340 cum
2903 4273 3280 4340 difficultate

577 4414 887 4479 quaerere
931 4400 1203 4480 oportet.
1273 4413 1425 4460 nam
1457 4392 1883 4459 Zanettianae
1928 4391 2212 4477 editioni,
2259 4392 2437 4459 cuius
2482 4399 2548 4460 et
2590 4394 2749 4460 vitia
2792 4401 2858 4461 et
2903 4392 3280 4460 omissiones

577 4513 829 4599 repetit,
874 4520 1007 4582 tam
1053 4522 1192 4582 arte
1236 4534 1308 4581 se
1352 4512 1722 4597 adplicavit,
1768 4518 1839 4577 ut
1882 4511 2176 4578 dubitare
2221 4511 2430 4597 liceat,
2476 4534 2626 4579 num
2658 4514 2958 4580 Aldinam
3005 4510 3277 4579 noverit.

578 4634 636 4702 ei
681 4641 897 4701 autem
942 4635 1312 4721 posterioris
1356 4632 1654 4701 editionis
1698 4633 2023 4719 exemplo,
2079 4652 2204 4716 quo
2244 4654 2402 4725 ,usus
2447 4640 2574 4718 est,
2628 4633 2928 4700 videntur
2971 4652 3054 4698 ex
3097 4631 3278 4698 libris

577 4754 1053 4839 manuscriptis,
1098 4775 1260 4839 quos
1304 4772 1501 4839 supra
1542 4753 1863 4839 recensui,
1905 4754 2254 4819 nonnullae
2297 4752 2608 4820 lectiones
2650 4752 3013 4840 adscriptae
3053 4750 3272 4817 fuisse.

574 4875 669 4941 ita
713 4874 1065 4961 explicatur
1108 4895 1163 4942 e.
1210 4896 1302 4959 gr.
1349 4875 1589 4960 196,16
1633 4873 2019 4959 209,26.27.
