3684 5567
539 254 664 320 208
1423 249 1881 312 ΑΛΕΞΑΝΔΡΟΥ
1930 251 2386 312 ΑΦΡΟΔῙΣΙΕΩΣ

645 423 714 486 ἂν
760 424 954 486 αὐτῶν
1001 425 1301 508 θαυμάσαι
1344 426 1449 511 τὴν
1498 427 1768 490 σύνθεσιν
1835 429 1940 489 τοῦ
1984 426 2159 507 λύγου
2206 430 2287 496 ὡς
2352 427 2656 511 ἀπέριττον
2703 427 2799 488 καὶ
2845 427 2906 496 ἐξ
2956 429 3159 512 ὁμολο-

640 525 935 608 γουμένων
983 528 1078 590 καὶ
1124 529 1382 612 ἐναργῶν
1429 531 1788 610 συνάγουσαν
1856 529 1923 590 τὸ
1970 530 2052 611 μὴ
2100 531 2219 592 δεῖν
2263 528 2310 612 †
2355 530 2438 590 ὧν
2482 527 2557 612 ἧν
2603 529 2667 592 τὸ
2712 527 2829 612 ἄρα
2872 534 2978 613 τῆς
3022 533 3153 614 περὶ

641 627 776 697 τοὺς
819 631 1239 712 συλλογισμοὺς
1285 633 1568 716 ἀσχολίας
1615 635 1859 716 μακρᾶς.
1938 631 2174 712 θέμενοι
2218 631 2326 716 γὰρ
2368 632 2436 693 τὸ
2480 633 2585 712 τὴν
2616 631 2971 716 εἱμαρμένην
3008 638 3153 717 χρῆ·
3187 651 3244 692 ιο

645 730 784 793 σθαι
829 735 1000 795 πᾶσιν
1044 737 1166 802 τοῖς
1207 734 1472 815 γεγονόσι
1515 757 1578 796 τε
1623 736 1720 796 καὶ
1765 733 2081 815 γινομένοις
2126 733 2261 797 καθ’
2302 733 2659 818 εἱμαρμένην
2690 735 2833 817 πρὸς
2862 735 2968 818 τὴν
3002 736 3159 796 ἀκώ-

572 853 602 900 5
641 835 808 896 λυτον
853 840 970 897 τῶν
1017 833 1113 896 ὑπ’
1169 835 1353 919 αὐτῆς
1395 843 1712 918 γινομένων
1757 836 2046 919 ἐνέργειαν
2092 836 2297 908 οὕτως,
2366 839 2447 904 ὡς
2488 835 2719 918 γέγονεν
2766 835 3008 898 ἕκαστον
3054 836 3155 899 αὐ-

645 943 760 1000 τῶν
806 937 902 998 καὶ
933 937 1166 1020 φύσεως
1210 935 1361 1024 ἔχει,
1406 939 1558 1022 λίθῳ
1605 939 1709 1020 μὲν
1757 941 1839 1008 ὡς
1885 939 2059 1022 λίθῳ,
2106 943 2277 1022 φυτῷ
2322 939 2387 1000 δὲ
2432 941 2514 1006 ὡς
2558 942 2745 1022 φυτῷ,
2792 936 2934 1022 ζῴῳ
2968 939 3033 1001 δὲ
3080 943 3161 1007 ὡς

647 1038 810 1122 ζῴῳ,
839 1041 893 1100 εἰ
923 1040 988 1102 δὲ
1020 1043 1101 1108 ὡς
1131 1041 1294 1124 ζῴῳ,
1342 1042 1438 1104 καὶ
1467 1039 1600 1124 <ὡς>
1632 1042 1957 1124 ὁρμητικῷ,
2003 1041 2065 1103 ἐν
2095 1045 2181 1126 τῷ
2214 1041 2433 1104 τιθέναι
2466 1043 2529 1104 τὸ
2562 1041 2825 1126 χρῆσθαι
2854 1040 3038 1124 αὐτὴν
3068 1047 3156 1126 τῷ
3189 1058 3243 1100 ιτ.

645 1137 788 1224 Cq'q»
835 1144 918 1209 ὡς
963 1140 1103 1226 ζῴῳ
1151 1165 1213 1204 τε
1257 1144 1353 1206 καὶ
1398 1144 1702 1228 ὁρμητικῷ
1749 1143 1847 1206 καὶ
1874 1143 2133 1224 γίνεσθαι
2180 1143 2253 1205 τὰ
2296 1143 2401 1227 ὑφ’
2456 1145 2650 1206 αὐτῶν
2697 1142 2790 1206 διὰ
2822 1149 2937 1206 τῶν
2986 1141 3157 1227 ζῴων

641 1243 912 1326 γινόμενα
974 1244 1122 1306 κατὰ
1172 1245 1277 1328 τὴν
1319 1251 1436 1308 τῶν
1483 1243 1656 1330 ζῴων
1713 1246 1901 1328 ὁρμὴν
1956 1245 2258 1326 ἑπομένων
2302 1247 2399 1308 καὶ
2444 1245 2663 1308 τούτων
2706 1251 2823 1308 τῶν
2878 1247 2939 1316 ἐξ
2992 1247 3160 1326 ἀνάγ·

544 1367 605 1412 ιο
643 1369 751 1430 κης
791 1350 1195 1430 περιεστώτων
1247 1347 1394 1410 αὐτὰ
1439 1347 1570 1412 τότε
1609 1348 1810 1416 αἰτίοις
1856 1347 2021 1411 ἅτινα
2072 1346 2139 1410 ἂν
2190 1369 2233 1406 -ss
2276 1369 2318 1407 «x
2362 1367 2403 1408 ιν-
2446 1349 2759 1430 ἡγούμενοι
2810 1348 2905 1412 διὰ
2947 1353 3051 1411 τοῦ
3094 1351 3159 1410 τὸ

635 1448 769 1513 καθ’
813 1449 1001 1533 ὁρμὴν
1032 1450 1278 1532 ἐνεργεῖν
1310 1449 1384 1512 τὰ
1426 1455 1558 1534 ζῷα
1587 1454 1780 1533 τηρεῖν
1827 1450 1889 1512 ἐν
1934 1455 2019 1532 τῷ
2054 1449 2281 1512 ἅπαντα
2310 1449 2570 1530 γίνεσθαι
2601 1450 2737 1514 καθ’
2792 1450 3147 1534 εἱμαρμένην
3182 1467 3243 1508 2⁰

641 1554 832 1616 καὶτὸ
863 1551 956 1636 ἐφ’
999 1553 1138 1634 ἡμῖν
1183 1551 1332 1616 εἶναί
1371 1577 1424 1616 τι
1467 1558 1684 1636 τηρεῖν,
1729 1554 1863 1620 τούς
1906 1577 1969 1616 τε
2015 1553 2230 1620 ἄλλους
2274 1551 2429 1636 [οὓς]
2472 1553 2769 1636 ἐρωτῶσιν
2808 1555 3015 1635 λόγους
3058 1554 3155 1615 καὶ

643 1657 714 1737 δὴ
763 1655 858 1718 καὶ
904 1655 1001 1717 τὸν
1047 1655 1465 1738 προειρημένον
1509 1657 1640 1740 ἐμοὶ
1709 1659 1877 1720 δοκεῖ
1916 1660 1999 1724 ὡς
2044 1656 2151 1720 οὐκ
2194 1656 2415 1739 ἀληθεῖ
2475 1655 2841 1725 πιστεύοντες
2884 1658 3157 1718 τοσοῦτον

639 1759 802 1842 αὐτῷ
851 1757 988 1819 ὅσον
1034 1758 1128 1820 διὰ
1177 1757 1362 1840 μῆκός
1405 1782 1470 1821 τε
1514 1759 1610 1820 καὶ
1655 1761 1887 1842 πλῆθος
1930 1759 2233 1842 ὀνομάτων
2279 1758 2375 1820 καὶ
2422 1758 2625 1841 ἀσαφῆ
2658 1758 2927 1821 σύνθεσιν
2973 1759 3153 1841 παρά·
3179 1774 3234 1814 25

541 1883 602 1928 15
640 1860 753 1928 Εειν
799 1860 1109 1943 ἡγούμενοι
1163 1859 1299 1927 τοὺς
1341 1861 1674 1928 ἀκούοντας.
1769 1859 1984 1942 ἴδωμεν
2052 1861 2117 1922 δὲ
2162 1861 2228 1922 τὸ
2272 1858 2584 1942 λεγόμενον
2629 1861 2803 1942 ἡμεῖς
2844 1858 2919 1922 δι’
2974 1859 3153 1922 αὐτοῦ

641 1964 713 2027 τὰ
757 1962 944 2026 πολλὰ
987 1965 1105 2025 τῶν
1151 1961 1431 2043 κειμένων
1475 1963 1777 2043 ὀνομάτων
1823 1963 2321 2045 παραιτησάμενοι
2367 1963 2433 2023 τὸ
2480 1965 2600 2038 νῦν,
2654 1961 2762 2043 τὴν
2808 1961 2874 2023 δὲ
2919 1984 3149 2046 πεπρω-

643 2066 819 2148 μένην
865 2066 962 2126 καὶ
1011 2067 1111 2146 τὴν
1157 2063 1327 2126 αἶσαν
1375 2065 1472 2126 καὶ
1517 2065 1621 2146 τὴν
1667 2063 1894 2144 νέμεσιν
1942 2063 2271 2144 ὑφελόντες,
2317 2064 2405 2133 οἷς
2448 2063 2725 2146 ὀνόμασιν
2770 2061 2866 2146 ἐφ’
2922 2064 3006 2124 ὧν
3050 2063 3149 2126 αὐ-

641 2171 760 2236 τοῖς
805 2170 970 2230 δοκεῖ
1009 2166 1454 2248 σημαινομένων
1498 2169 1777 2250 χρῶνται,
1823 2166 1919 2227 ἐπὶ
1962 2171 2079 2227 τῶν
2126 2165 2319 2228 ἄλλων
2364 2166 2749 2247 ἐξετάσωμεν.
2840 2163 2998 2234 ἄξιον
3042 2164 3151 2249 γὰρ
3180 2182 3239 2223 ω

643 2271 853 2352 μαθεῖν
909 2270 1014 2352 τὴν
1081 2269 1338 2351 ἀνάγκην
1383 2273 1488 2349 τῆς
1531 2268 1884 2336 ἀκολουθίας
1930 2273 2033 2350 τῆς
2088 2266 2189 2330 ‘ob
2232 2267 2341 2351 γὰρ
2388 2266 2511 2331 ἔστι
2559 2269 2665 2349 μὲν
2710 2268 2947 2351 τοιαύτη
2994 2270 3031 2349 ἡ
3077 2269 3155 2330 εί-

534 2395 601 2439 20
641 2371 928 2458 μαρμένη,
972 2371 1080 2433 οὐκ
1125 2369 1244 2434 ἔστι
1291 2372 1356 2432 δὲ
1399 2368 1622 2451 νόμος’.
1713 2371 1766 2432 εἰ
1831 2370 1941 2451 γὰρ
1986 2370 2059 2432 τὰ
2104 2371 2209 2451 μὲν
2270 2369 2541 2452 γινόμενα
2609 2369 2744 2434 καθ’
2798 2369 3153 2452 εἱμαρμένην

641 2476 842 2538 ἕπεται
872 2478 992 2541 τοῖς
1023 2473 1084 2542 ἐξ
1113 2474 1369 2555 ἀνάγκης
1411 2473 1560 2536 αὐτὰ
1605 2477 1987 2555 περιεστῶσιν
2018 2472 2219 2541 αἰτίοις
2262 2473 2357 2536 καὶ
2402 2473 2517 2556 οὐχ
2554 2471 2562 2556 Ι
2598 2472 2722 2534 οἶόν
2766 2495 2828 2534 τε
2856 2473 2955 2535 τὸν
2988 2471 3125 2534 καθ’
3176 2477 3263 2533 114

643 2578 831 2659 ὁρμὴν
876 2576 1214 2658 ἐνεργοῦντα
1263 2576 1343 2658 μὴ
1393 2574 1740 2636 ἀκολουθεῖν
1784 2575 2009 2642 τούτοις
2050 2579 2173 2642 τοῖς
2216 2575 2416 2643 αἰτίοις
2460 2576 2564 2656 τὴν
2610 2575 2795 2637 αἰτίαν
2824 2575 2930 2657 τὴν
2962 2573 3025 2642 ἐξ
3052 2573 3154 2636 αὖ·

638 2687 740 2742 τοῦ
785 2681 1016 2746 πάντως
1060 2679 1298 2744 ἐκείνοις
1343 2679 1724 2750 συνάπτοντα,
1792 2681 1876 2745 ὡς
1920 2676 2056 2740 οὐδὲ
2098 2679 2197 2738 τὸν
2240 2679 2360 2740 ἀπὸ
2428 2677 2612 2762 ὕψους
2656 2678 2952 2762 ἀφεθέντα
2995 2676 3159 2739 λίθον

638 2784 720 2864 μὴ
767 2785 926 2845 κάτω
973 2780 1259 2864 φέρεσθαι
1325 2779 1362 2862 ἢ
1411 2779 1512 2860 τὴν
1558 2783 1809 2862 σφαῖραν
1856 2779 2003 2841 κατὰ
2047 2783 2151 2841 τοῦ
2220 2784 2473 2862 πρανοῦς
2540 2781 2627 2864 μὴ
2671 2779 2971 2842 κυλίεσθαι
3016 2779 3155 2862 ἀφε-
3208 2795 3237 2837 5

535 2907 600 2954 25
639 2887 844 2949 θεῖσαν
890 2882 1016 2946 κατ’
1071 2883 1273 2953 αὐτοῦ,
1317 2883 1400 2948 τίς
1443 2879 1528 2943 ἔτι
1570 2881 1743 2966 χρεία
1788 2881 2011 2963 νόμωνς
2060 2885 2141 2949 ὡς
2182 2881 2293 2964 γὰρ
2336 2883 2369 2944 ὁ
2416 2883 2577 2952 λίθος
2624 2881 2730 2946 οὐκ
2774 2881 2845 2944 ἂν
2892 2881 3005 2944 ὑπὸ
3052 2886 3154 2943 τοῦ

633 2989 896 3070 λέγοντος
943 2987 1024 3069 μὴ
1073 2987 1191 3047 δεῖν
1238 2986 1398 3048 κάτω
1442 2985 1725 3068 φέρεσθαι
1770 2985 2067 3068 κωλυθείη
2114 2982 2242 3045 ποτ’
2300 2983 2368 3046 ἂν
2416 2988 2501 3068 τῷ
2548 2984 2722 3054 αὐτός
2784 3007 2847 3046 τε
2890 2987 2995 3065 τὴν
3039 2985 3145 3066 φύ-

633 3112 721 3154 σιν
752 3089 898 3152 εἶναι
941 3093 1200 3155 τοιοῦτος
1233 3089 1304 3150 τά
1335 3111 1398 3148 τε
1443 3084 1662 3154 ἔξωθεν
1693 3085 1854 3171 ἔχειν
1886 3085 2041 3148 αἴτια
2074 3086 2316 3169 συνεργὰ
2346 3087 2492 3170 πρὸς
2534 3091 2725 3159 τοῦτο,
2770 3087 2959 3154 οὕτως
3002 3085 3138 3148 οὐδὲ

576 3302 837 3308 ——-—--——
868 3299 1139 3306 --————-—

534 3440 557 3490 l
599 3437 834 3507 περίττην
871 3440 942 3488 0:
999 3435 1276 3505 ἀπέραντον
1315 3433 1467 3501 Casp.
1513 3437 1558 3486 O
1807 3431 1838 3482 ‘2
1876 3447 1953 3498 pr.
1991 3429 2073 3496 τὸ]
2129 3449 2207 3484 τοι
2244 3431 2349 3484 13²?
2600 3431 2911 3502 δεῖν-ἄρα]
2967 3430 3097 3494 δέον,
3150 3431 3257 3482 οἷον

527 3525 591 3594 ἠν
637 3524 696 3576 τὸ
743 3523 981 3592 ἀπόρημα
1031 3521 1172 3574 Diels
1529 3520 1561 3571 3
1617 3521 1814 3588 μακράς
1859 3518 1939 3571 a¹²
2278 3521 2313 3570 4
2362 3505 2650 3588 γινομένους
2694 3522 2741 3571 0
3024 3518 3261 3590 εἱμαρμέ-

527 3631 618 3682 νης
664 3610 717 3662 a²
1037 3611 1068 3662 6
1117 3609 1209 3677 μὲν
1255 3623 1354 3660 om.
1396 3611 1441 3660 Ο
1725 3607 1756 3658 7
1807 3608 1893 3660 καὶ
1940 3607 2057 3670 (ὡς)
2106 3609 2319 3675 scripsi:
2376 3607 2475 3660 del.
2523 3606 2723 3660 Gen-eka
3002 3607 3256 3677 ὁρμητικη

529 3701 651 3766 (sic,
702 3713 858 3765 supra
905 3717 964 3767 ηε
1021 3697 1092 3762 ω)
1133 3701 1202 3748 V:
1261 3695 1480 3748 fortasse
1537 3693 1820 3765 ὁρμητικῷ,
1878 3695 2029 3758 (καὶ)
2366 3697 2445 3764 τῷ
2488 3693 2707 3764 χρῆσθαι
2756 3693 2813 3746 a'
3082 3693 3117 3746 8
3162 3689 3252 3746 ὑπ’

527 3785 684 3855 αὐτῆς
729 3783 926 3837 Gercke
1178 3781 1256 3834 διὰ
1293 3789 1397 3834 τῶν
1433 3775 1585 3850 ζῴων
1631 3782 1734 3834 del.
1783 3782 1953 3834 Heine
2190 3783 2254 3834 10
2308 3781 2486 3839 αἰτίοις
2528 3783 2631 3834 ⁸¹²:
2688 3781 2867 3834 αίτίοισ
2921 3783 3117 3849 (supra
3160 3799 3256 3840 οιςε

527 3893 602 3926 ων
641 3891 686 3925 m
707 3873 752 3938 ¹)
783 3877 844 3924 V:
885 3871 1058 3924 αἰτίων
1097 3874 1222 3922 HK:
1273 3869 1450 3927 αἰτίαις
1487 3869 1652 3922 Lond.
1683 3873 1728 3922 Ο
1946 3871 2097 3921 τοῦτο
2138 3869 2350 3922 HKES:
2405 3875 2497 3922 τοῦ
2537 3869 2735 3922 Gercko
3018 3871 3256 3922 lacunam

525 3961 754 4014 indicavi
999 3957 1197 4010 τούτων
1244 3965 1348 4014 τοῖς
1397 3997 1408 4007 .
1440 3995 1452 4006 .
1501 3961 1826 4026 περιεστῶσιν
1880 3996 1891 4007 .
1926 3995 1938 4008 .
1986 3956 2161 4014 αἰτίοις
2214 3957 2438 4010 Gercke:
2494 3963 2605 4015 ταῖς
2657 3963 2761 4010 τῶν
2812 3997 2825 4010 .
2852 3997 2864 4008 .
2909 3956 3259 4028 περιεστώτων

528 4087 541 4100 .
573 4089 584 4100 .
627 4047 805 4104 αἰτίαις
856 4047 1022 4100 Ηείιιο
1267 4045 1512 4114 (πράττῃ)
1547 4043 1818 4114 ἡγούμενοι
1858 4046 2024 4097 Heine
2302 4045 2363 4098 12
2412 4048 2499 4098 καὶ
2534 4045 2593 4098 τὸ
2630 4045 2733 4098 ⁸¹²:
2777 4045 2836 4098 τὸ
2873 4046 2961 4098 καὶ
2998 4049 3044 4096 V

527 4135 604 4204 τε]
643 4135 696 4188 δὲ
733 4135 788 4186 8²
1077 4133 1162 4192 οὒς
1201 4133 1395 4185 delevi:
1452 4131 1575 4184 ·οὒσ·
1623 4135 1699 4184 sic
1741 4137 1802 4184 V:
1863 4133 1949 4189 οὒς
1986 4131 2089 4184 8¹²:
2146 4131 2236 4184 οὖν
2274 4132 2440 4186 Lond.
2480 4136 2526 4187 Ο
2820 4133 2882 4185 13
2936 4133 3048 4197 τὸν]
3086 4132 3145 4185 τὸ
3184 4133 3255 4184 V¹

525 4228 676 4288 (corr.
724 4240 770 4274 v.
799 4239 842 4275 e.
872 4225 940 4284 V)
1194 4221 1272 4273 14.
1317 4219 1378 4272 15
1427 4217 1651 4290 παρέξειν
1691 4224 1761 4271 E:
1815 4219 2043 4289 ταράξειν
2082 4219 2251 4272 Lond.
2506 4221 2568 4274 15
2616 4219 2863 4290 λεγόμενα
2896 4219 2953 4272 α’

523 4307 592 4362 δι’
633 4310 788 4362 αὐτοῦ
833 4308 918 4374 (αὖ
955 4309 1028 4360 m¹
1067 4325 1108 4360 ε.
1135 4311 1204 4370 v.)
1244 4313 1306 4360 V:
1363 4308 1444 4360 διὰ
1477 4313 1568 4360 τοῦ
1607 4309 1708 4360 ⁸¹²:
1765 4309 1853 4360 :tal
1888 4308 1967 4360 διὰ
2003 4311 2095 4360 τοῦ
2132 4307 2299 4358 Lond.
2338 4309 2411 4360 O:
2468 4308 2547 4361 διὰ
2590 4309 2789 4360 τούτων
2836 4309 2946 4379 περὶ
2986 4307 3130 4360 Casa
3176 4307 3255 4360 διὰ

525 4403 674 4451 τοῦτο
713 4399 850 4451 coni.
888 4400 933 4450 Ο
973 4401 1064 4448 aut
1100 4396 1196 4448 del.
1497 4398 1558 4448 19
1615 4397 1702 4448 alt.
1741 4398 1857 4466 τῆς]
1902 4394 2091 4465 ταύτης
2130 4395 2247 4446 Cas,
2285 4398 2356 4447 O:
2410 4411 2511 4448 om.
2562 4399 2651 4450 Es
2932 4395 3003 4448 20
3056 4395 3108 4447 δὲ
3144 4395 3255 4448 B²s

527 4487 692 4538 Lond.
733 4489 803 4536 O:
857 4485 950 4554 γὰρ
988 4483 1118 4536 Va¹²
1347 4482 1413 4534 22
1471 4484 1600 4546 <καὶ>
1644 4485 1737 4552 τὴν
1791 4482 1955 4535 αἰτίαν
1992 4481 2110 4535 Cas.
2148 4485 2195 4534 Ο
2460 4483 2528 4536 23
2582 4487 2897 4537 συνάπτοντα
2940 4483 3013 4536 13²
3058 4481 3247 4534 Lond.:

519 4592 768 4640 συνάπτον
807 4588 923 4639 VB¹
962 4587 1074 4651 (sed
1111 4605 1137 4637 ο
1175 4589 1228 4639 in
1267 4587 1346 4638 lit.
1387 4591 1452 4650 B)
1490 4587 1590 4638 3¹²:
1639 4587 1905 4638 συνάπτειν
1944 4591 1988 4637 Ε
2030 4587 2148 4638 Can.
2192 4589 2266 4639 O:
2324 4588 2591 4639 συνάπτων
2626 4589 2665 4639 S
2880 4587 2951 4645 ὡς
2990 4591 3067 4640 H:
3120 4574 3252 4639 ὥστε

523 4677 598 4727 sie
637 4679 701 4726 V:
751 4673 880 4726 ὥστε
919 4674 1022 4725 ⁸¹²:
1060 4673 1230 4744 ὥσπερ
1269 4675 1338 4726 B*
1607 4674 1750 4725 οὐδὲν
1787 4674 1844 4724 ε’
2126 4671 2379 4743 ἀφεθέντα
2418 4675 2639 4726 Gereko:
2696 4674 2886 4743 ἀφέντα
2922 4675 3037 4727 libri

525 4761 592 4812 24
647 4761 860 4831 σφαίραν
897 4763 952 4814 ³¹
1233 4760 1504 4813 κυλύεσθαι
1541 4763 1618 4812 8¹:
1657 4757 1949 4812 κωλύεσθαι
1986 4759 2041 4812 a²
2324 4761 2391 4813 27
2430 4761 2565 4813 αἴτια
2602 4761 2735 4830 ἔχειν
2770 4761 2851 4814 ⁸¹²
3098 4776 3249 4814 ουτοσ

525 4849 614 4922 ηὸἐ
653 4852 720 4899 V·
763 4853 912 4912 (corr.
951 4866 996 4898 v.
1026 4851 1090 4912 c.)
