<?xml version="1.0" encoding="UTF-8"?>
<!DOCTYPE html PUBLIC "-//W3C//DTD XHTML 1.0 Transitional//EN"
    "http://www.w3.org/TR/xhtml1/DTD/xhtml1-transitional.dtd">
<html xmlns="http://www.w3.org/1999/xhtml" xml:lang="en" lang="en">
 <head>
  <title>
</title>
<meta http-equiv="Content-Type" content="text/html;charset=utf-8" />
  <meta name='ocr-system' content='tesseract 3.04.00' />
  <meta name='ocr-capabilities' content='ocr_page ocr_carea ocr_par ocr_line ocrx_word'/>
</head>
<body>
  <div class='ocr_page' id='page_1' title='image "./supplementumari00wissgoog_0194.png"; bbox 0 0 3684 5567; ppageno 0'>
   <div class='ocr_carea' id='block_1_1' title="bbox 540 245 2764 320">
    <p class='ocr_par' dir='ltr' id='par_1_1' title="bbox 540 245 2764 320">
     <span class='ocr_line' id='line_1_1' title="bbox 540 245 2764 320; baseline -0.003 -10"><span class='ocrx_word' id='word_1_1' title='bbox 540 248 661 313; x_wconf 79' lang='lat'>128</span> <span class='ocrx_word' id='word_1_2' title='bbox 1036 245 1365 317; x_wconf 84' lang='grc' dir='ltr'><strong>[ΑΠΟΡῙΩΝ</strong></span> <span class='ocrx_word' id='word_1_3' title='bbox 1404 246 1525 303; x_wconf 83' lang='grc' dir='ltr'>ΚΑΙ</span> <span class='ocrx_word' id='word_1_4' title='bbox 1564 246 1830 301; x_wconf 84' lang='grc' dir='ltr'>ΛΥΣΕΩΝ</span> <span class='ocrx_word' id='word_1_5' title='bbox 1868 245 2154 304; x_wconf 80' lang='grc' dir='ltr'>ΒΙΒΑΙΟΝ</span> <span class='ocrx_word' id='word_1_6' title='bbox 2193 246 2564 307; x_wconf 80' lang='grc' dir='ltr'><strong>ἸἘΤΑΡΤΟΝ</strong></span> <span class='ocrx_word' id='word_1_7' title='bbox 2605 251 2764 320; x_wconf 84' lang='grc'>7-9]</span> 
     </span>
    </p>
   </div>
   <div class='ocr_carea' id='block_1_2' title="bbox 640 422 3240 610">
    <p class='ocr_par' dir='ltr' id='par_1_2' title="bbox 640 422 3240 610">
     <span class='ocr_line' id='line_1_2' title="bbox 644 422 3240 509; baseline -0 -26"><span class='ocrx_word' id='word_1_8' title='bbox 644 422 703 483; x_wconf 86' lang='grc' dir='ltr'>αἱ</span> <span class='ocrx_word' id='word_1_9' title='bbox 750 426 867 484; x_wconf 92' lang='grc' dir='ltr'>τῶν</span> <span class='ocrx_word' id='word_1_10' title='bbox 916 423 1279 497; x_wconf 82' lang='grc' dir='ltr'>ἀκολάστων,</span> <span class='ocrx_word' id='word_1_11' title='bbox 1333 422 1502 486; x_wconf 80' lang='grc' dir='ltr'>αὗται</span> <span class='ocrx_word' id='word_1_12' title='bbox 1548 423 1614 485; x_wconf 87' lang='grc' dir='ltr'>δὲ</span> <span class='ocrx_word' id='word_1_13' title='bbox 1661 426 1741 491; x_wconf 84' lang='grc' dir='ltr'>ὡς</span> <span class='ocrx_word' id='word_1_14' title='bbox 1785 424 1964 487; x_wconf 84' lang='grc' dir='ltr'>κακὸν</span> <span class='ocrx_word' id='word_1_15' title='bbox 2010 429 2207 507; x_wconf 80' lang='grc' dir='ltr'>κακῷ,</span> <span class='ocrx_word' id='word_1_16' title='bbox 2252 426 2334 487; x_wconf 83' lang='grc' dir='ltr'>ὧν</span> <span class='ocrx_word' id='word_1_17' title='bbox 2382 424 2448 488; x_wconf 86' lang='grc' dir='ltr'>δὲ</span> <span class='ocrx_word' id='word_1_18' title='bbox 2492 423 2599 488; x_wconf 82' lang='grc' dir='ltr'>οὐκ</span> <span class='ocrx_word' id='word_1_19' title='bbox 2643 423 2794 489; x_wconf 87' lang='grc' dir='ltr'>ἔστιν</span> <span class='ocrx_word' id='word_1_20' title='bbox 2843 424 3156 509; x_wconf 81' lang='grc' dir='ltr'>ὑπερβολή,</span> <span class='ocrx_word' id='word_1_21' title='bbox 3211 441 3240 482; x_wconf 71' lang='lat'>5</span> 
     </span>
     <span class='ocr_line' id='line_1_3' title="bbox 640 522 2566 610; baseline 0.001 -23"><span class='ocrx_word' id='word_1_22' title='bbox 640 522 811 588; x_wconf 77' lang='grc' dir='ltr'>αὗται</span> <span class='ocrx_word' id='word_1_23' title='bbox 860 525 927 589; x_wconf 82' lang='grc' dir='ltr'>ἂν</span> <span class='ocrx_word' id='word_1_24' title='bbox 974 525 1089 589; x_wconf 80' lang='grc' dir='ltr'>εἶεν</span> <span class='ocrx_word' id='word_1_25' title='bbox 1137 530 1320 589; x_wconf 80' lang='grc' dir='ltr'>πᾶσαι</span> <span class='ocrx_word' id='word_1_26' title='bbox 1364 529 1444 595; x_wconf 83' lang='grc' dir='ltr'>ὡς</span> <span class='ocrx_word' id='word_1_27' title='bbox 1491 526 1713 608; x_wconf 87' lang='grc' dir='ltr'>ἀγαθὸν</span> <span class='ocrx_word' id='word_1_28' title='bbox 1760 530 1924 609; x_wconf 78' lang='grc' dir='ltr'>κακῷ</span> <span class='ocrx_word' id='word_1_29' title='bbox 1975 531 2046 610; x_wconf 85' lang='grc' dir='ltr'>τῇ</span> <span class='ocrx_word' id='word_1_30' title='bbox 2094 526 2252 609; x_wconf 78' lang='grc' dir='ltr'>λύπῃ</span> <span class='ocrx_word' id='word_1_31' title='bbox 2299 526 2566 591; x_wconf 79' lang='grc' dir='ltr'><strong>ἐναντίαι.</strong></span> 
     </span>
    </p>
   </div>
   <div class='ocr_carea' id='block_1_3' title="bbox 644 763 2255 852">
    <p class='ocr_par' dir='ltr' id='par_1_3' title="bbox 644 763 2255 852">
     <span class='ocr_line' id='line_1_4' title="bbox 644 763 2255 852; baseline 0.001 -25"><span class='ocrx_word' id='word_1_32' title='bbox 644 764 813 829; x_wconf 75' lang='lat' dir='ltr'>VIII.</span> <span class='ocrx_word' id='word_1_33' title='bbox 892 763 1031 830; x_wconf 85' lang='grc' dir='ltr'>Ὅτι</span> <span class='ocrx_word' id='word_1_34' title='bbox 1078 768 1115 850; x_wconf 81' lang='grc' dir='ltr'><strong>ἠ</strong></span> <span class='ocrx_word' id='word_1_35' title='bbox 1165 768 1373 852; x_wconf 84' lang='grc' dir='ltr'>ἀρετὴ</span> <span class='ocrx_word' id='word_1_36' title='bbox 1422 766 1580 831; x_wconf 78' lang='grc' dir='ltr'>οὔτε</span> <span class='ocrx_word' id='word_1_37' title='bbox 1625 768 1824 850; x_wconf 89' lang='grc' dir='ltr'>γένος</span> <span class='ocrx_word' id='word_1_38' title='bbox 1870 767 2030 831; x_wconf 78' lang='grc' dir='ltr'>οὔτε</span> <span class='ocrx_word' id='word_1_39' title='bbox 2076 767 2255 831; x_wconf 92' lang='grc' dir='ltr'>ὅλον.</span> 
     </span>
    </p>
   </div>
   <div class='ocr_carea' id='block_1_4' title="bbox 529 932 3254 2869">
    <p class='ocr_par' dir='ltr' id='par_1_4' title="bbox 529 932 3254 2869">
     <span class='ocr_line' id='line_1_5' title="bbox 814 932 3237 1024; baseline -0.001 -23"><span class='ocrx_word' id='word_1_40' title='bbox 814 932 969 1001; x_wconf 80' lang='grc' dir='ltr'>Οὔτε</span> <span class='ocrx_word' id='word_1_41' title='bbox 1015 938 1175 1019; x_wconf 85' lang='grc' dir='ltr'>γένος</span> <span class='ocrx_word' id='word_1_42' title='bbox 1223 938 1357 1021; x_wconf 90' lang='grc' dir='ltr'>μέν,</span> <span class='ocrx_word' id='word_1_43' title='bbox 1416 937 1504 1000; x_wconf 84' lang='grc' dir='ltr'>ὅτι</span> <span class='ocrx_word' id='word_1_44' title='bbox 1558 939 1623 1002; x_wconf 88' lang='grc' dir='ltr'>τὸ</span> <span class='ocrx_word' id='word_1_45' title='bbox 1676 939 1840 1021; x_wconf 86' lang='grc' dir='ltr'>γένος</span> <span class='ocrx_word' id='word_1_46' title='bbox 1893 938 1960 1002; x_wconf 82' lang='grc' dir='ltr'>οὐ</span> <span class='ocrx_word' id='word_1_47' title='bbox 2007 944 2428 1024; x_wconf 83' lang='grc' dir='ltr'>συναναιρεῖται</span> <span class='ocrx_word' id='word_1_48' title='bbox 2483 939 2566 1001; x_wconf 85' lang='grc' dir='ltr'>ἑνὶ</span> <span class='ocrx_word' id='word_1_49' title='bbox 2619 942 2736 1001; x_wconf 89' lang='grc' dir='ltr'>τῶν</span> <span class='ocrx_word' id='word_1_50' title='bbox 2781 940 2953 1003; x_wconf 86' lang='grc' dir='ltr'>εἰδῶν</span> <span class='ocrx_word' id='word_1_51' title='bbox 2999 940 3153 1003; x_wconf 89' lang='grc' dir='ltr'>ἀναι-</span> <span class='ocrx_word' id='word_1_52' title='bbox 3179 957 3237 999; x_wconf 83' lang='grc' dir='ltr'>ιο</span> 
     </span>
     <span class='ocr_line' id='line_1_6' title="bbox 574 1039 3154 1128; baseline 0.001 -25"><span class='ocrx_word' id='word_1_53' title='bbox 574 1054 603 1103; x_wconf 83' lang='grc'><strong>5</strong></span> <span class='ocrx_word' id='word_1_54' title='bbox 648 1039 933 1123; x_wconf 86' lang='grc' dir='ltr'>ρουμένῳ,</span> <span class='ocrx_word' id='word_1_55' title='bbox 980 1041 1019 1122; x_wconf 75' lang='grc' dir='ltr'>ἡ</span> <span class='ocrx_word' id='word_1_56' title='bbox 1067 1041 1133 1103; x_wconf 86' lang='grc' dir='ltr'>δὲ</span> <span class='ocrx_word' id='word_1_57' title='bbox 1178 1041 1355 1124; x_wconf 87' lang='grc' dir='ltr'>ἀρετὴ</span> <span class='ocrx_word' id='word_1_58' title='bbox 1390 1046 1815 1123; x_wconf 82' lang='grc' dir='ltr'>συναναιρεῖται</span> <span class='ocrx_word' id='word_1_59' title='bbox 1861 1046 1964 1126; x_wconf 78' lang='grc' dir='ltr'>μιᾷ</span> <span class='ocrx_word' id='word_1_60' title='bbox 2008 1040 2156 1123; x_wconf 82' lang='grc' dir='ltr'>(εἴτε</span> <span class='ocrx_word' id='word_1_61' title='bbox 2197 1040 2306 1125; x_wconf 83' lang='grc' dir='ltr'>γὰρ</span> <span class='ocrx_word' id='word_1_62' title='bbox 2349 1042 2876 1106; x_wconf 88' lang='grc' dir='ltr'>ἀντακολουθοῦσιν</span> <span class='ocrx_word' id='word_1_63' title='bbox 2921 1044 2981 1105; x_wconf 84' lang='grc' dir='ltr'>αῖ</span> <span class='ocrx_word' id='word_1_64' title='bbox 3027 1045 3154 1128; x_wconf 82' lang='grc' dir='ltr'>ἀρε-</span> 
     </span>
     <span class='ocr_line' id='line_1_7' title="bbox 641 1141 3154 1228; baseline 0.003 -27"><span class='ocrx_word' id='word_1_65' title='bbox 641 1142 733 1203; x_wconf 86' lang='grc' dir='ltr'>ταὶ</span> <span class='ocrx_word' id='word_1_66' title='bbox 779 1143 1091 1225; x_wconf 83' lang='grc' dir='ltr'>ἀλλήλαις,</span> <span class='ocrx_word' id='word_1_67' title='bbox 1148 1143 1487 1226; x_wconf 76' lang='grc' dir='ltr'>ἡστινοσοῦν</span> <span class='ocrx_word' id='word_1_68' title='bbox 1532 1142 1956 1227; x_wconf 77' lang='grc' dir='ltr'>ἀναιρουμένης</span> <span class='ocrx_word' id='word_1_69' title='bbox 2011 1145 2326 1228; x_wconf 85' lang='grc' dir='ltr'>ἀναιρεῖται</span> <span class='ocrx_word' id='word_1_70' title='bbox 2381 1146 2476 1206; x_wconf 85' lang='grc' dir='ltr'>καὶ</span> <span class='ocrx_word' id='word_1_71' title='bbox 2530 1146 2568 1227; x_wconf 82' lang='grc' dir='ltr'>ἡ</span> <span class='ocrx_word' id='word_1_72' title='bbox 2618 1144 2830 1227; x_wconf 87' lang='grc' dir='ltr'>ἀρετή,</span> <span class='ocrx_word' id='word_1_73' title='bbox 2886 1141 3045 1207; x_wconf 85' lang='grc' dir='ltr'>ἔσται</span> <span class='ocrx_word' id='word_1_74' title='bbox 3088 1168 3154 1227; x_wconf 88' lang='grc' dir='ltr'>γε</span> 
     </span>
     <span class='ocr_line' id='line_1_8' title="bbox 639 1242 3237 1329; baseline 0.001 -24"><span class='ocrx_word' id='word_1_75' title='bbox 639 1242 824 1313; x_wconf 72' lang='grc' dir='ltr'>οὕτως</span> <span class='ocrx_word' id='word_1_76' title='bbox 878 1245 973 1307; x_wconf 87' lang='grc' dir='ltr'>καὶ</span> <span class='ocrx_word' id='word_1_77' title='bbox 1031 1244 1092 1308; x_wconf 76' lang='grc' dir='ltr'>ἐν</span> <span class='ocrx_word' id='word_1_78' title='bbox 1148 1268 1201 1307; x_wconf 90' lang='grc' dir='ltr'>τι</span> <span class='ocrx_word' id='word_1_79' title='bbox 1256 1250 1371 1307; x_wconf 89' lang='grc' dir='ltr'>τῶν</span> <span class='ocrx_word' id='word_1_80' title='bbox 1428 1244 1598 1307; x_wconf 81' lang='grc' dir='ltr'>εἰδῶν</span> <span class='ocrx_word' id='word_1_81' title='bbox 1658 1243 1844 1308; x_wconf 80' lang='grc' dir='ltr'>τᾶλλα</span> <span class='ocrx_word' id='word_1_82' title='bbox 1899 1244 2026 1329; x_wconf 80' lang='grc' dir='ltr'>εἴδη</span> <span class='ocrx_word' id='word_1_83' title='bbox 2073 1248 2482 1329; x_wconf 82' lang='grc' dir='ltr'>συναναιροῦν,</span> <span class='ocrx_word' id='word_1_84' title='bbox 2547 1244 2578 1307; x_wconf 88' lang='grc' dir='ltr'>ὃ</span> <span class='ocrx_word' id='word_1_85' title='bbox 2625 1246 2762 1309; x_wconf 81' lang='grc' dir='ltr'>οὐδὲ</span> <span class='ocrx_word' id='word_1_86' title='bbox 2815 1245 2958 1309; x_wconf 79' lang='grc' dir='ltr'>αὐτὸ</span> <span class='ocrx_word' id='word_1_87' title='bbox 3006 1247 3156 1329; x_wconf 76' lang='grc' dir='ltr'>ὑγιὲς</span> <span class='ocrx_word' id='word_1_88' title='bbox 3187 1264 3237 1307; x_wconf 75' lang='lat'>15</span> 
     </span>
     <span class='ocr_line' id='line_1_9' title="bbox 641 1334 3153 1433; baseline 0.003 -28"><span class='ocrx_word' id='word_1_89' title='bbox 641 1343 786 1407; x_wconf 78' lang='grc' dir='ltr'>εἶναι</span> <span class='ocrx_word' id='word_1_90' title='bbox 838 1348 1025 1422; x_wconf 86' lang='grc' dir='ltr'>δοκεῖ,</span> <span class='ocrx_word' id='word_1_91' title='bbox 1087 1345 1205 1409; x_wconf 80' lang='grc' dir='ltr'>εἴτε</span> <span class='ocrx_word' id='word_1_92' title='bbox 1260 1349 1341 1430; x_wconf 83' lang='grc' dir='ltr'>μὴ</span> <span class='ocrx_word' id='word_1_93' title='bbox 1399 1348 1928 1423; x_wconf 86' lang='grc' dir='ltr'>ἀντακολουθοῦσι,</span> <span class='ocrx_word' id='word_1_94' title='bbox 1987 1334 2326 1432; x_wconf 82' lang='grc' dir='ltr'>φρονήσεως</span> <span class='ocrx_word' id='word_1_95' title='bbox 2381 1346 2805 1433; x_wconf 81' lang='grc' dir='ltr'>ἀναιρουμένης</span> <span class='ocrx_word' id='word_1_96' title='bbox 2860 1350 3153 1432; x_wconf 82' lang='grc' dir='ltr'>ἀναιροῖτο</span> 
     </span>
     <span class='ocr_line' id='line_1_10' title="bbox 639 1444 3152 1536; baseline 0.003 -29"><span class='ocrx_word' id='word_1_97' title='bbox 639 1444 709 1507; x_wconf 84' lang='grc' dir='ltr'>ἂν</span> <span class='ocrx_word' id='word_1_98' title='bbox 755 1448 793 1529; x_wconf 77' lang='grc' dir='ltr'><strong>ἢ</strong></span> <span class='ocrx_word' id='word_1_99' title='bbox 842 1449 1019 1532; x_wconf 85' lang='grc' dir='ltr'>ἀρετὴ</span> <span class='ocrx_word' id='word_1_100' title='bbox 1066 1453 1151 1533; x_wconf 76' lang='grc' dir='ltr'>τῷ</span> <span class='ocrx_word' id='word_1_101' title='bbox 1196 1450 1347 1511; x_wconf 87' lang='grc' dir='ltr'>κατὰ</span> <span class='ocrx_word' id='word_1_102' title='bbox 1390 1451 1486 1512; x_wconf 86' lang='grc' dir='ltr'>τὸν</span> <span class='ocrx_word' id='word_1_103' title='bbox 1534 1451 1711 1534; x_wconf 79' lang='grc' dir='ltr'>ὀρθὸν</span> <span class='ocrx_word' id='word_1_104' title='bbox 1756 1448 1927 1533; x_wconf 87' lang='grc' dir='ltr'>λόγον</span> <span class='ocrx_word' id='word_1_105' title='bbox 1974 1451 2032 1513; x_wconf 89' lang='grc' dir='ltr'>ἐν</span> <span class='ocrx_word' id='word_1_106' title='bbox 2065 1453 2276 1521; x_wconf 82' lang='grc' dir='ltr'>πάσαις</span> <span class='ocrx_word' id='word_1_107' title='bbox 2320 1450 2521 1518; x_wconf 82' lang='grc' dir='ltr'>αὐταῖς</span> <span class='ocrx_word' id='word_1_108' title='bbox 2563 1450 2629 1512; x_wconf 81' lang='grc' dir='ltr'>τὸ</span> <span class='ocrx_word' id='word_1_109' title='bbox 2675 1448 2841 1526; x_wconf 84' lang='grc' dir='ltr'>εἶναι,</span> <span class='ocrx_word' id='word_1_110' title='bbox 2889 1451 2920 1513; x_wconf 84' lang='grc' dir='ltr'>ὁ</span> <span class='ocrx_word' id='word_1_111' title='bbox 2967 1448 3018 1514; x_wconf 79' lang='grc' dir='ltr'>δ’</span> <span class='ocrx_word' id='word_1_112' title='bbox 3061 1453 3152 1536; x_wconf 84' lang='grc' dir='ltr'>ὀρ·</span> 
     </span>
     <span class='ocr_line' id='line_1_11' title="bbox 537 1546 3236 1638; baseline 0 -25"><span class='ocrx_word' id='word_1_113' title='bbox 537 1566 599 1613; x_wconf 87' lang='grc'>10</span> <span class='ocrx_word' id='word_1_114' title='bbox 640 1546 743 1617; x_wconf 84' lang='grc' dir='ltr'>θὸς</span> <span class='ocrx_word' id='word_1_115' title='bbox 790 1548 957 1633; x_wconf 82' lang='grc' dir='ltr'>λόγος</span> <span class='ocrx_word' id='word_1_116' title='bbox 1014 1552 1129 1615; x_wconf 87' lang='grc' dir='ltr'>ἀπὸ</span> <span class='ocrx_word' id='word_1_117' title='bbox 1182 1552 1586 1635; x_wconf 80' lang='grc' dir='ltr'>φρονήσεως),</span> <span class='ocrx_word' id='word_1_118' title='bbox 1643 1554 1776 1616; x_wconf 86' lang='grc' dir='ltr'>ὅλον</span> <span class='ocrx_word' id='word_1_119' title='bbox 1823 1555 1889 1616; x_wconf 86' lang='grc' dir='ltr'>δὲ</span> <span class='ocrx_word' id='word_1_120' title='bbox 1943 1553 2050 1616; x_wconf 82' lang='grc' dir='ltr'>οὐκ</span> <span class='ocrx_word' id='word_1_121' title='bbox 2097 1552 2164 1616; x_wconf 82' lang='grc' dir='ltr'>ἂν</span> <span class='ocrx_word' id='word_1_122' title='bbox 2222 1552 2316 1637; x_wconf 79' lang='grc' dir='ltr'>εἴη</span> <span class='ocrx_word' id='word_1_123' title='bbox 2369 1555 2409 1635; x_wconf 85' lang='grc' dir='ltr'>ἡ</span> <span class='ocrx_word' id='word_1_124' title='bbox 2457 1553 2668 1636; x_wconf 86' lang='grc' dir='ltr'>ἀρετή,</span> <span class='ocrx_word' id='word_1_125' title='bbox 2731 1552 2822 1615; x_wconf 90' lang='grc' dir='ltr'>ὅτι</span> <span class='ocrx_word' id='word_1_126' title='bbox 2865 1554 2930 1615; x_wconf 87' lang='grc' dir='ltr'>τὸ</span> <span class='ocrx_word' id='word_1_127' title='bbox 2979 1555 3236 1638; x_wconf 72' lang='grc' dir='ltr'>μέροςευ</span> 
     </span>
     <span class='ocr_line' id='line_1_12' title="bbox 638 1650 3148 1739; baseline 0.003 -27"><span class='ocrx_word' id='word_1_128' title='bbox 638 1650 742 1713; x_wconf 82' lang='grc' dir='ltr'>οὐκ</span> <span class='ocrx_word' id='word_1_129' title='bbox 789 1652 1120 1737; x_wconf 81' lang='grc' dir='ltr'>ἐπιδέχεται</span> <span class='ocrx_word' id='word_1_130' title='bbox 1164 1654 1263 1715; x_wconf 84' lang='grc' dir='ltr'>τὸν</span> <span class='ocrx_word' id='word_1_131' title='bbox 1311 1658 1411 1717; x_wconf 93' lang='grc' dir='ltr'>τοῦ</span> <span class='ocrx_word' id='word_1_132' title='bbox 1459 1653 1599 1717; x_wconf 88' lang='grc' dir='ltr'>ὅλου</span> <span class='ocrx_word' id='word_1_133' title='bbox 1642 1654 1811 1737; x_wconf 89' lang='grc' dir='ltr'>λόγον</span> <span class='ocrx_word' id='word_1_134' title='bbox 1867 1656 1928 1718; x_wconf 87' lang='grc' dir='ltr'>ἐν</span> <span class='ocrx_word' id='word_1_135' title='bbox 1974 1659 2094 1725; x_wconf 87' lang='grc' dir='ltr'>τοῖς</span> <span class='ocrx_word' id='word_1_136' title='bbox 2138 1654 2646 1739; x_wconf 86' lang='grc' dir='ltr'>ἀνομοιομερέσιν,</span> <span class='ocrx_word' id='word_1_137' title='bbox 2701 1653 3040 1738; x_wconf 81' lang='grc' dir='ltr'>διαφέρουσι</span> <span class='ocrx_word' id='word_1_138' title='bbox 3083 1658 3148 1719; x_wconf 82' lang='grc' dir='ltr'>δὲ</span> 
     </span>
     <span class='ocr_line' id='line_1_13' title="bbox 644 1752 3149 1843; baseline 0.003 -29"><span class='ocrx_word' id='word_1_139' title='bbox 644 1752 913 1836; x_wconf 83' lang='grc' dir='ltr'>ἀλλήλων</span> <span class='ocrx_word' id='word_1_140' title='bbox 950 1757 1027 1833; x_wconf 56' lang='grc' dir='ltr'>,αἱ</span> <span class='ocrx_word' id='word_1_141' title='bbox 1075 1757 1273 1839; x_wconf 89' lang='grc' dir='ltr'>ἀρεταὶ</span> <span class='ocrx_word' id='word_1_142' title='bbox 1329 1757 1425 1819; x_wconf 85' lang='grc' dir='ltr'>καὶ</span> <span class='ocrx_word' id='word_1_143' title='bbox 1480 1758 1577 1819; x_wconf 87' lang='grc' dir='ltr'>τὸν</span> <span class='ocrx_word' id='word_1_144' title='bbox 1631 1762 1738 1840; x_wconf 75' lang='grc' dir='ltr'>τῆς</span> <span class='ocrx_word' id='word_1_145' title='bbox 1792 1759 2003 1842; x_wconf 81' lang='grc' dir='ltr'>ἀρετῆς</span> <span class='ocrx_word' id='word_1_146' title='bbox 2059 1758 2429 1843; x_wconf 71' lang='grc' dir='ltr'>ἐπιδέχονται</span> <span class='ocrx_word' id='word_1_147' title='bbox 2480 1756 2669 1839; x_wconf 89' lang='grc' dir='ltr'>λόγον.</span> <span class='ocrx_word' id='word_1_148' title='bbox 2760 1757 2799 1840; x_wconf 83' lang='grc' dir='ltr'>ἢ</span> <span class='ocrx_word' id='word_1_149' title='bbox 2845 1756 2906 1819; x_wconf 89' lang='grc' dir='ltr'>ἐν</span> <span class='ocrx_word' id='word_1_150' title='bbox 2953 1758 3041 1827; x_wconf 85' lang='grc' dir='ltr'>οἷς</span> <span class='ocrx_word' id='word_1_151' title='bbox 3083 1760 3149 1821; x_wconf 88' lang='grc' dir='ltr'>τὸ</span> 
     </span>
     <span class='ocr_line' id='line_1_14' title="bbox 640 1856 3254 1947; baseline 0.002 -30"><span class='ocrx_word' id='word_1_152' title='bbox 640 1856 743 1937; x_wconf 88' lang='grc' dir='ltr'>μὲν</span> <span class='ocrx_word' id='word_1_153' title='bbox 789 1856 1019 1941; x_wconf 87' lang='grc' dir='ltr'>πρῶτόν</span> <span class='ocrx_word' id='word_1_154' title='bbox 1065 1858 1206 1933; x_wconf 87' lang='grc' dir='ltr'>ἐστι,</span> <span class='ocrx_word' id='word_1_155' title='bbox 1252 1860 1319 1921; x_wconf 79' lang='grc' dir='ltr'>τὸ</span> <span class='ocrx_word' id='word_1_156' title='bbox 1365 1860 1431 1922; x_wconf 85' lang='grc' dir='ltr'>δὲ</span> <span class='ocrx_word' id='word_1_157' title='bbox 1462 1859 1750 1944; x_wconf 80' lang='grc' dir='ltr'>δεύτερον,</span> <span class='ocrx_word' id='word_1_158' title='bbox 1798 1864 1879 1929; x_wconf 84' lang='grc' dir='ltr'>ὡς</span> <span class='ocrx_word' id='word_1_159' title='bbox 1919 1859 2336 1947; x_wconf 79' lang='grc' dir='ltr'>ἀναιρουμένου</span> <span class='ocrx_word' id='word_1_160' title='bbox 2381 1863 2483 1923; x_wconf 88' lang='grc' dir='ltr'>τοῦ</span> <span class='ocrx_word' id='word_1_161' title='bbox 2514 1862 2752 1942; x_wconf 74' lang='grc' dir='ltr'>πρώτου</span> <span class='ocrx_word' id='word_1_162' title='bbox 2805 1856 2812 1943; x_wconf 77' lang='grc' dir='ltr'>Ι</span> <span class='ocrx_word' id='word_1_163' title='bbox 2861 1861 3105 1944; x_wconf 85' lang='grc' dir='ltr'>ἀναιρεῖ·</span> <span class='ocrx_word' id='word_1_164' title='bbox 3149 1867 3254 1923; x_wconf 78' lang='grc'>246</span> 
     </span>
     <span class='ocr_line' id='line_1_15' title="bbox 638 1957 3152 2047; baseline 0.002 -28"><span class='ocrx_word' id='word_1_165' title='bbox 638 1957 779 2019; x_wconf 89' lang='grc' dir='ltr'>σθαι</span> <span class='ocrx_word' id='word_1_166' title='bbox 823 1959 888 2020; x_wconf 92' lang='grc' dir='ltr'>τό</span> <span class='ocrx_word' id='word_1_167' title='bbox 934 1982 995 2022; x_wconf 91' lang='grc' dir='ltr'>τε</span> <span class='ocrx_word' id='word_1_168' title='bbox 1042 1961 1229 2023; x_wconf 80' lang='grc' dir='ltr'>κοινὸν</span> <span class='ocrx_word' id='word_1_169' title='bbox 1278 1962 1373 2023; x_wconf 89' lang='grc' dir='ltr'>καὶ</span> <span class='ocrx_word' id='word_1_170' title='bbox 1418 1962 1489 2024; x_wconf 82' lang='grc' dir='ltr'>τὰ</span> <span class='ocrx_word' id='word_1_171' title='bbox 1534 1961 1684 2025; x_wconf 79' lang='grc' dir='ltr'>ἄλλα</span> <span class='ocrx_word' id='word_1_172' title='bbox 1728 1964 1799 2026; x_wconf 84' lang='grc' dir='ltr'>τὰ</span> <span class='ocrx_word' id='word_1_173' title='bbox 1847 1962 1972 2047; x_wconf 84' lang='grc' dir='ltr'>μετ’</span> <span class='ocrx_word' id='word_1_174' title='bbox 2029 1963 2192 2040; x_wconf 81' lang='grc' dir='ltr'>αὐτό,</span> <span class='ocrx_word' id='word_1_175' title='bbox 2247 1968 2426 2027; x_wconf 87' lang='grc' dir='ltr'>ταῦτα</span> <span class='ocrx_word' id='word_1_176' title='bbox 2470 1968 2586 2024; x_wconf 91' lang='grc' dir='ltr'>τῶν</span> <span class='ocrx_word' id='word_1_177' title='bbox 2633 1966 2952 2047; x_wconf 85' lang='grc' dir='ltr'>πολλαχῶς</span> <span class='ocrx_word' id='word_1_178' title='bbox 2993 1966 3152 2043; x_wconf 89' lang='grc' dir='ltr'>λεγο·</span> 
     </span>
     <span class='ocr_line' id='line_1_16' title="bbox 536 2060 3148 2149; baseline 0.002 -27"><span class='ocrx_word' id='word_1_179' title='bbox 536 2080 597 2128; x_wconf 87' lang='lat'>15</span> <span class='ocrx_word' id='word_1_180' title='bbox 638 2060 828 2141; x_wconf 87' lang='grc' dir='ltr'>μένων</span> <span class='ocrx_word' id='word_1_181' title='bbox 883 2062 1005 2125; x_wconf 89' lang='grc' dir='ltr'>ἐστὶ</span> <span class='ocrx_word' id='word_1_182' title='bbox 1061 2066 1176 2125; x_wconf 87' lang='grc' dir='ltr'>τῶν</span> <span class='ocrx_word' id='word_1_183' title='bbox 1231 2063 1335 2149; x_wconf 84' lang='grc' dir='ltr'>ἀφ’</span> <span class='ocrx_word' id='word_1_184' title='bbox 1392 2066 1520 2135; x_wconf 80' lang='grc' dir='ltr'>ἑνὸς</span> <span class='ocrx_word' id='word_1_185' title='bbox 1574 2066 1613 2149; x_wconf 80' lang='grc' dir='ltr'>ἢ</span> <span class='ocrx_word' id='word_1_186' title='bbox 1670 2067 1814 2149; x_wconf 84' lang='grc' dir='ltr'>πρὸς</span> <span class='ocrx_word' id='word_1_187' title='bbox 1875 2065 1938 2129; x_wconf 82' lang='grc' dir='ltr'>ἓν</span> <span class='ocrx_word' id='word_1_188' title='bbox 1991 2065 2346 2148; x_wconf 89' lang='grc' dir='ltr'>λεγομένων,</span> <span class='ocrx_word' id='word_1_189' title='bbox 2411 2065 2552 2127; x_wconf 82' lang='grc' dir='ltr'>ὥστ’</span> <span class='ocrx_word' id='word_1_190' title='bbox 2607 2066 2660 2127; x_wconf 86' lang='grc' dir='ltr'>εἰ</span> <span class='ocrx_word' id='word_1_191' title='bbox 2713 2064 2812 2129; x_wconf 87' lang='grc' dir='ltr'>καὶ</span> <span class='ocrx_word' id='word_1_192' title='bbox 2869 2066 2908 2147; x_wconf 79' lang='grc' dir='ltr'><strong>ἡ</strong></span> <span class='ocrx_word' id='word_1_193' title='bbox 2969 2065 3148 2149; x_wconf 85' lang='grc' dir='ltr'>ἀρετὴ</span> 
     </span>
     <span class='ocr_line' id='line_1_17' title="bbox 637 2166 3235 2253; baseline 0 -27"><span class='ocrx_word' id='word_1_194' title='bbox 637 2168 771 2247; x_wconf 81' lang='grc' dir='ltr'>μιᾶς</span> <span class='ocrx_word' id='word_1_195' title='bbox 811 2187 959 2235; x_wconf 83' lang='grc' dir='ltr'>τινος</span> <span class='ocrx_word' id='word_1_196' title='bbox 992 2166 1413 2253; x_wconf 80' lang='grc' dir='ltr'>ἀναιρουμένης</span> <span class='ocrx_word' id='word_1_197' title='bbox 1458 2169 1769 2252; x_wconf 87' lang='grc' dir='ltr'>ἀναιροῖτο,</span> <span class='ocrx_word' id='word_1_198' title='bbox 1824 2168 1919 2253; x_wconf 79' lang='grc' dir='ltr'>εἴη</span> <span class='ocrx_word' id='word_1_199' title='bbox 1964 2167 2034 2231; x_wconf 80' lang='grc' dir='ltr'>ἂν</span> <span class='ocrx_word' id='word_1_200' title='bbox 2080 2170 2176 2231; x_wconf 86' lang='grc' dir='ltr'>καὶ</span> <span class='ocrx_word' id='word_1_201' title='bbox 2220 2170 2367 2251; x_wconf 79' lang='grc' dir='ltr'>αὕτη</span> <span class='ocrx_word' id='word_1_202' title='bbox 2413 2172 2529 2229; x_wconf 91' lang='grc' dir='ltr'>τῶν</span> <span class='ocrx_word' id='word_1_203' title='bbox 2576 2168 2763 2236; x_wconf 80' lang='grc' dir='ltr'>οὕτως</span> <span class='ocrx_word' id='word_1_204' title='bbox 2805 2166 3153 2249; x_wconf 89' lang='grc' dir='ltr'>λεγομένων.</span> <span class='ocrx_word' id='word_1_205' title='bbox 3207 2184 3235 2226; x_wconf 77' lang='lat'>5</span> 
     </span>
     <span class='ocr_line' id='line_1_18' title="bbox 635 2266 3154 2354; baseline 0.001 -26"><span class='ocrx_word' id='word_1_206' title='bbox 635 2266 673 2348; x_wconf 82' lang='grc' dir='ltr'><strong>ἢ</strong></span> <span class='ocrx_word' id='word_1_207' title='bbox 722 2270 939 2347; x_wconf 80' lang='grc' dir='ltr'>μᾶλλον</span> <span class='ocrx_word' id='word_1_208' title='bbox 988 2268 1191 2351; x_wconf 78' lang='grc' dir='ltr'>ῥητέον</span> <span class='ocrx_word' id='word_1_209' title='bbox 1250 2271 1346 2333; x_wconf 89' lang='grc' dir='ltr'>τὸν</span> <span class='ocrx_word' id='word_1_210' title='bbox 1402 2273 1683 2335; x_wconf 83' lang='grc' dir='ltr'>δοκοῦντα</span> <span class='ocrx_word' id='word_1_211' title='bbox 1736 2271 2088 2354; x_wconf 82' lang='grc' dir='ltr'>συνωνύμως</span> <span class='ocrx_word' id='word_1_212' title='bbox 2143 2276 2258 2333; x_wconf 92' lang='grc' dir='ltr'>τῶν</span> <span class='ocrx_word' id='word_1_213' title='bbox 2315 2272 2538 2353; x_wconf 80' lang='grc' dir='ltr'>ἀρετῶν</span> <span class='ocrx_word' id='word_1_214' title='bbox 2594 2269 2728 2353; x_wconf 91' lang='grc' dir='ltr'>ὅρον</span> <span class='ocrx_word' id='word_1_215' title='bbox 2783 2274 2888 2353; x_wconf 78' lang='grc' dir='ltr'>τῆς</span> <span class='ocrx_word' id='word_1_216' title='bbox 2941 2270 3154 2353; x_wconf 79' lang='grc' dir='ltr'>ἀρετῆς</span> 
     </span>
     <span class='ocr_line' id='line_1_19' title="bbox 640 2369 3148 2457; baseline 0.002 -28"><span class='ocrx_word' id='word_1_217' title='bbox 640 2369 1088 2453; x_wconf 77' lang='grc' dir='ltr'>κατηγορεῖσθαι</span> <span class='ocrx_word' id='word_1_218' title='bbox 1140 2373 1463 2457; x_wconf 89' lang='grc' dir='ltr'>κοινότερον</span> <span class='ocrx_word' id='word_1_219' title='bbox 1518 2375 1663 2437; x_wconf 78' lang='grc' dir='ltr'>εἶναι</span> <span class='ocrx_word' id='word_1_220' title='bbox 1716 2374 1813 2436; x_wconf 89' lang='grc' dir='ltr'>καὶ</span> <span class='ocrx_word' id='word_1_221' title='bbox 1867 2371 1974 2435; x_wconf 82' lang='grc' dir='ltr'>οὐκ</span> <span class='ocrx_word' id='word_1_222' title='bbox 2030 2370 2172 2436; x_wconf 76' lang='grc' dir='ltr'>ἴδιον</span> <span class='ocrx_word' id='word_1_223' title='bbox 2225 2378 2329 2456; x_wconf 74' lang='grc' dir='ltr'>τῆς</span> <span class='ocrx_word' id='word_1_224' title='bbox 2381 2372 2524 2456; x_wconf 89' lang='grc' dir='ltr'>ὅλης</span> <span class='ocrx_word' id='word_1_225' title='bbox 2581 2374 2792 2456; x_wconf 78' lang='grc' dir='ltr'>ἀρετῆς</span> <span class='ocrx_word' id='word_1_226' title='bbox 2845 2372 2919 2455; x_wconf 83' lang='grc' dir='ltr'>ἧς</span> <span class='ocrx_word' id='word_1_227' title='bbox 2978 2370 3148 2436; x_wconf 86' lang='grc' dir='ltr'>αὖται</span> 
     </span>
     <span class='ocr_line' id='line_1_20' title="bbox 636 2470 3148 2561; baseline 0.004 -30"><span class='ocrx_word' id='word_1_228' title='bbox 636 2470 804 2554; x_wconf 86' lang='grc' dir='ltr'>μέρη.</span> <span class='ocrx_word' id='word_1_229' title='bbox 894 2470 987 2557; x_wconf 83' lang='grc' dir='ltr'>εἴη</span> <span class='ocrx_word' id='word_1_230' title='bbox 1044 2473 1096 2537; x_wconf 83' lang='grc' dir='ltr'>δ’</span> <span class='ocrx_word' id='word_1_231' title='bbox 1153 2474 1222 2537; x_wconf 78' lang='grc' dir='ltr'>ἄν</span> <span class='ocrx_word' id='word_1_232' title='bbox 1278 2476 1469 2559; x_wconf 83' lang='grc' dir='ltr'>ἐκείνῃ</span> <span class='ocrx_word' id='word_1_233' title='bbox 1524 2480 1693 2561; x_wconf 88' lang='grc' dir='ltr'>λόγος</span> <span class='ocrx_word' id='word_1_234' title='bbox 1746 2478 1783 2559; x_wconf 80' lang='grc' dir='ltr'>ἡ</span> <span class='ocrx_word' id='word_1_235' title='bbox 1839 2478 2034 2560; x_wconf 81' lang='grc' dir='ltr'>πάσης</span> <span class='ocrx_word' id='word_1_236' title='bbox 2087 2480 2321 2559; x_wconf 80' lang='grc' dir='ltr'>λογικῆς</span> <span class='ocrx_word' id='word_1_237' title='bbox 2375 2480 2572 2560; x_wconf 81' lang='grc' dir='ltr'>ψυχῆς</span> <span class='ocrx_word' id='word_1_238' title='bbox 2624 2475 2738 2545; x_wconf 70' lang='grc' dir='ltr'>ἕξις</span> <span class='ocrx_word' id='word_1_239' title='bbox 2789 2475 3028 2559; x_wconf 85' lang='grc' dir='ltr'>ἀρίστη,</span> <span class='ocrx_word' id='word_1_240' title='bbox 3081 2474 3148 2543; x_wconf 81' lang='grc' dir='ltr'>ὃς</span> 
     </span>
     <span class='ocr_line' id='line_1_21' title="bbox 529 2570 3225 2663; baseline 0.002 -27"><span class='ocrx_word' id='word_1_241' title='bbox 529 2590 596 2638; x_wconf 80' lang='lat'>20</span> <span class='ocrx_word' id='word_1_242' title='bbox 632 2570 804 2652; x_wconf 85' lang='grc' dir='ltr'>λόγος</span> <span class='ocrx_word' id='word_1_243' title='bbox 858 2573 925 2635; x_wconf 88' lang='grc' dir='ltr'>οὐ</span> <span class='ocrx_word' id='word_1_244' title='bbox 983 2576 1323 2661; x_wconf 81' lang='grc' dir='ltr'>καθεκάστῃ</span> <span class='ocrx_word' id='word_1_245' title='bbox 1380 2584 1495 2641; x_wconf 87' lang='grc' dir='ltr'>τῶν</span> <span class='ocrx_word' id='word_1_246' title='bbox 1553 2581 1773 2663; x_wconf 85' lang='grc' dir='ltr'>ἀρετῶν</span> <span class='ocrx_word' id='word_1_247' title='bbox 1828 2577 2166 2663; x_wconf 76' lang='grc' dir='ltr'>ἐφαρμόζει.</span> <span class='ocrx_word' id='word_1_248' title='bbox 2258 2582 2420 2643; x_wconf 85' lang='grc' dir='ltr'>δοκεῖ</span> <span class='ocrx_word' id='word_1_249' title='bbox 2470 2580 2534 2642; x_wconf 83' lang='grc' dir='ltr'>δὲ</span> <span class='ocrx_word' id='word_1_250' title='bbox 2588 2578 2682 2641; x_wconf 88' lang='grc' dir='ltr'>καὶ</span> <span class='ocrx_word' id='word_1_251' title='bbox 2733 2574 3142 2662; x_wconf 86' lang='grc' dir='ltr'>Ἀριστοτέλης</span> <span class='ocrx_word' id='word_1_252' title='bbox 3169 2594 3225 2635; x_wconf 82' lang='lat'>1⁰</span> 
     </span>
     <span class='ocr_line' id='line_1_22' title="bbox 640 2672 2301 2765; baseline 0.005 -28"><span class='ocrx_word' id='word_1_253' title='bbox 640 2672 774 2737; x_wconf 84' lang='grc' dir='ltr'>ὅλον</span> <span class='ocrx_word' id='word_1_254' title='bbox 821 2697 873 2737; x_wconf 89' lang='grc' dir='ltr'>τι</span> <span class='ocrx_word' id='word_1_255' title='bbox 920 2676 1105 2759; x_wconf 84' lang='grc' dir='ltr'>λέγειν</span> <span class='ocrx_word' id='word_1_256' title='bbox 1150 2680 1255 2762; x_wconf 81' lang='grc' dir='ltr'>τὴν</span> <span class='ocrx_word' id='word_1_257' title='bbox 1300 2680 1518 2743; x_wconf 82' lang='grc' dir='ltr'>τέλειον</span> <span class='ocrx_word' id='word_1_258' title='bbox 1564 2682 1778 2765; x_wconf 85' lang='grc' dir='ltr'>ἀρετὴν</span> <span class='ocrx_word' id='word_1_259' title='bbox 1825 2680 1947 2744; x_wconf 85' lang='grc' dir='ltr'>ἀλλ’</span> <span class='ocrx_word' id='word_1_260' title='bbox 2004 2682 2072 2745; x_wconf 82' lang='grc' dir='ltr'>οὐ</span> <span class='ocrx_word' id='word_1_261' title='bbox 2118 2682 2301 2764; x_wconf 87' lang='grc' dir='ltr'>γένος.</span> 
     </span>
     <span class='ocr_line' id='line_1_23' title="bbox 805 2776 2813 2869; baseline 0.002 -27"><span class='ocrx_word' id='word_1_262' title='bbox 805 2776 977 2864; x_wconf 82' lang='grc' dir='ltr'>[Περὶ</span> <span class='ocrx_word' id='word_1_263' title='bbox 1022 2785 1127 2864; x_wconf 74' lang='grc' dir='ltr'>τῆς</span> <span class='ocrx_word' id='word_1_264' title='bbox 1172 2782 1415 2865; x_wconf 85' lang='grc' dir='ltr'>ἀπορίας</span> <span class='ocrx_word' id='word_1_265' title='bbox 1458 2784 1671 2867; x_wconf 82' lang='grc' dir='ltr'>ταύτης</span> <span class='ocrx_word' id='word_1_266' title='bbox 1715 2787 1811 2848; x_wconf 82' lang='grc' dir='ltr'>καὶ</span> <span class='ocrx_word' id='word_1_267' title='bbox 1856 2784 1918 2847; x_wconf 88' lang='grc' dir='ltr'>ἐν</span> <span class='ocrx_word' id='word_1_268' title='bbox 1962 2790 2084 2854; x_wconf 88' lang='grc' dir='ltr'>τοῖς</span> <span class='ocrx_word' id='word_1_269' title='bbox 2129 2783 2388 2869; x_wconf 87' lang='grc' dir='ltr'>ὑστέροις</span> <span class='ocrx_word' id='word_1_270' title='bbox 2433 2782 2668 2867; x_wconf 79' lang='grc' dir='ltr'>εἴρηταί</span> <span class='ocrx_word' id='word_1_271' title='bbox 2703 2782 2813 2867; x_wconf 88' lang='grc' dir='ltr'>τι·]</span> 
     </span>
    </p>
   </div>
   <div class='ocr_carea' id='block_1_5' title="bbox 629 3032 3232 3227">
    <p class='ocr_par' dir='ltr' id='par_1_5' title="bbox 629 3032 3232 3227">
     <span class='ocr_line' id='line_1_24' title="bbox 629 3032 3232 3124; baseline 0.002 -25"><span class='ocrx_word' id='word_1_272' title='bbox 629 3034 739 3101; x_wconf 89' lang='grc' dir='ltr'>ΙΧ.</span> <span class='ocrx_word' id='word_1_273' title='bbox 816 3032 957 3101; x_wconf 85' lang='grc' dir='ltr'>Ὅτι</span> <span class='ocrx_word' id='word_1_274' title='bbox 1005 3038 1094 3121; x_wconf 84' lang='grc' dir='ltr'>μὴ</span> <span class='ocrx_word' id='word_1_275' title='bbox 1142 3039 1397 3108; x_wconf 87' lang='grc' dir='ltr'>πάντες</span> <span class='ocrx_word' id='word_1_276' title='bbox 1438 3042 1502 3103; x_wconf 85' lang='grc' dir='ltr'>οἱ</span> <span class='ocrx_word' id='word_1_277' title='bbox 1552 3040 2067 3124; x_wconf 86' lang='grc' dir='ltr'>ἁμαρτάνοντες</span> <span class='ocrx_word' id='word_1_278' title='bbox 2125 3040 2372 3124; x_wconf 73' lang='grc' dir='ltr'>ἀγνοίᾳ</span> <span class='ocrx_word' id='word_1_279' title='bbox 2423 3044 2541 3103; x_wconf 90' lang='grc' dir='ltr'>τοῦ</span> <span class='ocrx_word' id='word_1_280' title='bbox 2588 3040 2766 3104; x_wconf 83' lang='grc' dir='ltr'>κακὰ</span> <span class='ocrx_word' id='word_1_281' title='bbox 2811 3038 2994 3103; x_wconf 77' lang='grc' dir='ltr'>εἶναι</span> <span class='ocrx_word' id='word_1_282' title='bbox 3039 3041 3150 3103; x_wconf 83' lang='grc' dir='ltr'>καὶ</span> <span class='ocrx_word' id='word_1_283' title='bbox 3179 3054 3232 3097; x_wconf 72' lang='lat'>1⁸</span> 
     </span>
     <span class='ocr_line' id='line_1_25' title="bbox 1148 3142 2638 3227; baseline 0.001 -23"><span class='ocrx_word' id='word_1_284' title='bbox 1148 3142 1459 3226; x_wconf 81' lang='grc' dir='ltr'>βλαβερὰ</span> <span class='ocrx_word' id='word_1_285' title='bbox 1504 3142 1543 3205; x_wconf 82' lang='grc' dir='ltr'><strong>ἃ</strong></span> <span class='ocrx_word' id='word_1_286' title='bbox 1585 3145 2041 3225; x_wconf 87' lang='grc' dir='ltr'>πράττουσιν,</span> <span class='ocrx_word' id='word_1_287' title='bbox 2090 3144 2638 3227; x_wconf 83' lang='grc' dir='ltr'>ἁμαρτάνουσιν.</span> 
     </span>
    </p>
   </div>
   <div class='ocr_carea' id='block_1_6' title="bbox 522 3305 3253 3913">
    <p class='ocr_par' dir='ltr' id='par_1_6' title="bbox 522 3305 3253 3913">
     <span class='ocr_line' id='line_1_26' title="bbox 525 3305 3147 3399; baseline 0 -23"><span class='ocrx_word' id='word_1_288' title='bbox 525 3330 589 3378; x_wconf 80' lang='lat'>25</span> <span class='ocrx_word' id='word_1_289' title='bbox 799 3305 964 3396; x_wconf 79' lang='grc' dir='ltr'>(Ὅτι</span> <span class='ocrx_word' id='word_1_290' title='bbox 1012 3312 1092 3394; x_wconf 85' lang='grc' dir='ltr'>μὴ</span> <span class='ocrx_word' id='word_1_291' title='bbox 1140 3313 1347 3381; x_wconf 84' lang='grc' dir='ltr'>πάντες</span> <span class='ocrx_word' id='word_1_292' title='bbox 1379 3314 1433 3376; x_wconf 88' lang='grc' dir='ltr'>οἱ</span> <span class='ocrx_word' id='word_1_293' title='bbox 1474 3314 1901 3398; x_wconf 87' lang='grc' dir='ltr'>ἁμαρτάνοντες</span> <span class='ocrx_word' id='word_1_294' title='bbox 1945 3314 2147 3398; x_wconf 77' lang='grc' dir='ltr'>ἀγνοίᾳ</span> <span class='ocrx_word' id='word_1_295' title='bbox 2190 3318 2294 3377; x_wconf 91' lang='grc' dir='ltr'>τοῦ</span> <span class='ocrx_word' id='word_1_296' title='bbox 2340 3313 2494 3378; x_wconf 82' lang='grc' dir='ltr'>κακὰ</span> <span class='ocrx_word' id='word_1_297' title='bbox 2537 3314 2685 3377; x_wconf 78' lang='grc' dir='ltr'>εἶναι</span> <span class='ocrx_word' id='word_1_298' title='bbox 2728 3314 2825 3377; x_wconf 88' lang='grc' dir='ltr'>καὶ</span> <span class='ocrx_word' id='word_1_299' title='bbox 2871 3314 3147 3399; x_wconf 86' lang='grc' dir='ltr'>βλαβερά,</span> 
     </span>
     <span class='ocr_line' id='line_1_27' title="bbox 630 3412 3230 3501; baseline -0 -25"><span class='ocrx_word' id='word_1_300' title='bbox 630 3413 668 3476; x_wconf 82' lang='grc' dir='ltr'><strong><em>ἃ</em></strong></span> <span class='ocrx_word' id='word_1_301' title='bbox 713 3412 1109 3497; x_wconf 86' lang='grc' dir='ltr'>πράττουσιν,&gt;</span> <span class='ocrx_word' id='word_1_302' title='bbox 1156 3414 1572 3499; x_wconf 86' lang='grc' dir='ltr'>ἁμαρτάνουσι,</span> <span class='ocrx_word' id='word_1_303' title='bbox 1628 3418 1803 3499; x_wconf 78' lang='grc' dir='ltr'>δῆλον</span> <span class='ocrx_word' id='word_1_304' title='bbox 1857 3416 1928 3479; x_wconf 88' lang='grc' dir='ltr'>ἐκ</span> <span class='ocrx_word' id='word_1_305' title='bbox 1984 3420 2101 3478; x_wconf 89' lang='grc' dir='ltr'>τῶν</span> <span class='ocrx_word' id='word_1_306' title='bbox 2143 3416 2544 3501; x_wconf 84' lang='grc' dir='ltr'>πεπεισμένων</span> <span class='ocrx_word' id='word_1_307' title='bbox 2592 3415 2679 3479; x_wconf 85' lang='grc' dir='ltr'>ὅτι</span> <span class='ocrx_word' id='word_1_308' title='bbox 2726 3416 3145 3500; x_wconf 83' lang='grc' dir='ltr'>ἁμαρτάνουσι,</span> <span class='ocrx_word' id='word_1_309' title='bbox 3172 3433 3230 3475; x_wconf 73' lang='lat'>20</span> 
     </span>
     <span class='ocr_line' id='line_1_28' title="bbox 630 3514 3142 3602; baseline 0.002 -24"><span class='ocrx_word' id='word_1_310' title='bbox 630 3517 728 3578; x_wconf 90' lang='grc' dir='ltr'>καὶ</span> <span class='ocrx_word' id='word_1_311' title='bbox 776 3516 858 3599; x_wconf 84' lang='grc' dir='ltr'>μὴ</span> <span class='ocrx_word' id='word_1_312' title='bbox 907 3514 1270 3601; x_wconf 87' lang='grc' dir='ltr'>ἀντεχόντων</span> <span class='ocrx_word' id='word_1_313' title='bbox 1327 3518 1527 3587; x_wconf 84' lang='grc' dir='ltr'>αὐτοῖς</span> <span class='ocrx_word' id='word_1_314' title='bbox 1570 3519 1665 3581; x_wconf 81' lang='grc' dir='ltr'>διὰ</span> <span class='ocrx_word' id='word_1_315' title='bbox 1712 3520 1998 3602; x_wconf 85' lang='grc' dir='ltr'>μαλακίαν</span> <span class='ocrx_word' id='word_1_316' title='bbox 2057 3520 2154 3581; x_wconf 82' lang='grc' dir='ltr'>καὶ</span> <span class='ocrx_word' id='word_1_317' title='bbox 2201 3520 2574 3602; x_wconf 87' lang='grc' dir='ltr'>ἀνασκησίαν.</span> <span class='ocrx_word' id='word_1_318' title='bbox 2663 3520 2747 3581; x_wconf 85' lang='grc' dir='ltr'>ὧν</span> <span class='ocrx_word' id='word_1_319' title='bbox 2793 3520 2905 3583; x_wconf 83' lang='grc' dir='ltr'>εἰσι</span> <span class='ocrx_word' id='word_1_320' title='bbox 2946 3522 3040 3583; x_wconf 83' lang='grc' dir='ltr'>καὶ</span> <span class='ocrx_word' id='word_1_321' title='bbox 3085 3521 3142 3583; x_wconf 83' lang='grc' dir='ltr'>οἱ</span> 
     </span>
     <span class='ocr_line' id='line_1_29' title="bbox 630 3619 3253 3707; baseline 0.002 -28"><span class='ocrx_word' id='word_1_322' title='bbox 630 3622 933 3687; x_wconf 85' lang='grc' dir='ltr'>νοσοῦντες</span> <span class='ocrx_word' id='word_1_323' title='bbox 989 3620 1082 3682; x_wconf 88' lang='grc' dir='ltr'>καὶ</span> <span class='ocrx_word' id='word_1_324' title='bbox 1139 3619 1208 3683; x_wconf 82' lang='grc' dir='ltr'>τὰ</span> <span class='ocrx_word' id='word_1_325' title='bbox 1267 3620 1593 3705; x_wconf 84' lang='grc' dir='ltr'>βλάπτοντα</span> <span class='ocrx_word' id='word_1_326' title='bbox 1652 3621 1863 3690; x_wconf 77' lang='grc' dir='ltr'>αὑτοὺς</span> <span class='ocrx_word' id='word_1_327' title='bbox 1919 3624 2290 3706; x_wconf 87' lang='grc' dir='ltr'>πράττοντες,</span> <span class='ocrx_word' id='word_1_328' title='bbox 2353 3621 2460 3685; x_wconf 82' lang='grc' dir='ltr'>οὐκ</span> <span class='ocrx_word' id='word_1_329' title='bbox 2515 3620 2875 3707; x_wconf 50' lang='grc' dir='ltr'>ἀγνοοῦνζτες</span> <span class='ocrx_word' id='word_1_330' title='bbox 2928 3626 3104 3687; x_wconf 83' lang='grc' dir='ltr'>ὁποῖά</span> <span class='ocrx_word' id='word_1_331' title='bbox 3147 3630 3253 3687; x_wconf 82' lang='grc'>247</span> 
     </span>
     <span class='ocr_line' id='line_1_30' title="bbox 628 3719 3146 3810; baseline 0.003 -28"><span class='ocrx_word' id='word_1_332' title='bbox 628 3719 815 3783; x_wconf 89' lang='grc' dir='ltr'>ἐστιν·</span> <span class='ocrx_word' id='word_1_333' title='bbox 866 3722 954 3785; x_wconf 86' lang='grc' dir='ltr'>ὅτι</span> <span class='ocrx_word' id='word_1_334' title='bbox 996 3722 1103 3806; x_wconf 84' lang='grc' dir='ltr'>γὰρ</span> <span class='ocrx_word' id='word_1_335' title='bbox 1150 3721 1257 3785; x_wconf 84' lang='grc' dir='ltr'>οὐκ</span> <span class='ocrx_word' id='word_1_336' title='bbox 1302 3724 1622 3805; x_wconf 81' lang='grc' dir='ltr'>ἀγνοοῦσιν,</span> <span class='ocrx_word' id='word_1_337' title='bbox 1668 3724 1866 3792; x_wconf 87' lang='grc' dir='ltr'>αὑτοῖς</span> <span class='ocrx_word' id='word_1_338' title='bbox 1911 3724 2269 3799; x_wconf 85' lang='grc' dir='ltr'>ἐπικαλοῦσι,</span> <span class='ocrx_word' id='word_1_339' title='bbox 2315 3724 2448 3794; x_wconf 80' lang='grc' dir='ltr'>τοὺς</span> <span class='ocrx_word' id='word_1_340' title='bbox 2494 3724 2576 3808; x_wconf 86' lang='grc' dir='ltr'>μὴ</span> <span class='ocrx_word' id='word_1_341' title='bbox 2623 3726 2696 3789; x_wconf 84' lang='grc' dir='ltr'>τὰ</span> <span class='ocrx_word' id='word_1_342' title='bbox 2741 3725 2920 3810; x_wconf 89' lang='grc' dir='ltr'>ὅμοια</span> <span class='ocrx_word' id='word_1_343' title='bbox 2965 3726 3146 3810; x_wconf 86' lang='grc' dir='ltr'>ἁμαρ-</span> 
     </span>
     <span class='ocr_line' id='line_1_31' title="bbox 522 3823 3143 3913; baseline 0.003 -28"><span class='ocrx_word' id='word_1_344' title='bbox 522 3842 589 3891; x_wconf 85' lang='lat'>30</span> <span class='ocrx_word' id='word_1_345' title='bbox 626 3823 900 3893; x_wconf 89' lang='grc' dir='ltr'>τάνοντας</span> <span class='ocrx_word' id='word_1_346' title='bbox 943 3824 1370 3901; x_wconf 86' lang='grc' dir='ltr'>ἐπικαλοῦνται,</span> <span class='ocrx_word' id='word_1_347' title='bbox 1418 3824 1688 3909; x_wconf 78' lang='grc' dir='ltr'>εὔχονται</span> <span class='ocrx_word' id='word_1_348' title='bbox 1733 3830 1854 3895; x_wconf 88' lang='grc' dir='ltr'>τοῖς</span> <span class='ocrx_word' id='word_1_349' title='bbox 1897 3826 2055 3895; x_wconf 82' lang='grc' dir='ltr'>θεοῖς</span> <span class='ocrx_word' id='word_1_350' title='bbox 2103 3827 2248 3910; x_wconf 85' lang='grc' dir='ltr'>ὑπὲρ</span> <span class='ocrx_word' id='word_1_351' title='bbox 2293 3831 2395 3890; x_wconf 92' lang='grc' dir='ltr'>τοῦ</span> <span class='ocrx_word' id='word_1_352' title='bbox 2440 3828 2674 3891; x_wconf 86' lang='grc' dir='ltr'>κάλλιον</span> <span class='ocrx_word' id='word_1_353' title='bbox 2707 3833 3010 3913; x_wconf 82' lang='grc' dir='ltr'>φρονῆσαι.</span> <span class='ocrx_word' id='word_1_354' title='bbox 3081 3830 3143 3893; x_wconf 85' lang='grc' dir='ltr'>ἐν</span> 
     </span>
    </p>
   </div>
   <div class='ocr_carea' id='block_1_7' title="bbox 516 4131 3252 4905">
    <p class='ocr_par' dir='ltr' id='par_1_7' title="bbox 518 4131 3252 4385">
     <span class='ocr_line' id='line_1_32' title="bbox 525 4131 3252 4207; baseline 0.002 -20"><span class='ocrx_word' id='word_1_355' title='bbox 525 4136 548 4187; x_wconf 94' lang='lat' dir='ltr'>l</span> <span class='ocrx_word' id='word_1_356' title='bbox 592 4134 683 4187; x_wconf 77' lang='lat' dir='ltr'><strong>alt.</strong></span> <span class='ocrx_word' id='word_1_357' title='bbox 722 4134 775 4187; x_wconf 80' lang='grc' dir='ltr'>δὲ</span> <span class='ocrx_word' id='word_1_358' title='bbox 814 4134 883 4186; x_wconf 79' lang='lat' dir='ltr'>V¹</span> <span class='ocrx_word' id='word_1_359' title='bbox 922 4134 977 4186; x_wconf 87' lang='lat' dir='ltr'>in</span> <span class='ocrx_word' id='word_1_360' title='bbox 1018 4148 1120 4203; x_wconf 83' lang='lat' dir='ltr'>mg.</span> <span class='ocrx_word' id='word_1_361' title='bbox 1369 4134 1401 4187; x_wconf 90' lang='lat'><strong>3</strong></span> <span class='ocrx_word' id='word_1_362' title='bbox 1440 4131 1556 4187; x_wconf 74' lang='grc' dir='ltr'>οὔτε</span> <span class='ocrx_word' id='word_1_363' title='bbox 1592 4134 1735 4203; x_wconf 76' lang='grc' dir='ltr'>γένος</span> <span class='ocrx_word' id='word_1_364' title='bbox 1769 4139 1850 4188; x_wconf 74' lang='lat' dir='ltr'>Ba</span> <span class='ocrx_word' id='word_1_365' title='bbox 1886 4138 2002 4204; x_wconf 88' lang='lat' dir='ltr'><strong>Sp.:</strong></span> <span class='ocrx_word' id='word_1_366' title='bbox 2059 4135 2119 4189; x_wconf 72' lang='grc' dir='ltr'>οὐ</span> <span class='ocrx_word' id='word_1_367' title='bbox 2157 4137 2296 4207; x_wconf 83' lang='grc' dir='ltr'>γένος</span> <span class='ocrx_word' id='word_1_368' title='bbox 2335 4141 2383 4188; x_wconf 90' lang='lat' dir='ltr'>V</span> <span class='ocrx_word' id='word_1_369' title='bbox 2646 4138 2681 4189; x_wconf 86' lang='lat'>4</span> <span class='ocrx_word' id='word_1_370' title='bbox 2721 4142 2844 4191; x_wconf 72' lang='lat' dir='ltr'>anto</span> <span class='ocrx_word' id='word_1_371' title='bbox 2881 4137 2998 4191; x_wconf 75' lang='grc' dir='ltr'>οὔτε</span> <span class='ocrx_word' id='word_1_372' title='bbox 3033 4138 3252 4193; x_wconf 82' lang='lat' dir='ltr'><strong>titulum</strong></span> 
     </span>
     <span class='ocr_line' id='line_1_33' title="bbox 518 4221 3252 4295; baseline 0.001 -20"><span class='ocrx_word' id='word_1_373' title='bbox 518 4222 675 4275; x_wconf 80' lang='lat' dir='ltr'><strong>iterat</strong></span> <span class='ocrx_word' id='word_1_374' title='bbox 723 4225 805 4275; x_wconf 75' lang='lat' dir='ltr'>Ba</span> <span class='ocrx_word' id='word_1_375' title='bbox 840 4225 928 4289; x_wconf 88' lang='lat' dir='ltr'>Sp.</span> <span class='ocrx_word' id='word_1_376' title='bbox 1167 4221 1307 4291; x_wconf 76' lang='grc' dir='ltr'>οὔτε]</span> <span class='ocrx_word' id='word_1_377' title='bbox 1367 4221 1424 4275; x_wconf 81' lang='grc' dir='ltr'>οὐ</span> <span class='ocrx_word' id='word_1_378' title='bbox 1470 4222 1573 4275; x_wconf 77' lang='lat' dir='ltr'>B²a</span> <span class='ocrx_word' id='word_1_379' title='bbox 1612 4226 1701 4291; x_wconf 85' lang='lat' dir='ltr'>Sp.</span> <span class='ocrx_word' id='word_1_380' title='bbox 1953 4226 2001 4278; x_wconf 87' lang='lat'>6.</span> <span class='ocrx_word' id='word_1_381' title='bbox 2041 4225 2072 4276; x_wconf 87' lang='lat'><strong>7</strong></span> <span class='ocrx_word' id='word_1_382' title='bbox 2129 4244 2184 4295; x_wconf 87' lang='grc' dir='ltr'>γε</span> <span class='ocrx_word' id='word_1_383' title='bbox 2229 4223 2398 4279; x_wconf 78' lang='grc' dir='ltr'>οὕτωσ</span> <span class='ocrx_word' id='word_1_384' title='bbox 2437 4229 2500 4276; x_wconf 86' lang='lat' dir='ltr'>V:</span> <span class='ocrx_word' id='word_1_385' title='bbox 2555 4243 2609 4277; x_wconf 78' lang='grc' dir='ltr'>τε</span> <span class='ocrx_word' id='word_1_386' title='bbox 2645 4227 2723 4279; x_wconf 78' lang='lat' dir='ltr'>Ba</span> <span class='ocrx_word' id='word_1_387' title='bbox 2761 4228 2878 4293; x_wconf 80' lang='lat' dir='ltr'><strong>Sp.=</strong></span> <span class='ocrx_word' id='word_1_388' title='bbox 2933 4224 3152 4279; x_wconf 76' lang='lat' dir='ltr'><strong>fortasse</strong></span> <span class='ocrx_word' id='word_1_389' title='bbox 3197 4224 3252 4278; x_wconf 72' lang='grc' dir='ltr'>δὲ</span> 
     </span>
     <span class='ocr_line' id='line_1_34' title="bbox 520 4306 3028 4385; baseline 0.002 -25"><span class='ocrx_word' id='word_1_390' title='bbox 520 4307 682 4367; x_wconf 80' lang='grc' dir='ltr'>οὕτως</span> <span class='ocrx_word' id='word_1_391' title='bbox 894 4310 925 4361; x_wconf 88' lang='lat'><strong>7</strong></span> <span class='ocrx_word' id='word_1_392' title='bbox 972 4308 1118 4362; x_wconf 76' lang='grc' dir='ltr'>εἰδῶν</span> <span class='ocrx_word' id='word_1_393' title='bbox 1166 4308 1331 4367; x_wconf 77' lang='grc' dir='ltr'>οὕτως</span> <span class='ocrx_word' id='word_1_394' title='bbox 1376 4306 1538 4361; x_wconf 79' lang='grc' dir='ltr'>τᾶλλα</span> <span class='ocrx_word' id='word_1_395' title='bbox 1575 4314 1653 4363; x_wconf 80' lang='lat' dir='ltr'>Ba</span> <span class='ocrx_word' id='word_1_396' title='bbox 1702 4314 1790 4379; x_wconf 89' lang='lat' dir='ltr'>Sp.</span> <span class='ocrx_word' id='word_1_397' title='bbox 2005 4312 2038 4365; x_wconf 84' lang='lat'>8</span> <span class='ocrx_word' id='word_1_398' title='bbox 2075 4312 2457 4385; x_wconf 79' lang='grc' dir='ltr'>ἀναιρουμένης]</span> <span class='ocrx_word' id='word_1_399' title='bbox 2505 4332 2566 4383; x_wconf 87' lang='grc' dir='ltr'>ης</span> <span class='ocrx_word' id='word_1_400' title='bbox 2603 4328 2644 4365; x_wconf 88' lang='lat' dir='ltr'>s.</span> <span class='ocrx_word' id='word_1_401' title='bbox 2683 4328 2730 4365; x_wconf 84' lang='lat' dir='ltr'>v.</span> <span class='ocrx_word' id='word_1_402' title='bbox 2769 4314 2828 4365; x_wconf 92' lang='lat' dir='ltr'>in</span> <span class='ocrx_word' id='word_1_403' title='bbox 2863 4313 2940 4366; x_wconf 78' lang='lat' dir='ltr'><strong>lit.</strong></span> <span class='ocrx_word' id='word_1_404' title='bbox 2981 4316 3028 4365; x_wconf 87' lang='lat' dir='ltr'>V</span> 
     </span>
    </p>

    <p class='ocr_par' dir='ltr' id='par_1_8' title="bbox 519 4396 3040 4470">
     <span class='ocr_line' id='line_1_35' title="bbox 519 4396 3040 4470; baseline 0.002 -23"><span class='ocrx_word' id='word_1_405' title='bbox 519 4396 550 4447; x_wconf 88' lang='lat'>9</span> <span class='ocrx_word' id='word_1_406' title='bbox 588 4396 662 4465; x_wconf 85' lang='grc' dir='ltr'>ἐν]</span> <span class='ocrx_word' id='word_1_407' title='bbox 703 4396 826 4449; x_wconf 74' lang='grc' dir='ltr'>εἶναι</span> <span class='ocrx_word' id='word_1_408' title='bbox 865 4398 999 4449; x_wconf 81' lang='lat' dir='ltr'><strong>coni.</strong></span> <span class='ocrx_word' id='word_1_409' title='bbox 1040 4400 1128 4464; x_wconf 87' lang='lat' dir='ltr'>Sp.</span> <span class='ocrx_word' id='word_1_410' title='bbox 1166 4398 1300 4451; x_wconf 80' lang='lat' dir='ltr'>bene</span> <span class='ocrx_word' id='word_1_411' title='bbox 1519 4399 1585 4451; x_wconf 94' lang='lat'>10</span> <span class='ocrx_word' id='word_1_412' title='bbox 1621 4399 2022 4470; x_wconf 80' lang='grc' dir='ltr'>ἀποφρονήσεωσ</span> <span class='ocrx_word' id='word_1_413' title='bbox 2062 4405 2106 4454; x_wconf 90' lang='lat' dir='ltr'>V</span> <span class='ocrx_word' id='word_1_414' title='bbox 2321 4399 2416 4453; x_wconf 73' lang='grc' dir='ltr'>οὐκ</span> <span class='ocrx_word' id='word_1_415' title='bbox 2455 4400 2541 4469; x_wconf 79' lang='grc' dir='ltr'>ἂν]</span> <span class='ocrx_word' id='word_1_416' title='bbox 2579 4418 2644 4453; x_wconf 83' lang='grc' dir='ltr'>υκ</span> <span class='ocrx_word' id='word_1_417' title='bbox 2683 4400 2743 4453; x_wconf 81' lang='grc' dir='ltr'>ἂν</span> <span class='ocrx_word' id='word_1_418' title='bbox 2783 4402 2838 4453; x_wconf 84' lang='lat' dir='ltr'>in</span> <span class='ocrx_word' id='word_1_419' title='bbox 2875 4401 2952 4453; x_wconf 86' lang='lat' dir='ltr'><strong>lit.</strong></span> <span class='ocrx_word' id='word_1_420' title='bbox 2991 4404 3040 4451; x_wconf 92' lang='lat' dir='ltr'>V</span> 
     </span>
    </p>

    <p class='ocr_par' dir='ltr' id='par_1_9' title="bbox 516 4484 3246 4642">
     <span class='ocr_line' id='line_1_36' title="bbox 516 4484 3246 4559; baseline 0.002 -24"><span class='ocrx_word' id='word_1_421' title='bbox 516 4484 617 4552; x_wconf 77' lang='grc' dir='ltr'>εἴη]</span> <span class='ocrx_word' id='word_1_422' title='bbox 656 4503 688 4552; x_wconf 89' lang='grc' dir='ltr'>η</span> <span class='ocrx_word' id='word_1_423' title='bbox 729 4484 848 4537; x_wconf 78' lang='lat' dir='ltr'>add.</span> <span class='ocrx_word' id='word_1_424' title='bbox 893 4501 937 4535; x_wconf 85' lang='lat' dir='ltr'>v.</span> <span class='ocrx_word' id='word_1_425' title='bbox 966 4500 1009 4537; x_wconf 85' lang='lat' dir='ltr'>e.</span> <span class='ocrx_word' id='word_1_426' title='bbox 1040 4490 1085 4537; x_wconf 90' lang='lat' dir='ltr'>V</span> <span class='ocrx_word' id='word_1_427' title='bbox 1301 4485 1363 4537; x_wconf 83' lang='lat'>17</span> <span class='ocrx_word' id='word_1_428' title='bbox 1420 4490 1511 4555; x_wconf 78' lang='grc' dir='ltr'>τῆς</span> <span class='ocrx_word' id='word_1_429' title='bbox 1560 4486 1743 4557; x_wconf 85' lang='grc' dir='ltr'>ἀρετῆς</span> <span class='ocrx_word' id='word_1_430' title='bbox 1780 4488 1898 4540; x_wconf 81' lang='lat' dir='ltr'><strong>coll.</strong></span> <span class='ocrx_word' id='word_1_431' title='bbox 1937 4494 2056 4556; x_wconf 82' lang='lat' dir='ltr'><strong>post</strong></span> <span class='ocrx_word' id='word_1_432' title='bbox 2093 4484 2480 4559; x_wconf 77' lang='grc' dir='ltr'>κατηγορεῖσθαι</span> <span class='ocrx_word' id='word_1_433' title='bbox 2516 4491 2597 4540; x_wconf 78' lang='lat' dir='ltr'>Ba</span> <span class='ocrx_word' id='word_1_434' title='bbox 2634 4490 2724 4555; x_wconf 90' lang='lat' dir='ltr'>Sp.</span> <span class='ocrx_word' id='word_1_435' title='bbox 2945 4487 3008 4539; x_wconf 88' lang='grc'>19</span> <span class='ocrx_word' id='word_1_436' title='bbox 3065 4485 3167 4558; x_wconf 77' lang='grc' dir='ltr'>εἴη]</span> <span class='ocrx_word' id='word_1_437' title='bbox 3211 4506 3246 4559; x_wconf 83' lang='grc' dir='ltr'>η</span> 
     </span>
     <span class='ocr_line' id='line_1_37' title="bbox 517 4570 3111 4642; baseline 0.001 -18"><span class='ocrx_word' id='word_1_438' title='bbox 517 4570 635 4624; x_wconf 86' lang='lat' dir='ltr'><strong>add.</strong></span> <span class='ocrx_word' id='word_1_439' title='bbox 674 4587 721 4622; x_wconf 83' lang='lat' dir='ltr'>v.</span> <span class='ocrx_word' id='word_1_440' title='bbox 760 4588 805 4624; x_wconf 85' lang='lat' dir='ltr'>c.</span> <span class='ocrx_word' id='word_1_441' title='bbox 846 4576 893 4624; x_wconf 91' lang='lat' dir='ltr'>V</span> <span class='ocrx_word' id='word_1_442' title='bbox 1106 4572 1271 4642; x_wconf 83' lang='grc' dir='ltr'>ἐκείνη</span> <span class='ocrx_word' id='word_1_443' title='bbox 1311 4590 1343 4623; x_wconf 85' lang='lat' dir='ltr'><strong>a</strong></span> <span class='ocrx_word' id='word_1_444' title='bbox 1559 4572 1627 4625; x_wconf 90' lang='grc'>20</span> <span class='ocrx_word' id='word_1_445' title='bbox 1663 4574 1721 4626; x_wconf 74' lang='grc' dir='ltr'>οὐ</span> <span class='ocrx_word' id='word_1_446' title='bbox 1759 4576 1970 4641; x_wconf 85' lang='lat' dir='ltr'><strong>punctis</strong></span> <span class='ocrx_word' id='word_1_447' title='bbox 2008 4580 2157 4627; x_wconf 75' lang='lat' dir='ltr'><strong>notat</strong></span> <span class='ocrx_word' id='word_1_448' title='bbox 2193 4578 2264 4627; x_wconf 80' lang='lat' dir='ltr'>B:</span> <span class='ocrx_word' id='word_1_449' title='bbox 2305 4590 2404 4627; x_wconf 85' lang='lat' dir='ltr'>om.</span> <span class='ocrx_word' id='word_1_450' title='bbox 2443 4593 2476 4627; x_wconf 77' lang='lat' dir='ltr'><strong>a</strong></span> <span class='ocrx_word' id='word_1_451' title='bbox 2690 4574 2748 4627; x_wconf 78' lang='lat'>21</span> <span class='ocrx_word' id='word_1_452' title='bbox 2794 4573 2984 4627; x_wconf 75' lang='grc' dir='ltr'>τελείαν</span> <span class='ocrx_word' id='word_1_453' title='bbox 3022 4577 3111 4639; x_wconf 87' lang='lat' dir='ltr'>Sp.</span> 
     </span>
    </p>

    <p class='ocr_par' dir='ltr' id='par_1_10' title="bbox 516 4658 3250 4905">
     <span class='ocr_line' id='line_1_38' title="bbox 517 4658 3250 4733; baseline 0.001 -24"><span class='ocrx_word' id='word_1_454' title='bbox 517 4658 585 4709; x_wconf 87' lang='grc'>22</span> <span class='ocrx_word' id='word_1_455' title='bbox 623 4676 671 4710; x_wconf 92' lang='grc' dir='ltr'>τι</span> <span class='ocrx_word' id='word_1_456' title='bbox 706 4676 739 4710; x_wconf 75' lang='grc' dir='ltr'>ε</span> <span class='ocrx_word' id='word_1_457' title='bbox 763 4659 880 4725; x_wconf 82' lang='lat' dir='ltr'><strong>Sp.:</strong></span> <span class='ocrx_word' id='word_1_458' title='bbox 916 4674 995 4711; x_wconf 86' lang='grc' dir='ltr'>τισ</span> <span class='ocrx_word' id='word_1_459' title='bbox 1032 4659 1073 4726; x_wconf 89' lang='grc' dir='ltr'>(ι</span> <span class='ocrx_word' id='word_1_460' title='bbox 1109 4662 1163 4712; x_wconf 82' lang='lat' dir='ltr'>in</span> <span class='ocrx_word' id='word_1_461' title='bbox 1202 4660 1303 4726; x_wconf 85' lang='lat' dir='ltr'>lit.)</span> <span class='ocrx_word' id='word_1_462' title='bbox 1334 4662 1381 4710; x_wconf 89' lang='lat' dir='ltr'>V</span> <span class='ocrx_word' id='word_1_463' title='bbox 1563 4660 1645 4713; x_wconf 80' lang='lat'>25.</span> <span class='ocrx_word' id='word_1_464' title='bbox 1674 4660 1741 4713; x_wconf 86' lang='grc'>26</span> <span class='ocrx_word' id='word_1_465' title='bbox 1780 4659 2248 4733; x_wconf 80' lang='grc' dir='ltr'>ὅτι-πράττουσιν</span> <span class='ocrx_word' id='word_1_466' title='bbox 2284 4662 2403 4716; x_wconf 81' lang='lat' dir='ltr'><strong>add.</strong></span> <span class='ocrx_word' id='word_1_467' title='bbox 2431 4666 2512 4715; x_wconf 77' lang='lat' dir='ltr'>Ba</span> <span class='ocrx_word' id='word_1_468' title='bbox 2539 4666 2629 4730; x_wconf 91' lang='lat' dir='ltr'>Sp.</span> <span class='ocrx_word' id='word_1_469' title='bbox 2809 4661 2874 4713; x_wconf 78' lang='lat'>27</span> <span class='ocrx_word' id='word_1_470' title='bbox 2915 4661 3250 4732; x_wconf 80' lang='grc' dir='ltr'>ἀνασκησίαν]</span> 
     </span>
     <span class='ocr_line' id='line_1_39' title="bbox 516 4744 3178 4819; baseline 0.002 -22"><span class='ocrx_word' id='word_1_471' title='bbox 516 4744 839 4815; x_wconf 80' lang='grc' dir='ltr'>ἀναισθησίαν</span> <span class='ocrx_word' id='word_1_472' title='bbox 872 4748 1005 4799; x_wconf 79' lang='lat' dir='ltr'><strong>vict.</strong></span> <span class='ocrx_word' id='word_1_473' title='bbox 1040 4749 1127 4813; x_wconf 88' lang='lat' dir='ltr'>Sp.</span> <span class='ocrx_word' id='word_1_474' title='bbox 1344 4748 1410 4800; x_wconf 76' lang='lat'>28</span> <span class='ocrx_word' id='word_1_475' title='bbox 1447 4746 1630 4805; x_wconf 69' lang='grc' dir='ltr'>αὐτοὺς</span> <span class='ocrx_word' id='word_1_476' title='bbox 1666 4750 1754 4815; x_wconf 87' lang='lat' dir='ltr'>Sp.</span> <span class='ocrx_word' id='word_1_477' title='bbox 1970 4750 2040 4801; x_wconf 89' lang='lat'>30</span> <span class='ocrx_word' id='word_1_478' title='bbox 2075 4750 2427 4804; x_wconf 81' lang='grc' dir='ltr'>ἐπικαλοῦνται</span> <span class='ocrx_word' id='word_1_479' title='bbox 2463 4752 2568 4805; x_wconf 76' lang='lat' dir='ltr'>B²a</span> <span class='ocrx_word' id='word_1_480' title='bbox 2605 4754 2720 4819; x_wconf 88' lang='lat' dir='ltr'>Sp.:</span> <span class='ocrx_word' id='word_1_481' title='bbox 2768 4748 3091 4803; x_wconf 81' lang='grc' dir='ltr'>ἐπικαλοῦσιν</span> <span class='ocrx_word' id='word_1_482' title='bbox 3130 4754 3178 4801; x_wconf 91' lang='lat' dir='ltr'>V</span> 
     </span>
     <span class='ocr_line' id='line_1_40' title="bbox 516 4830 786 4905; baseline 0.004 -22"><span class='ocrx_word' id='word_1_483' title='bbox 516 4830 717 4905; x_wconf 79' lang='grc' dir='ltr'>ἔχονται</span> <span class='ocrx_word' id='word_1_484' title='bbox 754 4849 786 4884; x_wconf 78' lang='lat' dir='ltr'><strong>a</strong></span> 
     </span>
    </p>
   </div>
  </div>
 </body>
</html>
