3684 5567
1309 301 1575 359 ΗΘΙΚΩΝ
1614 302 2146 361 ΠΡΟΒΛΗΜΑἹῺΝ
2189 306 2392 359 11-13
3089 306 3208 370 133

601 481 926 565 πάσχοντες
970 479 1042 542 τὰ
1086 480 1247 564 βίαιά
1292 480 1452 555 εἰσιν,
1498 479 1579 541 ῶν
1625 476 1845 548 ἔξωθέν
1891 480 2043 543 ἐστιν
2087 482 2126 562 ἢ
2175 480 2335 564 ἀρχὴ
2381 479 2746 563 ἣποιητική,
2795 478 2973 563 μηδὲν
3020 478 3100 547 εἰς
3127 494 3184 536 20

602 584 668 645 τὸ
734 582 1028 665 γινόμενον
1095 586 1196 645 τοῦ
1266 585 1593 667 πάσχοντος
1646 582 2124 667 συμβαλλομένου
2191 605 2252 645 τε
2309 583 2404 645 καὶ
2459 584 2948 666 συμπράττοντος,
3017 586 3096 651 ὡς

602 682 810 754 ἔδειξεν
856 688 1151 767 γινόμενον
1198 685 1294 748 ἐπὶ
1340 689 1455 747 τῶν
1500 686 1814 760 πλεόντων,
1869 685 2004 748 ὅταν
2053 687 2164 749 ὑπὸ
2209 684 2534 767 πνεύματός
2564 708 2712 753 τινος
2743 684 3098 759 ἐξωσθῶσιν,

605 788 699 850 καὶ
746 788 858 851 ὑπὸ
906 794 1021 851 τῶν
1076 788 1291 873 κυρίων
1338 786 1515 851 ὄντων
1570 790 1666 851 καὶ
1712 789 1968 869 ἀγόντων
2015 788 2147 857 τοὺς
2193 787 2566 872 ἡττημένους,
2623 788 2743 871 ὅπῃ
2791 786 2856 849 ἂν
2904 787 3100 856 αὐτοῖς
3127 805 3181 846 25

524 910 556 957 5
595 891 762 973 δοκῇ.
854 891 960 955 οὐκ
1014 890 1190 960 εἴτις
1248 892 1312 954 δὲ
1368 890 1707 975 βιαζόμενος
1760 890 1872 955 ὑπό
1924 914 2076 959 τινος
2129 890 2356 972 κινήσαι
2405 888 2413 975 Ι
2463 913 2515 952 τι
2567 894 2680 953 τῶν
2737 890 3052 974 ὀργανικῶν
3099 902 3202 957 255

598 994 811 1078 μορίων
866 994 1085 1078 κίνησίν
1129 1017 1281 1066 τινα,
1336 995 1373 1077 ἢ
1422 997 1687 1057 συντελεῖ
1741 995 1884 1076 πρὸς
1938 996 2002 1058 τὸ
2048 994 2343 1076 γινόμενον
2389 994 2514 1078 βίᾳ,
2574 992 2738 1060 οὗτος
2790 991 2905 1076 ἤδη
2954 1014 3096 1077 συμ-

594 1098 865 1181 βάλλοιτο
896 1097 964 1161 ἂν
1011 1096 1075 1181 [ἡ
1122 1095 1251 1181 τοῦ]
1299 1098 1441 1181 πρὸς
1485 1098 1549 1159 τὸ
1578 1096 1874 1179 γινόμενον
1921 1098 2016 1181 βίᾳ
2058 1095 2156 1178 (οὐ
2201 1096 2310 1180 γὰρ
2355 1096 2406 1159 εἰ
2453 1097 2752 1166 ἀπωσθεὶς
2797 1094 2910 1159 ὑπό
2948 1120 3094 1167 τινος

592 1202 831 1285 κινήσας
880 1200 953 1263 τὰ
998 1200 1176 1284 σκέλη
1236 1200 1483 1281 ἐμπέσοι
1525 1202 1628 1262 τινὶ
1676 1200 1715 1284 ἢ
1761 1200 2078 1284 καταβάλοι
2125 1223 2194 1277 τι,
2251 1198 2366 1282 ἤδη
2425 1198 2494 1261 ἂν
2541 1198 2761 1281 λέγοιτο
2808 1202 3094 1263 συντελεῖν
3148 1218 3176 1260 5

591 1303 732 1386 πρὸς
783 1303 849 1365 τὸ
906 1301 1251 1387 γινόμενον),
1314 1300 1434 1364 ἀλλ’
1500 1303 1552 1365 εἰ
1610 1303 1713 1384 μὲν
1770 1301 1921 1366 κατὰ
1973 1304 2076 1385 τὴν
2137 1302 2352 1365 οἰκείαν
2409 1303 2594 1386 ὁρμὴν
2656 1303 2750 1366 καὶ
2815 1301 3091 1386 πρόθεσιν

493 1426 553 1471 10
591 1406 827 1488 ποιήσαι
856 1409 1046 1481 τοῦτο,
1092 1403 1185 1487 εἴη
1235 1404 1303 1468 ἂν
1350 1409 1667 1468 συντελῶν·
1714 1406 1766 1467 εἰ
1810 1406 1875 1468 δὲ
1921 1406 2067 1469 κατὰ
2111 1406 2338 1489 συνήθη
2384 1407 2509 1469 τινὰ
2555 1407 2650 1469 καὶ
2695 1408 2947 1491 φυσικὴν
2994 1432 3089 1489 με-

592 1508 847 1592 ταφορὰν
899 1513 1016 1570 τῶν
1072 1511 1295 1572 σκελῶν
1350 1508 1642 1591 κινηθείη,
1707 1508 1930 1574 οὐκέτι.
1985 1506 2129 1592 ὅπερ
2179 1506 2338 1571 εἶπεν
2395 1510 2490 1571 καὶ
2538 1506 2945 1593 Ἀριστοτέλης
2999 1510 3094 1572 διὰ
3121 1528 3175 1569 ιο

593 1616 692 1674 τοῦ
738 1612 852 1675 καὶ
894 1610 1022 1695 γὰρ
1066 1612 1105 1693 ἡ
1152 1612 1335 1695 ἀρχὴ
1381 1615 1501 1673 τοῦ
1543 1615 1762 1673 κινεῖν
1808 1611 1888 1672 τὰ
1935 1610 2267 1695 ὀργανικὰ
2322 1611 2498 1696 μέρη
2545 1611 2614 1675 ἐν
2661 1616 2810 1681 ταῖς
2859 1615 3088 1678 τοιαύ-

587 1738 738 1784 ταις
789 1715 1123 1799 πράξεσιν
1178 1715 1245 1777 ἐν
1302 1713 1489 1798 αὐτῷ
1544 1715 1753 1777 ἐστιν.
1849 1716 1882 1777 ὁ
1934 1714 2042 1797 γὰρ
2098 1716 2166 1777 ἐκ
2219 1720 2321 1799 τῆς
2377 1717 2521 1783 νεὼς
2579 1714 2651 1777 τὰ
2703 1716 2912 1800 φορτία
2963 1722 3092 1787 ταῖς

592 1819 770 1881 αὑτοῦ
816 1819 1015 1903 χερσὶν
1062 1817 1363 1901 ἐκβάλλων
1408 1818 1491 1887 εἰς
1534 1818 1639 1901 τὴν
1686 1818 1988 1882 θάλασσαν
2034 1820 2134 1885 διὸ,
2171 1819 2268 1882 τὸν
2314 1819 2598 1891 κίνδυνον,
2657 1818 2771 1904 οὐχ
2816 1818 2904 1883 ὅτι
2947 1825 3095 1885 κινεῖ
3119 1839 3171 1881 15

486 1941 547 1989 15
586 1920 688 1990 τὰς
730 1925 935 2007 χεῖρας
985 1922 1136 1983 ἑκὼν
1184 1926 1366 1996 ποιεῖ,
1422 1918 1541 1984 ἀλλ’
1599 1920 1687 1984 ὅτι
1730 1921 2115 2005 προελόμενος
2169 1926 2338 1984 τοῦτο
2393 1926 2662 2005 ποιῆσαι,
2719 1924 2904 1993 οὕτως
2947 1924 3087 1989 αὐτὸ

586 2030 765 2099 ποιεῖ,
822 2023 1013 2086 οὐκέτι
1057 2021 1173 2108 <δὲ>
1216 2012 1283 2086 'ot
1340 2022 1411 2087 δι’
1468 2025 1682 2107 ἡδονῆς
1737 2046 1789 2086 τι
1846 2028 2140 2093 ποιοῦντες
2196 2025 2321 2109 βία,
2377 2024 2462 2087 ὅτι
2519 2024 2682 2088 αὐτοὶ
2737 2030 2995 2091 ποιοῦσιν
3049 2029 3088 2091 ἃ

586 2132 843 2191 ποιοῦσιν
890 2127 983 2197 διὰ
1028 2128 1133 2210 τὴν
1173 2127 1409 2209 ἡδονήν,
1457 2126 1576 2189 ἀλλ’
1619 2128 1726 2191 οὐκ
1771 2125 1990 2197 ἔξωθεν
2037 2129 2102 2191 τὸ
2151 2132 2350 2189 ποιοῦν
2397 2126 2664 2212 ἔχουσιν·
2713 2131 2778 2192 τὸ
2823 2129 2932 2214 γὰρ
2975 2132 3086 2214 ἡδὺ

586 2235 663 2301 ὡς
708 2232 873 2299 τέλος
917 2232 1015 2293 καὶ
1061 2232 1278 2299 σκοπὸς
1324 2230 1527 2309 αἴτιον,
1572 2230 1692 2293 ἀλλ’
1749 2231 1864 2316 οὐχ
1909 2234 1991 2301 ὡς
2034 2231 2099 2293 τὸ
2144 2234 2364 2293 ποιοῦν.
3114 2252 3169 2293 2⁰

581 2507 751 2571 XIII.
848 2507 1013 2593 Περὶ
1059 2509 1339 2591 ἡδονῆς.

474 2717 540 2765 20
732 2695 852 2763 Ὅτι
896 2698 1077 2761 οἰκεία
1122 2700 1159 2780 ἡ
1206 2698 1388 2780 ἡδονὴ
1434 2700 1509 2779 τῇ
1556 2696 1831 2780 ἐνεργείᾳ,
1879 2694 1972 2781 ἐφ’
2026 2691 2072 2781 ἦ
2120 2698 2349 2778 γίνεται,
2397 2698 2492 2761 καὶ
2540 2696 2646 2760 οὐκ
2691 2695 2842 2761 ἔστιν
2889 2702 2926 2783 ἡ
2975 2700 3079 2781 μὲν

580 2802 760 2885 ἡδονὴ
809 2802 1082 2883 ὁμοειδὴς
1120 2804 1301 2877 πᾶσα,
1351 2796 1359 2885 Ι
1406 2800 1553 2863 κατὰ
1598 2800 1696 2863 τὸν
1729 2800 1979 2883 ἀριθμὸν
2028 2799 2201 2882 μόνον
2247 2799 2397 2882 ἄλλη
2430 2800 2613 2884 ἄλλης
2660 2802 3036 2886 διαφέρουσα,
3082 2810 3186 2866 256

582 2905 653 2967 τὰ
698 2905 763 2967 δὲ
808 2904 1079 2988 ποιητικὰ
1115 2908 1232 2965 τῶν
1276 2905 1501 2987 ἡδονῶν
1550 2901 1827 2987 διαφέρει,
1875 2900 1995 2965 ἀλλ’
2035 2903 2178 2965 εἰσὶν
2226 2904 2320 2965 καὶ
2366 2904 2425 2965 αἱ
2476 2904 2676 2985 ἡδοναὶ
2724 2904 2940 2986 ὁμοίως
2987 2908 3083 2968 ἁλ-

576 3010 771 3091 λήλων
819 3006 1220 3091 διαφέρουσαι,
1277 3007 1478 3090 ὥσπερ
1524 3006 1622 3069 καὶ
1667 3005 1737 3067 τὰ
1782 3006 2054 3089 ποιητικὰ
2099 3006 2320 3081 αὐτῶν,
2375 3006 2628 3089 ἐναργῶς
2675 3004 2884 3075 ἔδειξεν
2923 3006 3075 3091 Ἀρι-

577 3110 851 3195 στοτέλης
905 3110 998 3173 διὰ
1052 3114 1154 3173 τοῦ
1209 3110 1387 3179 δεῖξαι
1449 3109 1552 3178 τὰς
1604 3110 1819 3178 οἰκείας
1875 3114 2000 3178 ταῖς
2053 3109 2364 3193 ἐνεργείαις
2423 3109 2638 3191 ἡδονὰς
2690 3110 3076 3180 συναυξοόσας
3129 3128 3156 3169 ὅ

469 3234 534 3282 25
570 3215 672 3283 τὰς
716 3214 1019 3296 ἐνεργείας,
1066 3212 1157 3297 ἐφ’
1200 3214 1292 3282 αἷς
1333 3213 1599 3297 γίνονται.
1670 3214 1711 3295 ἡ
1755 3214 1864 3295 γὰρ
1911 3212 2005 3275 ἐπὶ
2050 3218 2136 3297 τῷ
2183 3218 2532 3297 γεωμετρεῖν
2579 3214 2759 3296 ἡδονὴ
2809 3214 3074 3284 συναύξει

572 3318 674 3386 τὰς
703 3317 851 3381 κατὰ
889 3316 1243 3400 γεωμετρίαν
1284 3316 1587 3400 ἐνεργείας,
1628 3316 1724 3378 καὶ
1755 3314 1846 3399 (ἡ)
1877 3315 1971 3378 ἐπὶ
2004 3318 2092 3399 τῷ
2123 3316 2437 3412 κιθαρίζειν
2469 3316 2572 3384 τὰς
2600 3317 2748 3379 κατὰ
2779 3318 2884 3399 τὴν
2915 3318 3075 3380 κιθα-

576 3422 853 3505 ριστικήν,
902 3424 985 3489 ὥς
1013 3416 1261 3505 ἔχουσαι
1308 3422 1451 3504 πρὸς
1480 3418 1660 3487 αὐτὰς
1689 3418 2017 3500 οἰκειότητα
2060 3420 2154 3481 καὶ
2196 3418 2576 3504 διαφέρουσαι
2621 3420 2892 3501 ἀλλήλων
2924 3421 3072 3483 κατὰ
3103 3438 3157 3480 ιο

571 3522 753 3587 ταύτὰ
796 3528 921 3592 ταῖς
964 3521 1287 3607 ἐνεργείαις,
1342 3520 1438 3606 ἐφ’
1495 3522 1585 3589 αἷς
1627 3521 1890 3605 γίνονται.
1981 3521 2033 3583 εἰ
2075 3520 2185 3604 γὰρ
2229 3519 2381 3603 ἦσαν
2427 3523 2485 3584 αἱ
2533 3524 2734 3605 ἡδοναὶ
2781 3524 2838 3586 αἱ
2885 3523 3070 3599 αὐταί,

572 3628 677 3691 οὐκ
723 3627 791 3691 ἂν
838 3628 945 3711 ἥδε
992 3628 1095 3709 μὲν
1135 3626 1327 3701 τάσδε,
1375 3626 1483 3709 ἥδε
1528 3626 1592 3687 δὲ
1636 3626 1813 3688 τάσδε
1851 3625 1958 3713 τὰς
2003 3624 2286 3708 ἐνεργείας
2331 3624 2624 3709 συνηῦΕεν.
2696 3626 2783 3695 οἷς
2815 3626 2917 3706 μὲν
2963 3627 3072 3709 γὰρ

465 3750 533 3799 3ο
568 3731 859 3815 ἀθροίζειν
911 3732 1191 3815 χρήματα
1242 3728 1562 3813 πρόκειται,
1624 3725 1695 3791 δι’
1754 3729 1836 3791 ὧν
1893 3728 2193 3811 ἐνεργειῶν
2247 3731 2518 3812 ἡγοῦνται
2572 3730 2856 3793 δύνασθαι
2903 3730 3060 3793 τοῦτ’
3103 3748 3153 3790 15

566 3834 758 3903 αὐτοῖς
803 3831 1223 3916 περιγενέσθαι,
1266 3832 1475 3900 ταύτας
1521 3832 1867 3914 ἐνεργοῦσιν,
1916 3832 2012 3893 καὶ
2058 3828 2128 3893 δι’
2173 3833 2254 3894 ὧν
2301 3834 2520 3909 πλεῖον,
2570 3835 2809 3915 μᾶλλον,
2858 3835 2938 3903 ὡς
2985 3832 3071 3896 ὅν-

461 4110 492 4163 3
532 4108 734 4175 ἔδειξεν]
771 4108 835 4161 cf.
874 4108 907 4160 l.
934 4123 977 4160 c.
1010 4107 1221 4159 111023
1431 4105 1551 4175 ὑπὸ]
1590 4104 1617 4158 ὸ
1654 4108 1709 4159 in
1748 4106 1827 4158 lit.
1853 4110 1897 4157 V
2100 4106 2132 4157 4
2169 4104 2290 4174 ὑπὸ]
2333 4106 2412 4159 ἐπὶ
2449 4110 2536 4173 Sp.
2740 4108 2770 4159 6
2810 4106 2956 4165 οὗτος
2991 4126 3023 4161 a
3059 4112 3175 4176 Sp.:

462 4196 625 4257 οὕτως
660 4198 781 4251 libri
1004 4195 1035 4247 7
1084 4196 1117 4265 ἠ
1154 4200 1244 4248 τοῦ
1283 4210 1378 4247 om.
1424 4212 1455 4247 a
1489 4196 1603 4261 Sp.:
1662 4193 1734 4245 δι’
1770 4194 1928 4247 αὑτοῦ
1969 4194 2110 4246 Diels
2321 4194 2602 4263 καταβάλοι
2641 4195 2809 4248 Diels:
2867 4196 3176 4265 καταβάλλοι

460 4303 579 4356 libri
816 4300 849 4353 8
896 4300 1123 4370 κηνήσασ
1159 4304 1207 4351 V
1444 4299 1507 4350 10
1561 4298 1762 4368 ποιήσαι
1806 4298 1970 4350 Diels:
2029 4299 2223 4368 ποιήσει
2258 4317 2291 4350 a
2326 4302 2439 4365 Sp.:
2496 4300 2678 4370 ποιήσῃ
2719 4306 2767 4353 V
2980 4290 3174 4372 συνήθη

460 4391 535 4443 sic
573 4394 619 4440 V
828 4389 885 4441 ll
928 4388 1083 4452 εἶπεν]
1123 4387 1236 4439 Nic.
1276 4386 1503 4449 Eth.111‚
1538 4388 1579 4439 l.
1614 4386 1860 4438 1110215
2066 4386 2126 4438 14
2164 4387 2311 4451 κινεῖ]
2350 4404 2365 4437 ι
2401 4387 2458 4438 in
2496 4384 2573 4438 lit.
2615 4392 2660 4437 V
2867 4388 2928 4438 16
2966 4388 3018 4440 δὲ
3055 4390 3172 4441 add.

461 4476 621 4530 B²S²a
645 4480 736 4544 Sp.
905 4470 973 4527 δι’
1005 4474 1211 4545 ἡδονῆς]
1248 4473 1326 4527 διὰ
1362 4474 1547 4544 ἡδονὴν
1586 4492 1617 4525 a
1645 4476 1730 4538 Sp.
1903 4474 1965 4526 19
2004 4474 2211 4526 titulum
2256 4490 2317 4526 ea
2352 4474 2516 4526 forma
2553 4490 2656 4542 qua
2692 4480 2864 4527 exstat
2901 4478 2956 4527 in
2993 4478 3173 4529 tabula

460 4566 679 4617 reddunt
713 4564 785 4618 Β2
822 4564 961 4616 vict.
999 4566 1087 4630 Sp.
1184 4555 1193 4565 ’
1280 4562 1341 4613 21
1384 4564 1484 4615 κτὰ
1522 4564 1597 4614 sie
1634 4566 1681 4613 V
1877 4562 1944 4614 23
1982 4560 2187 4631 ἔδειξεν]
2229 4563 2341 4614 Eth.
2379 4563 2491 4615 Nic.
2529 4563 2600 4627 X,
2626 4561 2674 4614 5.
2721 4562 2970 4615 1175220
2990 4579 3100 4631 sqq.

460 4652 525 4705 24
570 4648 655 4720 ἐφ’
694 4652 769 4710 αῖς
805 4651 1021 4722 γίνονται
1057 4650 1175 4702 add.
1214 4654 1335 4703 ante
1380 4650 1563 4719 ἡδονὰς
1598 4654 1714 4703 FSa
1750 4654 1837 4717 Sp.
2019 4649 2382 4718 συναυξομένας
2418 4651 2522 4701 FS¹
2703 4650 2768 4702 25
2806 4651 2896 4708 τὰς
2933 4650 3172 4719 ἐνεργείας

458 4740 620 4793 S²B²a
654 4742 769 4809 Sp.:
825 4747 933 4797 ταῖς
969 4739 1230 4809 ἐνεργείαις
1265 4738 1387 4790 vss¹
1605 4738 1671 4791 26
1722 4738 1753 4807 ἡ
1794 4739 1974 4791 addidi
2189 4739 2277 4795 τὰς
2301 4767 2364 4774 —·
2389 4737 2497 4802 (28)
2535 4738 2751 4806 γίνονται
2788 4753 2886 4790 orn.
2925 4738 3029 4791 8¹1⁴*

460 4828 525 4880 28
560 4826 718 4881 ταύτὰ
754 4830 797 4881 Β
836 4828 973 4880 vict.
1011 4830 1130 4896 δρα
1180 4824 1357 4879 τάῦτὰ
1396 4829 1459 4876 V:
1504 4830 1665 4879 ταῦτα
1701 4830 1817 4879 SFa
2011 4824 2292 4896 ἐνεργείαις]
2348 4824 2546 4897 ἡδοναῖς
2587 4826 2718 4877 vict.
2935 4826 2996 4878 31
3039 4844 3170 4899 περι-

458 4912 673 4985 γίνεσθαι
709 4934 741 4968 a
778 4918 866 4983 Sp.
