3684 5567
1424 295 1705 352 BIBAION
1743 293 2106 352 ΔΕΥΤΕΡΟΝ
2159 299 2180 349 1
3083 296 3165 357 45

578 472 651 556 ιβ.
730 468 852 535 Ὅτι
886 469 953 533 οὐ
986 470 1269 533 δείκνυται
1315 470 1409 533 διὰ
1440 474 1541 532 τοῦ
1574 469 1994 532 συστέλλεσθαι
2039 468 2110 532 τὰ
2158 472 2402 550 σώματα
2447 466 2529 534 εἰς
2561 465 2739 528 ἑαυτὰ
2783 466 2848 526 τὸ
2881 468 3058 546 σῶμα

844 577 1062 659 χωρεῖν
1106 573 1203 635 διὰ
1246 575 1539 653 σώματος.

578 700 648 759 ιγ.
743 676 895 763 Πρὸς
938 676 1073 744 τοὺς
1116 674 1184 736 ἐκ
1230 680 1345 737 τῶν
1392 677 1687 757 τριγώνων
1732 673 1804 736 τὰ
1851 674 2130 758 σχήματα
2176 674 2271 736 καὶ
2315 672 2387 735 τὰ
2431 670 2559 754 εἴδη
2607 674 2721 733 τῶν
2768 669 3059 750 σωμάτων
3113 684 3141 725 5

844 777 1188 859 συγκεῖσθαι
1233 776 1520 858 λέγοντας,
1569 776 1636 838 οὐ
1682 776 1753 838 τὰ
1801 779 2066 858 σώματα.

480 901 510 948 5
590 882 661 943 ιδ.
753 878 827 944 Εἰ
869 881 941 943 τὰ
985 880 1147 944 κοινὰ
1192 881 1455 963 νοήματα
1500 878 1568 942 οὐ
1614 883 1814 961 σῶμα,
1863 877 1986 941 οὐδ’
2043 877 2110 941 ἂν
2157 879 2221 942 τὸ
2269 879 2459 941 κοινὸν
2505 880 2699 957 σῶμα,
2746 880 2918 957 σῶμα
2965 873 3059 958 εἴη

842 980 984 1046 ὥστ’
1040 980 1163 1044 οὐδ’
1220 981 1461 1065 ὁρισμὸς
1504 981 1683 1043 αὐτοῦ
1728 983 2002 1061 σώματος
2049 980 2287 1064 ὁρισμὸς
2331 978 2508 1044 ἔσται.
3089 992 3142 1033 1⁰

587 1110 655 1151 ιε.
750 1086 887 1153 Πῶς
930 1083 1175 1167 λέγομεν
1220 1084 1323 1165 τὴν
1369 1081 1551 1166 αὐτὴν
1596 1082 1833 1163 δύναμιν
1881 1083 2003 1165 ἅμα
2048 1088 2162 1145 τῶν
2209 1082 2480 1145 ἐναντίων
2523 1082 2688 1144 εἶναι.

576 1211 647 1257 ις.
743 1186 877 1255 Πῶς
922 1186 1035 1271 οὐχ
1082 1186 1301 1267 ὁμοίως
1350 1188 1477 1253 ταῖς
1532 1189 1943 1269 στοχαστικαῖς
1995 1184 2222 1269 τέχναις
2279 1186 2372 1247 καὶ
2428 1183 2599 1247 ἄλλαι
2653 1185 2852 1267 τέχναι
2896 1183 3057 1251 τέλος
3089 1199 3141 1240 15

844 1288 1035 1359 ἕξουσι
1090 1289 1155 1351 τὸ
1202 1288 1389 1350 πάντα
1443 1287 1508 1349 τὸ
1566 1285 1701 1369 παρ’
1757 1286 1936 1355 αὐτὰς
1991 1293 2174 1349 ποιεῖν
2229 1288 2374 1371 πρὸς
2418 1288 2482 1349 τὸ
2530 1291 2628 1349 τοῦ
2677 1285 3056 1369 προκειμένου

442 1412 506 1459 10
844 1391 1166 1475 τυγχάνειν.

574 1499 645 1566 ιζ.
723 1490 847 1557 Ὅτι
893 1492 1017 1565 οῦκ,
1064 1494 1117 1555 εἰ
1162 1490 1313 1555 ἔστιν
1359 1496 1460 1554 τοῦ
1508 1494 1590 1560 ὡς
1636 1492 2079 1575 ὑπεκκαύματος
2124 1493 2304 1573 πυρὸς
2349 1492 2381 1553 ὃ
2429 1493 2522 1554 καὶ
2570 1491 2858 1575 στοιχεῖόν
2904 1489 3056 1552 ἐστιν

841 1595 901 1678 [ὃ
946 1594 1072 1676 καὶ]
1120 1591 1469 1678 θερμότερόν
1516 1618 1567 1655 τι
1614 1592 1759 1656 ἄλλο
1801 1597 1936 1677 πῦρ,
1983 1594 2078 1657 διὰ
2121 1595 2333 1677 ταύτην
2381 1596 2482 1677 τὴν
2529 1594 2711 1656 αἰτίαν
2761 1592 2909 1674 μίξει
2953 1594 3056 1654 τοῦ
3084 1608 3138 1648 20

842 1696 1100 1761 ἐναντίου
1146 1699 1402 1759 τοιοῦτον
1450 1696 1637 1758 ἐκεῖνο
1682 1694 1850 1758 εἶναι.

575 1824 653 1883 ιη.
744 1799 887 1884 Περὶ
932 1804 1033 1862 τοῦ
1080 1799 1185 1881 τὴν
1231 1798 1401 1881 φύσιν
1448 1798 1641 1881 ἀρχὴν
1688 1800 1973 1881 κινήσεως
2019 1795 2184 1859 εἶναι.

440 1922 504 1972 15
566 1904 645 1966 ιθ.
721 1898 844 1967 Ὅτι
890 1903 943 1965 εἰ
989 1902 1021 1964 ὃ
1066 1900 1285 1983 κόσμος
1329 1901 1528 1974 ἀίδιος,
1582 1902 1647 1962 τὸ
1694 1900 1758 1963 δὲ
1804 1898 2017 1983 κόσμῳ
2064 1898 2210 1962 εἶναι
2254 1900 2414 1983 αὐτῷ
2463 1902 2500 1983 ἡ
2549 1901 2702 1970 τάξις
2749 1901 2921 1977 ἐστίν,
2965 1898 3057 1983 εἴη

845 2004 913 2067 ἂν
959 2006 1019 2067 ἐν
1064 2010 1139 2088 τῇ
1188 2004 1375 2086 οἰκείᾳ
1418 2003 1587 2085 οὐσία
1636 2002 1814 2065 αὐτοῦ
1863 2004 1956 2065 καὶ
2003 2006 2194 2065 τοῦτο.
2371 2028 2378 2035 ·
3087 2018 3141 2059 εει

594 2132 648 2172 κ.
738 2107 878 2176 Πῶς
922 2107 987 2169 τὸ
1036 2106 1396 2191 μεταβάλλον
1441 2104 1526 2174 εἴς
1570 2128 1621 2167 τι
1668 2104 1801 2168 καθ’
1863 2105 1934 2187 ἣν
1981 2102 2107 2189 ἔχει
2160 2102 2414 2189 δόναξμιν
2459 2110 2626 2188 τηρεῖ
2666 2106 2768 2189 τὴν
2815 2107 3052 2189 δύναμιν
3130 2113 3162 2169 6

834 2200 937 2273 Δκαὶ
984 2209 1131 2292 μετὰ
1175 2210 1239 2271 τὸ
1289 2209 1665 2292 μεταβάλλειν
1712 2208 1795 2275 εἰς
1840 2207 1872 2270 ὃ
1921 2207 2290 2291 μετέβαλλεν.

551 2340 645 2380 κα.
722 2310 846 2377 Ὅτι
896 2313 979 2395 μὴ
1026 2310 1174 2373 κατὰ
1219 2312 1594 2395 συμβεβηκὸς
1638 2313 1676 2393 ἡ
1724 2310 1965 2393 πρόνοια
2013 2311 2159 2373 κατὰ
2199 2309 2593 2396 Ἀριστοτέλη.

436 2440 505 2486 20
562 2420 654 2503 κβ.
738 2414 1041 2499 ἘΕήγησις
1085 2414 1296 2483 λέξεως
1340 2414 1409 2477 ἐκ
1452 2418 1553 2477 τοῦ
1600 2414 1880 2498 δευτέρου
1929 2413 2070 2497 Περὶ
2115 2413 2396 2495 γενέσεως
2450 2416 2544 2477 καὶ
2597 2415 2824 2498 φθορᾶς
2867 2416 3062 2483 ἄλλως
3113 2433 3142 2473 5

842 2516 1068 2603 ἔχουσα
1114 2515 1271 2599 παρὰ
1318 2517 1421 2598 τὴν
1468 2516 1528 2579 ἐν
1574 2521 1663 2599 τῷ
1708 2518 1790 2585 εἰς
1836 2516 1979 2579 αὐτὸ
2029 2517 2421 2600 ὑπομνήματι.

564 2648 651 2705 κγ.
744 2621 886 2706 Περὶ
930 2625 1033 2703 τῆς
1092 2620 1401 2702 ἡρακλείας
1445 2620 1636 2682 λίθου.

560 2728 647 2790 κδ.
740 2724 967 2793 Λέξεως
1012 2722 1284 2806 ἐξήγησις
1315 2722 1381 2784 ἐκ
1424 2725 1527 2785 τοῦ
1562 2722 1835 2807 δευτέρου
1873 2722 2012 2806 Περὶ
2059 2728 2254 2808 ψυχῆς
2301 2720 2426 2805 μετ’
2463 2722 2648 2805 ὀλίγον
2694 2728 2799 2806 τῆς
2845 2724 3051 2809 ἀρχῆς.
3087 2739 3138 2780 ιο

563 2852 645 2891 κε.
726 2824 947 2908 Ἀλλης
992 2823 1204 2893 λέξεως
1248 2824 1315 2887 ἐκ
1362 2828 1463 2887 τοῦ
1510 2824 1687 2887 αὐτοῦ
1735 2824 2024 2909 ἐξήγησις.

434 2950 503 2999 25
556 2953 645 3000 κς.
734 2926 948 3011 <Ἀλλη
996 2927 1063 2990 ἐκ
1107 2930 1209 2989 τοῦ
1256 2926 1431 2990 αὐτοῦ
1479 2926 1646 2995 λέξις.

557 3038 646 3105 κζ.
724 3028 915 3115 Ἀλλη
961 3031 1029 3093 ἐκ
1070 3034 1174 3092 τοῦ
1220 3029 1398 3092 αὐτοῦ
1443 3028 1639 3111 λέξις.)

540 3158 636 3217 κη.
710 3130 836 3197 Ὅτι
882 3133 963 3215 μὴ
1012 3134 1051 3215 ἡ
1099 3132 1209 3215 ῦλη
1253 3131 1434 3213 γένος.

542 3353 593 3418 Ι.
668 3350 808 3417 Ὅτι
851 3352 1098 3416 ἕπεται
1129 3356 1274 3421 τοῖς
1304 3353 1418 3416 καὶ
1464 3352 1536 3415 τὸ
1584 3350 1883 3435 μέγεθος
1927 3354 2038 3416 καὶ
2071 3353 2186 3416 τὸν
2217 3353 2472 3438 χρόνον
2517 3353 2585 3423 ἐξ
2631 3356 3046 3436 ἀδιαιρέτων
3089 3362 3161 3419 84

544 3456 939 3520 συντιθεῖσι
986 3456 1061 3519 τὸ
1106 3456 1327 3519 πάντα
1378 3454 1457 3517 τὰ
1510 3454 1892 3538 κινούμενα
1944 3454 2118 3518 κατὰ
2169 3460 2289 3518 τοῦ
2344 3456 2648 3540 ἀμεροῦς
2703 3458 3058 3544 ἰσοταχῶς
3112 3476 3142 3519 ο

436 3578 507 3627 30
1617 3555 1992 3620 κινεῖσθαι.

700 3708 947 3775 Ἔπεται
994 3714 1080 3794 τῷ
1130 3710 1225 3771 καὶ
1271 3710 1335 3771 τὸ
1384 3708 1633 3792 μέγεθος
1676 3711 1769 3773 καὶ
1816 3711 1914 3772 τὸν
1958 3710 2170 3794 χρόνον
2225 3709 2286 3778 ἐξ
2332 3710 2669 3793 ἀδιαιρέτων
2718 3715 3060 3795 συγκεῖσθαι
3089 3732 3144 3773 ιο

545 3814 729 3896 λέγειν
782 3816 847 3876 τὸ
894 3814 1079 3875 πάντα
1132 3813 1203 3874 τὰ
1257 3812 1568 3894 κινούμενα
1621 3813 1768 3876 κατὰ
1823 3817 1925 3874 τοῦ
1981 3814 2234 3895 ἀμεροῦς
2291 3814 2584 3897 ἰσοταχῶς
2637 3816 2945 3879 κινεῖσθαι·
3007 3819 3061 3881 εἰ

709 3944 1140 3952 ῳ--ψ--ῌ
1171 3944 1245 3951 -ψ

441 4019 462 4069 1
507 4013 573 4071 δι’
614 4017 767 4069 αὑτοῦ
806 4034 837 4068 a
1040 4016 1071 4068 2
1110 4016 1189 4068 διὰ
1227 4014 1463 4082 σώματος
1500 4022 1685 4085 χωρεῖν
1724 4016 1807 4068 tit.
2010 4016 2042 4068 3
2079 4018 2198 4074 τοὺς
2237 4016 2598 4076 Πλατωνικοὺς
2634 4022 2753 4077 τοὺς
2789 4021 2848 4072 ἐκ
2887 4022 2967 4073 tit.

437 4104 488 4158 5.
526 4104 557 4156 6
606 4103 665 4157 οὐ
692 4134 756 4141 -
781 4103 939 4172 ἔσται]
977 4104 1043 4155 τὰ
1079 4102 1140 4171 δὴ
1178 4102 1407 4171 νοήματα
1452 4102 1511 4154 οἰ)
1549 4102 1761 4169 σώματα
1799 4102 1916 4154 οὐδ’
1954 4102 2014 4154 ἂν
2051 4102 2109 4155 τὸ
2147 4104 2316 4155 κοινὸν
2355 4106 2432 4174 εἴη
2472 4112 2636 4173 σῶμα,
2685 4107 2851 4180 νόημά
2887 4126 2940 4159 τε
2979 4106 3034 4159 ὃν
3073 4114 3164 4161 τοῦ

436 4196 607 4243 κοινοῦ
634 4190 642 4259 Ι
674 4190 910 4259 σώματος
946 4186 1049 4242 οὐδ’
1083 4190 1283 4259 ὁρισμὸς
1322 4190 1417 4242 οὒκ
1456 4190 1559 4242 ἔστι
1596 4191 1834 4257 σώματος
1871 4189 2074 4261 ὁρισμός
2113 4192 2193 4243 tit.
2221 4209 2253 4242 a
2278 4190 2366 4258 Sp.
2545 4194 2578 4245 8
2616 4194 2702 4245 καὶ
2741 4194 2792 4245 αἱ
2829 4192 2975 4247 ἄλλαι
3012 4198 3095 4247 tit.

438 4278 470 4332 9
506 4278 571 4330 τὰ
606 4272 729 4347 παρ’
755 4280 834 4330 tit.
1020 4279 1078 4330 11
1122 4277 1235 4345 οὒκ,
1276 4278 1318 4329 εἰ
1354 4296 1385 4329 a
1420 4278 1535 4346 Sp.:
1575 4278 1671 4331 οὐκ
1708 4282 1772 4330 V:
1816 4278 1858 4330 εἰ
1895 4279 1976 4330 tit.
2161 4278 2223 4329 12
2261 4278 2287 4330 ὃ
2327 4280 2413 4331 καὶ
2450 4295 2547 4331 om.
2576 4282 2656 4333 tit.
2683 4281 2772 4348 Sp.
2945 4280 3008 4333 13
3046 4282 3168 4335 εἶναι

437 4379 537 4418 om.
576 4366 659 4417 tit.
874 4363 1114 4438 ὑπάρχειν
1152 4365 1316 4435 ἀρχὴν
1354 4366 1603 4435 κινήσεως
1641 4367 1721 4417 tit.
1942 4366 2002 4418 15
2043 4365 2084 4417 εἰ
2122 4380 2223 4418 om.
2259 4368 2342 4417 tit.
2545 4367 2699 4425 ἀίδιος
2735 4370 2839 4420 ἐστι
2874 4367 2932 4421 τὸ
2971 4370 3052 4421 tit.

442 4450 506 4503 19
539 4446 899 4521 Ἀριστοτέλην
937 4470 970 4503 a
1005 4452 1097 4521 Sp.
1311 4451 1378 4504 ‘20
1430 4450 1623 4523 φθορᾶς
1658 4451 2040 4522 Ἀριστοτέλους
2076 4452 2244 4511 ἄλλως
2279 4454 2360 4505 tit.
2569 4454 2632 4506 21
2691 4454 2815 4507 αὐτὸ
2860 4457 2941 4507 tit.
2981 4472 3012 4507 a
3049 4458 3166 4523 Sp.:

438 4538 581 4607 αὐτῷ’
615 4542 664 4590 V
880 4538 947 4591 22
982 4536 1129 4592 λίθου
1166 4537 1246 4591 διὰ
1282 4540 1331 4591 τί
1376 4538 1508 4592 ἕλκει
1552 4539 1638 4592 τὸν
1676 4538 1876 4611 σίδηρον
1913 4542 1993 4591 tit.
2033 4539 2121 4606 Sp.
2327 4539 2393 4592 23
2431 4540 2600 4613 ψυχῆς
2631 4538 3011 4611 Ἀριστοτέλους
3049 4540 3164 4611 μετ’

436 4628 544 4678 tin:
602 4624 771 4698 ψυχῆς
818 4626 1082 4697 εἰρημένης
1128 4622 1247 4694 μετ’
1290 4627 1424 4679 Viet.
1626 4626 1789 4697 ἀρχῆς
1837 4628 2103 4697 εἰρημένης
2152 4630 2230 4679 tit.
2429 4628 2496 4679 24
2551 4628 2612 4679 ἐκ
2649 4634 2740 4681 τοῦ
2778 4629 2932 4682 αὑτοῦ
2979 4628 3168 4689 λέξεως

436 4727 565 4765 corr.
610 4716 667 4765 in
702 4712 887 4772 λέξεως
925 4713 985 4765 ἐκ
1020 4718 1111 4765 τοῦ
1150 4712 1305 4767 αὐτοῦ
1348 4718 1392 4765 V
1574 4712 1729 4785 ἄλλης
1776 4713 1962 4773 λέξεως
1997 4714 2056 4766 ἐκ
2091 4719 2182 4767 τοῦ
2232 4714 2464 4787 δευτέρου
2509 4722 2614 4767 τῶν
2659 4717 2772 4786 περὶ
2819 4717 2988 4787 ψυχῆς
3021 4714 3170 4790 Ἀρι·

440 4800 699 4859 στοτέλους
735 4800 965 4873 ἐξήγησις
1000 4802 1081 4854 tit.
1262 4801 1329 4853 26
1366 4802 1483 4853 add.
1524 4802 1660 4853 vict.
1861 4801 1922 4853 27
1965 4802 2081 4854 add.
2120 4802 2209 4871 Sp.
2389 4802 2455 4856 28
2493 4804 2579 4855 καὶ
2615 4802 2697 4872 τὸ]
2737 4806 2870 4857 κατὰ
2907 4823 2938 4858 a·

442 4888 507 4943 32
546 4890 677 4943 κατὰ
712 4892 803 4943 τοῦ
841 4890 1057 4963 ἀμεροῦς
1092 4888 1309 4943 B²HS²u
1349 4888 1463 4959 Sp.=
1500 4888 1559 4944 τὸ
1597 4889 1778 4963 ἀμερὲς
1813 4891 2092 4945 VGB¹S¹F
