3684 5567
1385 289 1668 350 ΒΙΒΛΙΟΝ
1712 288 1991 349 ΠΡΩΤΟΝ
2036 293 2238 347 16-17
3090 293 3174 357 29

549 492 722 546 νεται,
767 467 938 534 οὐδὲν
985 469 1240 533 κωλύσει
1283 470 1377 531 καὶ
1424 467 1496 530 τὰ
1527 471 1732 552 πρῶτα
1779 467 2008 530 ἐναντία
2057 467 2491 550 μεταβάλλοντα
2535 467 2619 534 εἰς
2649 465 2875 547 ἄλληλα
2921 462 3066 524 κατὰ

550 578 750 636 τοῦτον
797 575 894 636 τὸν
927 571 1137 655 τρόπον
1185 569 1342 634 αἴτια
1370 571 1656 653 γενέσεως
1699 569 1961 651 γίνεσθαι
2009 573 2126 638 τοῖς
2173 569 2321 652 μετὰ
2352 573 2553 632 ταῦτα.
2624 567 2745 632 ἀλλ’
2786 569 2838 631 εἰ
2882 568 3067 632 οὕτως

551 674 929 761 μεταβάλλει,
983 679 1112 743 πῶς
1156 673 1226 736 ἂν
1272 671 1357 736 ἔτι
1403 674 1558 736 ἀίδια
1616 673 1778 754 μένοι
1833 673 1871 754 ἢ
1916 673 2023 734 τίνι
2080 670 2147 734 ἂν
2196 670 2456 755 διαφέροι
2511 676 2627 733 τῶν
2684 670 2765 754 μὴ
2814 671 3064 753 πρώτων

548 778 849 857 ἐναντίων;
904 778 1002 840 καὶ
1045 776 1154 859 γὰρ
1200 777 1238 857 ἠ
1287 775 1506 838 τούτων
1551 775 1635 841 εἰς
1678 773 1907 856 ἄλληλα
1955 774 2247 857 μεταβολὴ
2296 777 2496 834 τοῦτον
2542 773 2753 854 γίνεται
2800 773 2897 833 τὸν
2942 769 3065 852 τρὸ-
3093 784 3151 826 2⁰
3232 776 3247 787 ‘

476 899 508 948 5
549 905 676 942 πον.
746 880 784 963 ἢ
833 879 1098 963 διαφέροι
1145 877 1214 941 ἂν
1257 877 1330 940 τὰ
1374 881 1578 960 πρῶτα
1623 881 1740 938 τῶν
1783 875 2054 938 ἐναντίων
2101 882 2217 938 τῶν
2267 876 2348 957 μὴ
2395 878 2643 958 πρώτων
2689 879 2917 958 πρῶτον
2962 874 3067 955 μὲν

549 989 636 1067 τῷ
685 981 744 1050 ἐξ
791 982 1028 1044 ἐκείνων
1077 981 1182 1063 μὲν
1229 981 1300 1042 τὰ
1343 978 1615 1062 γινόμενα
1670 979 1859 1040 πάντα
1902 976 2185 1060 γίνεσθαι.
2276 977 2343 1040 ἐκ
2386 977 2495 1060 γὰρ
2539 975 2733 1046 εἴδους
2775 977 2927 1044 τινὸς
2970 977 3066 1038 καὶ

548 1086 880 1168 στερήσεώς
923 1106 1076 1152 τινος
1119 1083 1275 1166 παρὰ
1325 1082 1500 1166 μέρος
1545 1081 1604 1142 ἐν
1645 1085 1722 1163 τῇ
1773 1080 1887 1162 ὕλῃ
1933 1080 2247 1161 γινομένων
2292 1081 2352 1142 αἱ
2396 1080 2627 1140 πάντων
2672 1078 2923 1160 γενέσεις
2972 1078 3064 1140 καὶ
3095 1093 3151 1134 25

546 1186 792 1270 φθοραί,
845 1185 1040 1248 οὐκέτι
1083 1183 1135 1248 δ’
1191 1185 1258 1246 ἐκ
1303 1187 1512 1246 λευκοῦ
1567 1184 1666 1245 καὶ
1723 1181 1969 1263 μέλανος
2020 1181 2061 1264 ἢ
2113 1181 2354 1258 γλυκέος
2410 1181 2504 1244 καὶ
2550 1184 2755 1263 πικροῦ
2801 1179 2840 1263 ἥ
2897 1203 3065 1242 τινων

548 1288 766 1370 ὁμοίων
821 1288 1040 1356 τούτοις
1097 1287 1392 1350 ἐναντίων.
1489 1284 1574 1347 ἔτι
1629 1284 1776 1346 αὐτὰ
1832 1285 1937 1364 μὲν
1990 1283 2204 1366 ταῦτα’.
2225 1283 2435 1367 ὕστερα
2490 1283 2745 1356 ἐναντία,
2805 1283 2857 1345 εἰ
2910 1285 3005 1344 καὶ
3056 1280 3063 1366 Ι

443 1411 508 1458 10
545 1392 626 1459 εἰς
670 1389 899 1474 ἄλληλα
945 1390 1329 1474 μεταβάλλει,
1385 1393 1472 1473 τῷ
1532 1387 1790 1469 γίνεσθαι
1837 1385 1995 1469 παρὰ
2050 1386 2223 1468 μέρος
2278 1387 2338 1448 ἐν
2391 1391 2466 1469 τῇ
2515 1385 2659 1468 ὕλῃ,
2715 1385 2746 1447 ὃ
2792 1383 2921 1469 ἔχει
2967 1387 3065 1450 καὶ
3104 1393 3173 1449 59

545 1495 616 1556 τὰ
661 1497 866 1576 πρῶτα
911 1492 1163 1566 ἐναντία,
1210 1491 1360 1554 α’λλά
1407 1491 1504 1554 καὶ
1548 1491 1585 1572 ἡ
1633 1489 1851 1570 γένεσις
1896 1490 2001 1572 τὴν
2049 1491 2243 1573 ἀρχὴν
2288 1487 2487 1556 αὐτοῖς
2534 1488 2594 1557 ἐξ
2639 1489 2896 1551 ἐκείνων.
2972 1489 3066 1550 διὰ

544 1595 654 1680 γὰρ
708 1599 880 1662 ποιᾶς
931 1593 1112 1662 ἓξεώς
1161 1615 1226 1656 τε
1270 1595 1366 1656 καὶ
1421 1595 1752 1676 στερήσεως
1805 1593 1845 1674 ἥ
1890 1615 1955 1654 τε
2008 1596 2125 1653 τῶν
2184 1596 2397 1676 χυμῶν
2451 1590 2671 1673 γένεσις
2724 1593 2820 1653 καὶ
2866 1592 2903 1672 ἡ
2951 1597 3067 1652 τῶν
3122 1607 3149 1649 5

549 1698 885 1782 χρωμάτων
930 1698 1028 1759 καὶ
1071 1701 1187 1758 τῶν
1237 1697 1516 1777 ἀνάλογον
1563 1694 1786 1763 τούτοις
1833 1694 2140 1767 ἐναντίων,
2186 1694 2247 1763 ἐξ
2292 1693 2527 1763 οὐδενὸς
2573 1695 2637 1757 δὲ
2682 1695 3065 1778 μεταβάλλον-

547 1822 640 1866 τος
685 1799 758 1862 τὰ
803 1804 1010 1882 πρῶτα
1055 1799 1284 1862 ἐναντία
1320 1799 1558 1878 γίνεται.
1621 1798 1709 1860 διὸ
1755 1798 1854 1860 καὶ
1900 1797 2058 1876 ἀίδια
2104 1796 2254 1860 κατὰ
2296 1801 2466 1859 τοῦτο
2511 1800 2598 1881 τῷ
2648 1797 2827 1880 μηδὲν
2872 1797 3065 1860 αὐτῶν

439 1922 502 1970 15
539 1901 1014 1986 προεπινοεῖσθαι
1059 1906 1290 1985 πρῶτον
1343 1901 1404 1970 ἐξ
1451 1901 1532 1962 ὧν
1579 1902 1618 1982 ἠ
1665 1902 1853 1963 τῶνδε
1900 1897 2147 1982 γένεσις.
2246 1899 2563 1962 δεικνύοιτο
2618 1896 2668 1962 δ’
2727 1898 2795 1962 ἂν
2842 1900 2937 1961 καὶ
2986 1899 3067 1960 ἀί·

545 2007 658 2068 δια.
755 2003 824 2067 οὐ
877 2003 986 2086 γὰρ
1033 2005 1086 2066 εἰ
1139 2003 1211 2065 τὰ
1265 1999 1400 2065 καθ’
1459 2001 1681 2065 ἕκαστα
1739 2001 1867 2084 εἴδη
1926 2003 2023 2064 καὶ
2081 2003 2141 2064 αἱ
2195 2003 2497 2086 στερήσεις
2542 2001 2856 2064 δείκνυνται
2908 2000 3065 2084 παρὰ
3094 2017 3149 2058 ιο

547 2106 723 2191 μέρος
764 2107 846 2175 εἰς
889 2105 1120 2190 ἄλληλα
1151 2106 1606 2187 μεταβάλλοντα,
1654 2105 1750 2168 διὰ
1791 2109 1959 2168 τοῦτο
2006 2104 2111 2168 οὐκ
2156 2105 2335 2178 ἀίδια,
2381 2103 2501 2167 ἀλλ’
2546 2103 2647 2167 ἐὰν
2694 2106 2786 2167 αἐὶ
2819 2104 3063 2189 φαίνων-

545 2232 636 2272 ται
681 2193 1012 2292 ἀναγκαίως
1055 2210 1186 2292 περὶ
1235 2212 1309 2290 τῇ
1345 2208 1456 2290 ὕλῃ
1489 2209 1766 2292 ἑκάτερον
1813 2208 2007 2270 αὐτῶν
2056 2205 2141 2282 ὄν,
2187 2207 2282 2291 εἴη
2315 2206 2385 2269 ἂν
2434 2207 2589 2270 ἀίδια
2636 2209 2675 2290 ἥ
2708 2231 2768 2270 τε
2814 2207 2924 2276 ἕξις
2969 2209 3065 2269 καὶ

545 2312 586 2393 ἢ
633 2310 919 2396 στέρησις,
988 2311 1039 2373 εἰ
1092 2311 1189 2373 καὶ
1257 2310 1337 2392 μὴ
1396 2310 1506 2393 ἥδε
1571 2311 1608 2392 ἡ
1657 2309 1768 2379 ἕξις
1815 2310 1965 2394 μηδὲ
2010 2311 2117 2392 ἥδε
2183 2311 2221 2392 ἡ
2268 2308 2533 2392 στέρησις
2602 2308 2775 2372 ἀίδια.
2872 2309 2959 2372 ὅτι
3004 2311 3151 2372 δὲιε

435 2433 508 2480 2ο
545 2413 856 2494 ἀναγκαῖον
902 2414 992 2476 ἀεὶ
1038 2417 1221 2476 ταῦτα
1257 2412 1428 2486 εἶναι,
1475 2413 1652 2495 δῆλον
1699 2417 1929 2495 πρῶτον
1963 2413 2066 2493 μὲν
2098 2411 2167 2474 ἐκ
2198 2417 2299 2474 τοῦ
2344 2412 2448 2495 τὴν
2494 2413 2635 2496 ὕλην
2681 2413 2860 2476 ἀίδιον
2890 2411 3066 2477 οὖσαν

551 2517 632 2599 μὴ
681 2516 970 2579 δύνασθαί
1021 2537 1162 2578 ποτε
1205 2515 1388 2598 χωρὶς
1443 2511 1633 2582 εἴδους
1677 2513 1853 2588 εἶναι,
1910 2515 1950 2597 ἢ
1997 2514 2221 2597 ἐπινοίᾳ
2278 2515 2483 2595 μόνον,
2539 2515 2806 2599 δεύτερον
2852 2516 2921 2578 ἐκ
2965 2519 3067 2578 τοῦ

547 2618 786 2700 δυνάμει
829 2618 902 2681 τὰ
947 2617 1313 2698 ἀντικείμενά
1365 2640 1428 2679 τε
1472 2616 1569 2679 καὶ
1624 2619 1697 2679 τὰ
1741 2617 1970 2680 ἐναντία
2025 2615 2203 2680 οὖσαν
2249 2617 2461 2701 αὐτήν,
2518 2623 2602 2703 τῷ
2654 2619 2735 2700 μὴ
2784 2619 3069 2682 δύνασθαι
3096 2635 3152 2678 2⁰

547 2719 672 2802 ἅμα
725 2721 786 2782 ἐν
834 2725 953 2789 τοῖς
1007 2719 1279 2787 ἐναντίοις
1331 2718 1475 2781 εἶναι
1532 2718 1818 2803 ἐνεργείᾳ,
1876 2720 2132 2803 ἀνάγκην
2178 2718 2369 2804 ἔχειν,
2424 2719 2558 2782 ὅταν
2614 2721 2858 2804 θάτερον
2911 2721 3065 2806 αὐτῇ

547 2827 663 2884 τῶν
711 2822 982 2885 ἐναντίων
1028 2826 1215 2906 παρῇ,
1261 2821 1506 2905 δυνάμει
1555 2822 1800 2904 θάτερον
1848 2821 2013 2885 εἶναι.
2105 2824 2169 2884 τὸ
2217 2823 2282 2886 δὲ
2327 2823 2641 2903 δυνάμενον
2688 2821 2793 2906 <εἰ>
2838 2825 2897 2886 ἐν
2943 2846 3066 2888 στε-

437 2943 506 2993 25
546 2924 714 3008 ρήσει
767 2926 898 2987 τότε
951 2925 1105 2988 ἐστὶν
1159 2924 1382 2986 ἐκείνου
1437 2923 1505 2986 οὔ
1563 2923 1825 2998 δύναται,
1889 2925 2113 3008 ἀνάγκη
2171 2925 2275 3008 τὴν
2330 2925 2471 3009 ὕλην
2530 2926 2621 2988 ἀεὶ
2677 2927 2823 3007 μετὰ
2869 2927 3144 2995 εἴδουςεῦ

545 3027 700 3095 τινὸς
743 3026 890 3089 εἷναι
932 3027 1031 3089 καὶ
1076 3027 1424 3110 στερήσεως.
1495 3026 1545 3088 εἰ
1593 3024 1643 3088 δ’
1702 3028 1794 3089 ἀεὶ
1842 3026 1967 3109 μετ’
2026 3027 2371 3111 ἀμφοτέρων
2418 3028 2513 3089 καὶ
2562 3026 2841 3092 οὐδέποτε
2888 3029 3059 3106 ἔστιν,

549 3129 648 3192 ὅτε
693 3131 731 3211 ἡ
779 3129 1078 3212 ληφθεῖσα
1124 3130 1232 3210 ὕλη
1280 3129 1316 3210 ἢ
1367 3129 1578 3206 πάντα,
1627 3129 1666 3190 ἃ
1711 3130 1971 3212 δυνάμει,
2020 3130 2143 3210 ἅμα
2187 3130 2442 3215 ἐνεργείᾳ
2492 3127 2499 3216 Ι
2549 3129 2743 3208 ἔσται,
2789 3132 2828 3214 ἣ
2874 3136 3061 3196 πάντα
3098 3141 3171 3198 60

549 3231 588 3294 ἃ
633 3233 866 3294 δύναται
898 3234 1160 3311 δυνάμει,
1207 3229 1374 3293 οὐδὲν
1420 3231 1485 3292 δὲ
1528 3231 1609 3291 ὧν
1657 3230 1893 3294 δύναται
1926 3231 2181 3317 ἐνεργείᾳ
2225 3230 2560 3317 (οὐδὲνγὰρ
2608 3232 2676 3296 ἂν
2720 3232 2867 3318 αὐτὴ
2916 3235 3061 3320 εἴη),

547 3334 857 3414 ἀναγκαῖον
903 3333 976 3395 τὰ
1022 3339 1227 3417 πρῶτα
1275 3333 1502 3395 ἐναντία
1549 3331 1705 3396 ἀίδια
1753 3332 1916 3396 εἶναι.

435 3595 507 3644 3ο
543 3573 744 3638 XVII.
822 3570 982 3641 Ὅτι
1031 3576 1120 3659 μὴ
1169 3577 1242 3638 τὸ
1290 3575 1480 3645 εἶδος
1523 3575 1592 3638 ἐν
1640 3581 1721 3660 τῇ
1769 3577 1901 3660 ὕλη
1949 3579 2039 3646 ὡς
2084 3575 2155 3638 ἐν
2202 3577 2674 3664 ὑποκειμένῳ.
3123 3600 3151 3644 5

718 3744 803 3811 Εἴ
836 3771 890 3809 τι
934 3746 1088 3815 εἶδός
1143 3769 1295 3816 τινος
1350 3747 1410 3810 ἐν
1470 3748 1836 3830 ὑποκειμένῳ
1894 3747 2079 3825 ἐστίν,
2142 3747 2272 3831 ἤτοι
2318 3749 2377 3812 ἐν
2422 3754 2497 3834 τῇ
2556 3751 2666 3835 ὕλῃ
2723 3751 2783 3815 ἐν
2839 3753 3065 3819 ὑποκει-

444 3958 465 4009 1
513 3956 734 4026 ἄλληλα]
771 3957 832 4010 λλ
867 3959 925 4010 in
962 3959 1040 4011 lit.
1068 3963 1116 4010 V
1329 3961 1361 4013 3
1399 3966 1508 4018 πῶς
1545 3957 1605 4012 ἂν
1643 3960 1716 4012 ἔτι
1754 3959 1887 4013 ἀίδια
1924 3960 2061 4028 μένοι
2096 3961 2258 4028 (μένει
2281 3963 2352 4029 Β)
2381 3966 2499 4015 VB:
2538 3969 2653 4018 πῶσ
2691 3965 2751 4016 ἂν
2789 3967 2921 4019 αἰτία
2959 3968 3036 4021 ἀεὶ
3073 3968 3176 4020 δια·

555 4045 601 4079 οι

438 4099 579 4165 μένει
619 4099 676 4149 F:
731 4103 844 4155 πῶς
881 4097 942 4150 ἂν
978 4097 1113 4151 αἴτια
1151 4100 1226 4151 ἀεὶ
1265 4099 1487 4168 διαμένοι
1526 4102 1688 4154 GSLa
1731 4101 1820 4169 Sp.
2130 4101 2162 4153 5
2200 4108 2401 4172 πρῶτον
2438 4103 2551 4171 Sp:
2610 4103 2823 4176 πρώτωι
2860 4111 2925 4160 V:
2984 4109 3174 4181 πρώτω

437 4187 630 4238 LBSa:
669 4191 845 4254 πρῶτα
883 4189 925 4238 F
1140 4189 1170 4238 6
1211 4188 1432 4254 primum
1470 4187 1549 4253 τὸ,
1588 4188 1776 4240 deinde
1813 4191 1906 4240 τοῦ
1945 4189 2169 4255 deniquo
2205 4195 2281 4241 τῶ
2308 4193 2351 4242 Β
2568 4191 2599 4242 9
2636 4197 2793 4246 ταῦτα
2820 4196 2978 4247 v¹B¹=
3015 4201 3175 4249 ταῦτα

436 4271 504 4324 τὰ
545 4271 698 4324 v²B²=
735 4273 800 4324 τὰ
839 4275 1000 4326 GFL:
1039 4287 1138 4324 om.
1181 4276 1254 4326 Sa
1290 4275 1380 4342 Sp.
1603 4276 1660 4326 11
1703 4273 1756 4334 ἐξ
1794 4275 2001 4328 ἐκείνων
2039 4275 2210 4334 αὐτοῖς
2247 4295 2279 4328 a
2496 4279 2559 4331 13
2598 4281 2684 4332 καὶ
2721 4288 2824 4333 τῶν
2863 4297 2963 4335 om.
3003 4302 3035 4334 a

443 4359 508 4410 16
563 4358 694 4428 εἴδη]
744 4358 771 4410 δ
820 4361 874 4412 in
915 4359 991 4412 lit.
1030 4363 1079 4408 V
1261 4360 1322 4412 17
1380 4360 1480 4430 ἀεὶ]
1519 4361 1740 4414 fortasse
1777 4364 1865 4414 καὶ
2068 4363 2131 4416 18
2184 4362 2241 4416 ὃν
2276 4364 2351 4435 εἴη
2390 4369 2439 4418 V
2479 4368 2615 4419 vict.
2652 4368 2768 4435 Sp.:
2826 4370 2879 4422 ἓν
2917 4369 2993 4442 εἴη
3031 4373 3173 4424 FSa:

441 4444 494 4496 ἐν
542 4444 620 4515 εἴη
657 4450 704 4499 L
897 4445 959 4497 19
1017 4446 1088 4515 μὴ
1125 4445 1215 4516 ἥδε
1253 4447 1422 4501 B²s²a
1455 4448 1568 4516 Sp.=
1627 4449 1696 4518 μὴ
1735 4443 1827 4522 ᾖδε
1864 4453 1924 4500 V:
1966 4451 2036 4520 μὴ
2075 4449 2107 4521 ἧ
2144 4451 2196 4504 δὲ
2231 4453 2323 4505 13¹:
2380 4451 2507 4522 μηδὲ
2546 4455 2745 4508 GFS'L
2924 4459 3012 4511 alt.
3056 4458 3171 4529 ἥδε]

440 4531 532 4602 ἥδε
568 4531 638 4584 13²
671 4532 809 4585 vict.
848 4533 964 4600 Sp.:
1001 4529 1034 4602 ᾖ
1073 4531 1126 4584 δὲ
1147 4537 1210 4584 V:
1248 4533 1282 4603 ἧ
1315 4532 1365 4586 δέ
1402 4536 1496 4585 13¹:
1535 4549 1634 4586 om.
1667 4537 1901 4590 GFS¹La
2079 4537 2500 4610 μηδὲ-στέρησις
2526 4543 2709 4595 om.S²
2883 4543 2944 4595 21
2988 4544 3047 4596 ἐκ
3084 4549 3174 4598 τοῦ

439 4621 566 4669 VB:
607 4619 666 4670 ἐκ
701 4623 793 4670 τοῦ
828 4621 898 4690 μὴ
922 4622 1153 4674 GFSLa:
1196 4619 1255 4672 ἐκ
1292 4624 1384 4672 τοῦ
1420 4621 1464 4672 εἰ
1507 4621 1578 4690 μὴ
1616 4623 1754 4675 vict.
1781 4623 1869 4691 Sp.
2050 4625 2116 4676 2⁶2
2164 4627 2241 4695 τῷ·
2284 4628 2355 4696 μὴ
2407 4627 2566 4680 Vict.:
2622 4629 2678 4681 τὸ
2728 4631 2797 4700 μὴ
2848 4631 2968 4684 libri

441 4704 511 4756 23
547 4705 764 4774 ἐνεργιία
792 4707 1016 4775 ἀνάγκην
1047 4705 1178 4774 ἔχειν
1203 4709 1344 4759 VB¹:
1381 4707 1606 4777 ἀνάγκην
1643 4709 1775 4780 ἔχειν
1803 4713 2037 4764 GFS¹L:
2079 4714 2295 4785 ἐνεργεία
2331 4715 2524 4782 ἀνάγκη
2554 4715 2718 4769 B²S2a
2754 4718 2843 4786 Sp.
3022 4719 3090 4772 24
3130 4721 3173 4774 εἰ

441 4791 620 4845 addidi
802 4791 884 4860 οὗ]
925 4794 1140 4845 fortasse
1179 4793 1205 4845 ὃ
1394 4795 1459 4846 27
1499 4795 1704 4862 δυνάμει
1731 4797 1824 4848 V¹:
1866 4797 2069 4852 δύναται
2106 4801 2439 4854 V²FGLBSa
2474 4803 2561 4870 Sp.
2742 4805 2808 4858 28
2846 4805 2919 4858 ὧν
2956 4810 3173 4862 FGSLa

441 4879 559 4950 Sp.:
599 4877 656 4933 ὃν
681 4883 771 4932 VB
953 4877 1082 4950 αὐτὴ
1109 4883 1178 4933 B:
1218 4899 1346 4955 αυτη
1386 4881 1463 4936 sic
1502 4886 1566 4935 Vx
1605 4880 1733 4955 αὕτη
1772 4887 1896 4937 FLa
1933 4885 2045 4955 Sp:
2084 4887 2213 4961 αὐτῆ
2255 4891 2299 4941 G
