3684 5567
1137 255 1298 316 ΠΕΡΙ
1335 256 1656 314 ΚΡΑΣΕΩΣ
1691 256 1814 314 ΚΑΙ
1852 257 2203 316 ΑΥΞΗΣΕΩΣ
2238 261 2413 314 8—10
3000 261 3125 326 223

525 433 660 497 οὐδὲ
705 439 824 504 τοῖς
868 433 1072 504 ξύλοις.
1161 432 1315 503 ὅλως
1358 432 1466 518 γὰρ
1512 433 1728 498 ἄτοπον
1795 435 1900 517 τὴν
1946 433 2086 516 ὕλην
2132 437 2217 520 τῷ
2262 431 2405 497 εἴδει
2462 431 2770 516 μίγνυσθαι
2813 431 3015 514 λέγειν.

525 535 634 620 ὕλη
683 538 746 600 δὲ
788 537 970 620 πυρὸς
1010 536 1083 599 τὰ
1126 535 1410 618 καιόμενά
1455 558 1518 598 τε
1562 537 1659 598 καὶ
1703 536 2097 620 πεπυρωμένα
2140 537 2345 613 πάντα,
2392 535 2511 599 ἀλλ’
2566 537 2606 619 ἡ
2654 536 2758 618 μὲν
2787 535 3015 620 ἄφθαρ·

523 662 640 714 τος,
683 641 724 724 ἡ
770 637 823 703 δ’
877 637 966 701 οὔ.
1055 639 1144 700 διὸ
1191 639 1288 702 καὶ
1333 637 1509 723 μέχρι
1555 641 1775 701 πολλοῦ
1821 637 2177 722 σβεννύμενά
2218 662 2343 702 τινα
2406 637 2580 702 ταύτὸ
2625 637 2779 708 εἶδος
2824 643 2909 724 τῷ
2957 636 3019 706 ἐξ
3043 653 3099 694 2⁵

523 743 716 827 ἀρχῆς
779 742 1010 806 δύναται
1074 741 1400 824 φυλάττειν,
1467 740 1534 804 οὔ
1583 741 1699 824 μὴν
1746 740 2008 823 ἀμείωτα
2052 742 2267 824 πάντη·
2336 741 2432 805 καὶ
2485 740 2595 825 γὰρ
2639 741 2857 804 τούτων
2904 741 3015 803 ὑπὸ

453 865 484 912 5
522 848 624 907 τοῦ
669 846 848 928 πυρὸς
891 844 1259 908 ἀναλίσκεταί
1301 867 1354 907 τι
1397 845 1493 907 καὶ
1537 843 1855 928 φθείρεται.
1932 844 2019 906 διὸ
2065 845 2158 906 καὶ
2203 847 2385 906 ταῦτα
2428 843 2765 928 χρονίζοντα
2807 843 2869 906 ἐν
2914 842 3015 906 αὐ-

431 965 484 1017 Χ
520 953 608 1033 τῷ
653 947 828 1012 πλέον
895 946 1220 1011 ἀπόλλυταί
1278 971 1342 1010 τε
1386 947 1482 1009 καὶ
1525 949 1628 1008 τοῦ
1695 945 1910 1007 οἰκείου
1976 942 2166 1014 εἴδους
2231 945 2533 1014 ἐξίσταται.
2622 945 2763 1015 Πῶς
2805 944 2857 1008 δ’
2911 945 3019 1008 οὐκ

521 1051 735 1116 ἄτοπον
784 1051 880 1113 καὶ
922 1050 988 1112 τὸ
1033 1050 1220 1132 λέγειν
1285 1048 1553 1134 ἡνῶσθαι
1597 1050 1702 1132 τὴν
1748 1048 2053 1128 σύμπασαν
2122 1048 2319 1113 οὐσίαν
2364 1049 2688 1133 πνεύματός
2729 1072 2880 1119 τινος
2924 1049 3019 1112 διὰ
3043 1065 3100 1107 ω

519 1155 714 1238 πάσης
755 1154 936 1236 αὐτῆς
981 1155 1298 1237 διήκοντος,
1344 1150 1444 1236 ὑφ’
1499 1150 1570 1215 οὖ
1617 1150 1934 1235 συνέχεταί
1971 1175 2033 1214 τε
2062 1153 2159 1215 καὶ
2190 1150 2468 1235 συμμένει
2508 1153 2574 1215 τὸ
2604 1156 2718 1214 πᾶν
2750 1153 2844 1215 καὶ
2876 1171 3016 1235 συμ-

519 1255 705 1326 παθές
767 1256 920 1322 ἐστιν
987 1257 1187 1341 αὖτῷ;
1253 1258 1361 1340 τὴν
1404 1255 1513 1338 γὰρ
1557 1255 1915 1336 κυριωτάτην
1960 1255 2145 1317 αἰτίαν
2190 1259 2294 1338 τῆς
2346 1259 2448 1318 τοῦ
2491 1255 2703 1323 παντὸς
2746 1255 3015 1321 ἑνώσεως

417 1377 482 1424 10
518 1357 624 1422 οὔκ
665 1357 885 1429 εἰδότες
947 1360 1124 1443 (αὕτη
1171 1356 1220 1422 δ’
1279 1358 1430 1422 ἐστὶν
1477 1360 1515 1441 ἡ
1563 1355 1708 1442 τοῦ]
1755 1357 1921 1420 θείου
1967 1379 2028 1418 τε
2072 1359 2169 1420 καὶ
2200 1361 2693 1442 κυκλοφορητικοΰ
2737 1359 2832 1420 καὶ
2877 1357 2961 1419 αἰ-
3008 1359 3121 1417 604

519 1462 718 1547 θερίου
762 1464 1038 1546 σώματος
1079 1463 1270 1547 φύσις,
1315 1462 1440 1545 ἥτις
1485 1459 1844 1544 περιέχουσα
1887 1463 2078 1523 πᾶσαν
2123 1461 2231 1544 τὴν
2276 1458 2478 1523 ἔνυλόν
2521 1483 2585 1524 τε
2615 1461 2710 1524 καὶ
2743 1460 3017 1543 παθητὴν

517 1565 614 1626 καὶ
662 1566 1028 1650 μεταβλητὴν
1073 1564 1276 1629 οὐσίαν
1319 1569 1392 1647 τῇ
1441 1565 1681 1646 συνεχεῖ
1719 1585 1783 1626 τε
1827 1563 1923 1625 καὶ
1968 1563 2228 1647 διηνεκεῖ
2268 1563 2493 1647 κινήσει
2539 1565 2633 1626 καὶ
2664 1561 2877 1626 ἄλλοτε
2920 1563 3015 1624 ἀλ-

517 1666 646 1750 λοία
711 1666 915 1752 σχέσει
974 1669 1116 1751 πρὸς
1171 1665 1318 1730 αὐτὰ
1371 1666 1475 1733 τὰς
1517 1666 1601 1733 εἰς
1651 1663 1881 1748 ἄλληλα
1943 1669 2059 1727 τῶν
2117 1665 2178 1728 ἐν
2230 1667 2449 1747 γενέσει
2510 1669 2801 1750 σωμάτων
2848 1688 3017 1750 μετα-

516 1768 693 1852 βολὰς
735 1769 796 1832 ἐν
843 1769 1139 1854 ὡρισμένη
1181 1769 1336 1838 τάξει
1383 1767 1699 1850 ποιουμένη
1769 1767 2001 1852 συνέχει
2068 1768 2163 1831 καὶ
2229 1771 2407 1840 σώζει
2460 1770 2526 1832 τὸ
2570 1767 2733 1851 πᾶν),
2804 1768 3017 1853 ταύτην
3070 1784 3099 1826 5

415 1889 478 1938 15
519 1871 653 1956 μήτ’
711 1873 926 1941 ἰδόντες
971 1872 1214 1948 ἑαυτοῖς,
1285 1872 1434 1955 μήτε
1476 1875 1596 1938 τοῖς
1641 1871 1853 1933 ἰδοῦσιν
1921 1870 2321 1955 ἀκολουθῆσαι
2381 1871 2747 1954 δυνηθέντες,
2813 1870 2907 1934 διὰ
2950 1871 3016 1932 τὸ

518 1975 630 2037 ὑπὸ
676 1979 908 2038 πολλῶν
952 1998 1120 2039 τινων
1167 1974 1347 2043 δοξῶν
1393 1972 1784 2058 προειλῆφθαι
1830 1973 2070 2056 δεσμοῖς
2110 1994 2223 2037 τισι
2268 1976 2365 2037 καὶ
2413 1975 2634 2044 ὑλικαῖς
2676 1975 2880 2042 αἰτίαις
2924 1974 3023 2036 καί

516 2101 622 2140 τινι
667 2077 946 2161 πνεΰματι
985 2078 1079 2141 διὰ
1110 2080 1301 2161 πάσης
1331 2081 1437 2160 τῆς
1479 2075 1676 2145 οὐσίας
1721 2075 1977 2158 διήκοντι
2023 2076 2389 2140 ἀνατιθέασιν
2419 2077 2597 2141 αὐτοῦ
2641 2079 2749 2162 τὴν
2792 2076 3015 2140 ἕνωσιν.

514 2181 640 2264 ἥτις
682 2177 842 2256 δόξα,
913 2181 1056 2265 πρὸς
1101 2185 1186 2266 τῷ
1233 2179 1560 2264 κεχρῆσθαι
1605 2183 1692 2263 τῷ
1739 2181 1941 2262 ψευδεῖ
2004 2180 2183 2260 σῶμά
2224 2202 2278 2241 τι
2320 2179 2413 2242 διὰ
2460 2183 2733 2262 σώματος
2777 2182 3016 2265 διήκειν,
3046 2201 3099 2244 ιο

512 2282 608 2344 καὶ
651 2282 746 2345 διὰ
790 2286 906 2344 τῶν
951 2282 1167 2355 ἄλλων,
1217 2281 1305 2345 ὅτι
1348 2282 1469 2346 ἐστὶ
1501 2283 1742 2366 ψευδής,
1787 2281 1905 2365 ἤδη
1936 2280 2266 2367 ἐλέγχεται·
2314 2288 2581 2368 φανερῶς
2608 2283 2716 2368 γὰρ
2748 2281 2871 2346 ἔνια
2900 2287 3016 2345 τῶν

409 2403 480 2450 20
517 2386 806 2465 σωμάτων
874 2385 989 2471 οὐχ
1053 2385 1152 2448 οἷά
1217 2409 1280 2449 τε
1346 2384 1602 2468 ἐνεργείᾳ
1644 2408 1698 2447 τι
1745 2383 1808 2446 ὂν
1855 2381 2013 2469 ἔχειν
2059 2389 2285 2467 πνεῦμα
2350 2385 2413 2448 ἐν
2457 2384 2678 2455 αὐτοῖς·
2747 2387 2813 2449 τὸ
2880 2389 3016 2468 γοῦν

516 2487 673 2571 ὕδωρ
715 2492 989 2552 τοσοῦτον
1034 2488 1250 2552 ἀποδεῖ
1309 2491 1410 2551 τοῦ
1457 2484 1616 2572 ἔχειν
1661 2485 1756 2549 διὰ
1801 2487 2011 2555 παντὸς
2056 2487 2235 2550 αὐτοῦ
2282 2487 2628 2571 μεμιγμένον
2674 2492 2901 2572 πνεῦμά
2945 2512 3018 2569 τι,

515 2593 597 2660 ὡς
643 2587 779 2674 μηδ’
836 2589 906 2652 ἂν
971 2591 1038 2652 τὸ
1083 2590 1262 2674 τυχὸν
1308 2590 1368 2652 ἐν
1413 2588 1579 2673 αὐτῷ
1625 2588 1859 2671 γένηταί
1911 2611 2073 2662 ποτε,
2140 2591 2178 2674 ἢ
2248 2590 2657 2673 άποπνιγέντος
2721 2593 2783 2654 ἐν
2849 2591 3011 2675 αὐτῷ
3046 2607 3099 2648 15

515 2691 674 2778 ζῴου
716 2694 867 2760 τινὸς
909 2696 1025 2756 τῶν
1093 2693 1557 2756 ἀναπνευστικῶν
1604 2693 1644 2776 ἢ
1711 2694 1806 2756 καὶ
1870 2691 1945 2755 δι’
1998 2691 2180 2776 ἄλλην
2248 2693 2430 2757 αἰτίαν
2498 2695 2623 2758 τινὰ
2689 2693 3016 2778 γενομένου,

516 2794 652 2879 μηδ’
708 2793 802 2858 ἐπ’
862 2796 1051 2878 ὀλίγον
1096 2795 1156 2858 ἐν
1201 2795 1364 2880 αὐτῷ
1431 2795 1710 2860 δύνασθαι
1779 2795 1991 2879 μένειν,
2059 2796 2207 2859 ἀλλὰ
2261 2803 2623 2883 παραχρῆμα
2691 2797 2837 2880 μετὰ
2891 2798 3015 2882 βίας

405 2917 474 2968 25
516 2896 916 2982 ἀναφέρεσθαί
959 2921 1022 2962 τε
1066 2899 1163 2960 καὶ
1208 2899 1592 2981 ἐκκρίνεσθαι,
1637 2895 1743 2962 κᾶν
1788 2899 1851 2960 ἐν
1898 2899 2064 2983 βυθῷ
2108 2898 2415 2982 γενόμενον
2461 2900 2637 2985 τύχῃ.
2710 2901 2917 2965 τούτου
2948 2899 3005 2964 δ’

515 3001 700 3070 οὕτως
743 3000 1000 3087 ἔχοντος,
1047 3005 1174 3070 πῶς
1205 2998 1272 3063 ἄν
1319 2999 1403 3064 ἔτι
1447 3001 1668 3084 ἀληθὲς
1712 2999 1806 3085 εἴη
1851 3001 1917 3063 τὸ
1962 3005 2076 3063 πᾶν
2120 3001 2393 3084 ἡνῶσθαί
2416 3026 2481 3066 τε
2510 3007 2606 3068 καὶ
2638 3004 3009 3088 συνέχεσθαι,
3038 3019 3096 3062 2⁰

514 3105 838 3188 πνεύματός
901 3127 1050 3173 τινος
1094 3104 1188 3167 διὰ
1231 3106 1442 3173 παντὸς
1508 3106 1806 3188 διήκοντος
1850 3103 2062 3185 αὐτοῦς
2128 3101 2328 3168 ἔπειτα
2372 3104 2425 3168 δ’
2481 3105 2716 3190 εὔλογον
2764 3109 2867 3191 μὲν
2915 3105 3007 3191 ἧν,

515 3207 717 3271 ὁποίαν
762 3209 868 3291 τὴν
915 3208 1029 3269 ἀπὸ
1075 3211 1177 3270 τοῦ
1223 3208 1546 3290 πνεύματος
1591 3207 1845 3292 συνοχὴν
1891 3206 2194 3290 γινομένην
2239 3207 2300 3270 ἐν
2346 3211 2517 3271 πᾶσιν
2563 3207 2854 3277 εἶναιτοῖς
2899 3213 3013 3273 σώ·

515 3330 712 3392 μασιν·
781 3308 896 3394 οὐχ
962 3309 1146 3375 οὕτως
1189 3306 1240 3372 δ’
1295 3307 1442 3394 ἔχει.
1531 3315 1648 3372 τῶν
1692 3311 1800 3393 γὰρ
1846 3311 2135 3392 σωμάτων
2202 3309 2275 3372 τὰ
2320 3311 2423 3392 μέν
2470 3311 2592 3373 ἐστι
2636 3317 2877 3396 συνεχῆ,
2942 3314 3014 3376 τὰ

403 3431 476 3481 3ο
511 3413 578 3476 δὲ
622 3412 987 3498 διωρισμένα,
1078 3413 1167 3475 διὸ
1211 3414 1623 3498 εὐλογώτερον,
1692 3412 1936 3475 ἕκαστον
2004 3412 2197 3476 αὐτῶν
2252 3413 2365 3476 ὑπὸ
2422 3417 2525 3476 τοῦ
2570 3413 2783 3477 οἰκείου
2827 3415 3015 3486 εἴδους
3042 3435 3097 3476 25

510 3515 863 3600 συνέχεσθαί
900 3539 964 3578 τε
1007 3517 1103 3579 καὶ
1146 3518 1414 3600 ἡνῶσθαι
1456 3515 1643 3599 λέγειν
1688 3516 1834 3599 πρὸς
1879 3515 2071 3595 ἑαυτό,
2141 3514 2293 3579 καθὸ
2338 3517 2487 3579 ἐστιν
2531 3516 2724 3579 αὐτῶν
2770 3517 3003 3604 ἑκάστῳ

508 3621 572 3682 τὸ
617 3618 782 3694 εἶναι,
827 3619 929 3701 τὴν
980 3617 1096 3704 (δὲ)
1137 3619 1507 3703 συμπάθειαν
1538 3618 1730 3682 αὐτῶν
1761 3619 2063 3690 σώζεσθαι
2093 3620 2200 3702 τὴν
2231 3620 2376 3703 πρὸς
2404 3617 2631 3702 ἄλληλα
2673 3621 2768 3685 διά
2796 3645 2859 3684 τε
2902 3624 3006 3706 τὴν

509 3726 614 3806 τῆς
659 3721 800 3806 ὕλης
841 3723 1136 3784 κοινωνίαν
1186 3723 1280 3786 καὶ
1325 3724 1434 3806 τὴν
1479 3725 1582 3784 τοῦ
1629 3720 2028 3805 περικειμένου
2072 3722 2239 3787 θείου
2286 3725 2557 3804 σώματος
2618 3722 2777 3808 αὐτῷ
2824 3725 3014 3810 φύσιν,

510 3824 547 3907 ἢ
592 3825 660 3887 τὸ
703 3825 797 3888 διὰ
840 3829 942 3887 τοῦ
987 3825 1341 3907 πνεύματος·
1409 3826 1719 3908 δεσμώτης
1761 3824 1873 3907 γὰρ
1918 3825 2014 3887 καὶ
2077 3827 2109 3888 ὁ
2152 3823 2317 3894 τόνος
2357 3830 2460 3887 τοῦ
2506 3825 2847 3908 πνεύματος,
2898 3827 2999 3912 ὕφ’

401 3947 469 3996 35
505 3926 574 3990 οὔ
621 3927 975 4010 συνδούμενα
1019 3927 1122 4010 τήν
1170 3951 1234 3990 τε
1279 3927 1587 4012 συνέχειαν
1631 3924 1760 4012 ἔχει
1803 3928 1909 4009 τὴν
1954 3927 2099 4009 πρὸς
2149 3928 2221 3991 τὰ
2275 3929 2463 3992 οἰκεῖα
2507 3929 2657 4014 μέρη
2704 3931 2797 3992 καὶ
2841 3937 3009 4016 συνῆ·
3036 3950 3095 3992 ω

507 4054 644 4094 πται
684 4035 804 4099 τοῖς
848 4029 1309 4115 παρακειμένοις.
1400 4031 1739 4114 βιαζόμενον
1809 4030 1913 4113 μὲν
1959 4029 2068 4113 γὰρ
2140 4030 2251 4095 ὑπό
2298 4053 2447 4099 τινος
2489 4033 2555 4094 τὸ
2600 4036 2847 4116 πνεῦμα,
2919 4033 3012 4097 διὰ

399 4248 436 4298 4
470 4246 698 4315 ἀμιίιοτα
735 4245 923 4298 ldeler:
972 4244 1134 4313 ἀμείω
1169 4245 1232 4298 τὰ
1271 4245 1392 4298 libri
1573 4244 1602 4296 7
1643 4245 1729 4295 καὶ
1766 4258 1867 4297 om.
1904 4243 2067 4296 Ideler
2250 4245 2313 4296 10
2349 4243 2478 4314 αὕτη
2515 4245 2705 4299 Ideler:
2742 4246 2872 4316 αὺτὴ
2908 4247 3027 4300 libri

403 4333 470 4386 13
505 4333 657 4398 αὑτὰ]
681 4333 832 4391 αὑτὰς
857 4337 938 4386 Ra
1077 4333 1284 4401 γενέσει]
1308 4332 1466 4402 γένεσι
1490 4350 1524 4383 a
1547 4331 1708 4384 ideler
1864 4333 1925 4385 14
1952 4331 2147 4402 συνέχει
2173 4333 2317 4384 RSa:
2346 4339 2539 4403 συνεχεῖ
2558 4335 2744 4386 ABOP
2892 4333 2955 4387 15
2981 4333 3123 4386 αὐτοὶ

397 4422 541 4476 Diels
706 4421 770 4474 16
808 4419 1022 4488 ὕλικαῖς]
1049 4421 1240 4477 ὓτικαῖς
1275 4420 1477 4473 BCPS:
1517 4435 1616 4472 om.
1655 4437 1688 4472 a
1851 4420 1911 4472 17
1951 4419 2138 4478 οὐσίαις
2174 4437 2207 4472 ιι
2374 4419 2438 4472 18
2472 4421 2551 4490 τῷ
2586 4424 2798 4490 scripsi:
2836 4422 2896 4474 τὸ
2931 4423 3051 4474 libri

397 4509 596 4578 σώματι
635 4512 714 4561 Ra
893 4508 955 4560 19
1010 4507 1210 4578 ψευδεῖς
1246 4509 1314 4559 A¹
1496 4507 1564 4558 20
1611 4525 1658 4559 τι
1694 4505 1776 4575 ὃν]
1812 4525 1909 4558 τινι
1947 4511 2025 4560 Ra
2204 4506 2270 4557 22
2317 4524 2439 4559 ποτε
2476 4507 2667 4561 Ideler:
2706 4511 2820 4562 τότε
2860 4511 2979 4563 libri

399 4595 466 4650 27
503 4596 723 4649 fortasse
759 4594 862 4660 (ἂν)
899 4595 963 4665 ἠν
1175 4595 1245 4650 28
1281 4595 1480 4660 ὁποίαν]
1519 4593 1667 4647 ὁποία
1705 4595 1764 4646 ἂν
1800 4591 1881 4666 <ᾐ>
1918 4593 2081 4646 Diels:
2120 4593 2459 4646 ὁποιαντινοῦν
2499 4597 2625 4664 (om.
2650 4596 2765 4666 τὴν)
2792 4598 3049 4650 Schwartz

397 4685 670 4756 γενομένην
708 4683 870 4736 Ideler
1011 4682 1078 4735 32
1127 4683 1180 4736 δὲ
1216 4683 1395 4736 addidi
1539 4683 1628 4734 alt.
1665 4683 1760 4752 τὴν
1781 4681 1963 4749 Apelt:
2002 4684 2068 4754 τῇ
2091 4681 2216 4734 libri
2356 4685 2471 4735 tert.
2508 4681 2601 4753 τὴν
2629 4698 2729 4736 om.
2756 4703 2789 4737 a
2928 4684 2997 4737 34
3032 4685 3118 4754 τὸ]

396 4774 476 4844 τῷ
510 4776 614 4827 Ra:
651 4771 872 4826 forta-sse
909 4771 1008 4824 del.
1184 4775 1275 4824 τοῦ
1311 4786 1411 4824 om.
1449 4790 1480 4823 a
1655 4768 2291 4840 δεσμώτης-πνευματος
2328 4784 2427 4822 om.
2458 4773 2537 4823 Ra
2714 4772 2782 4825 35
2819 4772 3125 4842 συνδεόμενα

398 4862 558 4931 Apelt
769 4857 836 4912 36
885 4863 980 4926 μὲν
1019 4875 1064 4914 s.
1089 4876 1138 4912 ν.
1167 4864 1214 4911 Α
