3684 5567
1280 241 1540 299 ΗΘΙΚΩΝ
1583 240 2113 298 ΠΡΟΒΛΗΜΑΤΩΝ
2154 246 2321 298 9-11
3035 246 3153 310 131

548 442 725 495 νεται,
768 421 834 482 τὸ
881 419 965 491 δέ,
1012 420 1081 484 οὗ
1112 422 1281 505 χάριν
1311 418 1526 502 γίνεταί
1565 442 1709 493 τινα,
1755 418 1919 488 τέλος
1963 418 2218 495 ἐκείνων,
2265 420 2324 481 ἐν
2358 422 2476 489 τοῖς
2520 419 2691 502 φύσει
2734 416 3050 502 γινομένοις

550 521 716 592 τέλος
758 523 814 585 τί
855 522 1025 587 ἐστιν.
1096 523 1247 586 ἀλλὰ
1292 524 1406 606 μὴν
1453 523 1517 585 τὸ
1562 520 1727 591 τέλος
1768 525 1886 584 τῶν
1931 526 2033 585 τοῦ
2073 520 2272 591 τέλους
2316 524 2485 607 χάριν
2530 522 2844 606 γινομένων
2890 520 3048 603 ἅμει·

550 648 667 701 νον,
716 627 869 690 ὥστε
913 628 1008 691 καὶ
1055 633 1171 689 τῶν
1203 626 1373 712 φύσει
1416 624 1727 708 γινομένων
1772 624 1846 688 τὰ
1889 624 2027 709 τέλη
2073 629 2188 687 τῶν
2235 626 2470 689 ἐκείνων
2515 625 2830 709 γινομένων
2877 625 3046 710 χάριν
3075 638 3128 680 2⁵

550 728 787 810 ἀμείνω.
856 728 981 793 ἔστι
1024 731 1089 793 δὲ
1136 730 1229 793 καὶ
1276 731 1307 792 ὁ
1354 729 1663 814 ἄνθρωπος
1707 733 1823 791 τῶν
1869 728 2040 811 φύσει
2068 728 2403 812 γινομένων,
2453 729 2608 792 ὥστε
2651 729 2808 792 ἐστίν
2851 752 2905 792 τι
2949 728 3043 791 καὶ

480 853 509 902 5
548 832 735 917 τούτῳ
787 831 793 918 Ι
842 833 1033 911 τέλος,
1089 836 1185 898 καὶ
1233 837 1401 896 τοῦτο
1446 838 1561 896 τῶν
1616 829 1709 917 ἐφ’
1766 831 1854 900 οἷς
1905 836 2074 894 τοῦτο
2129 832 2370 917 βέλτιον.
2459 831 2624 901 τέλος
2669 833 2733 895 δὲ
2775 836 2878 896 τοῦ
2923 832 3014 895 ἀν·
3061 836 3152 895 251

550 936 792 1020 θρώπου
846 940 911 1001 τὸ
958 940 1265 1002 σπουδαῖον
1323 936 1631 1020 ἄνθρωπον
1683 935 1982 1018 γενέσθαι,
2036 934 2239 997 τούτου
2285 937 2455 1019 χάριν
2511 936 2542 997 ὁ
2590 934 2928 1019 ἄνθρωπος,
2981 934 3047 997 τὸ

551 1040 617 1102 δὲ
671 1042 979 1105 σπουδαῖον
1031 1041 1302 1124 γενέσθαι
1355 1040 1478 1103 ἐστὶ
1534 1040 1599 1103 τὸ
1663 1036 1819 1123 ἔχειν
1877 1038 1980 1107 τὰς
2036 1038 2350 1122 ἀνθρώπου
2407 1038 2632 1120 ἀρετάς.
2730 1037 2880 1101 ἀλλὰ
2937 1037 3048 1121 μὴν
3103 1054 3132 1095 5

547 1140 660 1227 οὐχ
707 1142 827 1207 οἷόν
872 1168 935 1207 τε
980 1148 1147 1228 σχεῖν
1192 1149 1279 1228 τῷ
1327 1144 1626 1227 ἀνθρώπῳ
1670 1140 1773 1210 τὰς
1818 1142 2058 1225 ἀρετάς,
2103 1142 2156 1205 εἰ
2203 1142 2283 1225 μὴ
2331 1146 2562 1225 πρῶτον
2609 1140 2919 1226 ἄνθρωπος
2960 1141 3048 1223 γέ-

496 1236 503 1241 ’
548 1267 719 1309 νοιτο.
788 1247 821 1309 ὁ
867 1245 1176 1330 ἄνθρωπος
1219 1246 1333 1332 ἄρα
1376 1251 1482 1330 τῆς
1526 1250 1641 1308 τῶν
1687 1245 1913 1328 ἀρετῶν
1955 1244 2218 1326 κτήσεως
2260 1245 2451 1328 χάριν,
2498 1240 2617 1307 ἀλλ’
2660 1243 2771 1328 οὐχ
2818 1244 2876 1307 αἵ
2921 1244 3050 1328 ἀρε·

448 1368 511 1415 10
546 1350 637 1410 ταὶ
684 1353 784 1413 τοῦ
832 1350 1169 1434 ἀνθρώπου.
1260 1351 1349 1413 διὸ
1394 1350 1491 1413 καὶ
1535 1348 1786 1431 ἀμείνων
1845 1347 1876 1409 ὃ
1921 1345 2270 1431 κεκτημένος
2325 1345 2426 1415 τὰς
2479 1346 2687 1430 ἀρετὰς
2739 1345 3046 1431 ἅνθρωπος
3077 1363 3130 1406 ιο

549 1456 651 1515 τοῦ
694 1454 880 1538 χωρὶς
923 1454 1141 1517 τούτων
1198 1454 1533 1537 ἀνθρώπου.
1623 1452 1693 1514 οὐ
1737 1449 1850 1535 γὰρ
1893 1450 1954 1513 αἱ
2010 1450 2206 1535 ἀρεταὶ
2257 1450 2522 1533 γίνονται.
2613 1449 2680 1512 οὐ
2725 1450 2834 1534 γὰρ
2878 1453 3049 1534 ἡμεῖς

546 1555 723 1625 αὐτὰς
774 1556 1055 1637 κτώμεθα
1108 1559 1188 1625 ὡς
1242 1556 1461 1640 χωρίον
1516 1555 1555 1637 ἢ
1602 1555 1960 1639 ἀνδράποδον
2016 1554 2054 1637 ἢ
2101 1553 2314 1629 οἰκίαν,
2371 1552 2490 1615 ἀλλ’
2545 1554 2584 1637 ἡ
2630 1559 2746 1616 τῶν
2801 1554 3047 1619 ἑκάστου

546 1661 767 1744 ἀρετῶν
812 1659 1028 1742 γένεσις
1074 1659 1134 1721 ἐν
1179 1661 1255 1741 τῇ
1288 1662 1489 1743 κτήσει
1533 1656 1742 1721 αὐτῶν.
1818 1658 1870 1720 εἰ
1917 1657 1980 1720 δὲ
2024 1658 2063 1739 ἡ
2103 1656 2321 1739 γένεσις
2365 1656 2556 1719 αὐτῶν
2603 1656 2663 1719 ἐν
2709 1662 2784 1739 τῇ
2826 1657 3046 1740 κτήσει,

546 1764 643 1826 καὶ
686 1765 753 1825 τὸ
786 1761 931 1825 εἶναι
978 1760 1179 1831 αὐταῖς
1223 1762 1283 1825 ἐν
1328 1762 1535 1845 τούτῳ,
1582 1758 1705 1825 ἔστι
1750 1762 1816 1824 δὲ
1860 1762 1926 1824 τὸ
1972 1760 2136 1829 τέλος
2179 1762 2317 1843 ἡμῖν
2363 1762 2401 1843 ἡ
2435 1765 2633 1845 κτῆσις
2675 1760 2890 1839 αὐτῶν,
2935 1760 3048 1825 εἶεν
3079 1779 3130 1822 15

448 1886 508 1936 15
550 1865 616 1929 ἂν
662 1866 759 1928 καὶ
814 1866 875 1928 αἱ
920 1866 1115 1949 ἀρεταὶ
1176 1863 1313 1948 τέλη
1368 1867 1538 1949 ἡμῶν
1594 1866 1687 1927 καὶ
1734 1864 1952 1927 τούτων
2005 1864 2176 1948 χάριν
2222 1865 2409 1945 ἡμεῖς.
2503 1864 2589 1926 διὸ
2644 1864 2738 1926 καὶ
2785 1863 3053 1946 ἀμείνους

545 1971 714 2053 ἡμῶν
759 1970 817 2031 αἱ
864 1968 1081 2052 ἀρεταί,
1128 1967 1273 2031 διότι
1317 1968 1413 2031 καὶ
1456 1967 1522 2029 τὸ
1570 1967 1732 2036 τέλος
1778 1968 1949 2052 ἡμῶν
1994 1967 2054 2030 ἐν
2100 1972 2174 2050 τῇ
2222 1971 2338 2030 τῶν
2383 1967 2607 2051 ἀρετῶν
2654 1967 2942 2051 παρουσίᾳ
2986 1990 3049 2030 τε

548 2074 642 2135 καὶ
687 2073 906 2155 κτήσει.

544 2312 651 2377 ΧΙ.
713 2308 855 2379 Ὅτι
902 2314 992 2397 μὴ
1025 2318 1403 2400 πολλαχῶς
1447 2315 1521 2378 τὸ
1553 2314 1912 2388 α’κοὺσιον,
1960 2312 2112 2376 ἐπεὶ
2145 2315 2256 2377 καὶ
2302 2313 2417 2397 βίᾳ
2460 2315 2574 2377 καὶ
2621 2312 2702 2377 δι’
2745 2311 3048 2396 ἄγνοιαν.
3077 2328 3134 2371 ω

698 2480 918 2570 Ὥσπερ
962 2485 1030 2549 οὐ
1075 2486 1301 2568 λέγεται
1346 2489 1660 2571 πολλαχῶς
1705 2486 1770 2549 τὸ
1816 2489 1993 2569 ζῷον,
2046 2485 2173 2548 ἐπεὶ
2219 2486 2284 2548 τὸ
2333 2485 2434 2569 μέν
2479 2486 2633 2549 ἐστιν
2679 2486 2858 2549 αὐτοῦ
2902 2488 3048 2569 λογι-

440 2607 507 2654 20
544 2589 645 2652 κὸν
688 2594 755 2652 τὸ
802 2586 854 2652 δ’
912 2586 1150 2672 ἄλογον,
1206 2586 1325 2652 ἀλλ’
1382 2589 1519 2653 οὐδὲ
1568 2590 1608 2672 ἡ
1654 2588 1826 2653 κακία
1881 2591 2225 2674 πολλαχῶς,
2284 2588 2412 2652 ἐπεὶ
2455 2591 2494 2673 ἡ
2544 2590 2647 2674 μὲν
2694 2586 2827 2653 καθ’
2885 2590 3052 2673 ὑπερ·

544 2693 751 2776 βολήν,
804 2692 844 2774 ἡ
890 2693 956 2756 δὲ
1012 2692 1159 2755 κατὰ
1212 2689 1461 2769 ἔνδειαν,
1524 2692 1709 2761 οὕτως
1753 2692 1892 2755 οὐδὲ
1945 2693 2011 2754 τὸ
2070 2689 2358 2776 ἀκοὺΙσιον
2413 2696 2758 2778 πολλαχῶς,
2817 2692 2943 2756 ἐπεὶ
2987 2691 3053 2754 τὸ
3079 2708 3134 2753 25

543 2796 645 2876 μὲν
692 2794 873 2859 αὐτοῦ
906 2795 1023 2880 βίᾳ,
1068 2796 1134 2859 τὸ
1182 2796 1245 2858 δὲ
1291 2792 1361 2858 δι’
1406 2794 1657 2879 ἄγνοιαν.
1733 2794 1882 2879 μέρη
1925 2796 2034 2880 γὰρ
2078 2796 2116 2879 ἢ
2163 2794 2290 2879 εἴδη
2335 2801 2438 2860 τοῦ
2483 2796 2763 2861 ἀκουσίου
2810 2801 3008 2862 ταῦτα.
3055 2806 3159 2863 252

543 2899 594 2963 εἰ
638 2900 705 2963 δὲ
749 2900 832 2983 μὴ
878 2902 1194 2983 πολλαχῶς
1248 2899 1313 2962 τὸ
1368 2900 1671 2975 ἀκούσιον,
1725 2897 1853 2962 οὐδ’
1911 2896 1978 2961 ἂν
2026 2900 2057 2962 ὃ
2103 2898 2279 2968 τόπος
2333 2896 2417 2962 ἔτι
2470 2898 2566 2962 διὰ
2609 2904 2778 2963 τοῦτο
2823 2901 3052 2985 διαβάλ-

549 3004 703 3064 λοιτο
749 3002 782 3064 ὁ
829 3001 1003 3071 ἀξιῶν
1046 2999 1130 3064 ἐἰ
1182 3004 1249 3066 τὸ
1296 3002 1491 3087 ἕτερον
1543 3007 1659 3065 τῶν
1707 3002 1979 3067 ἐναντίων
2026 3006 2369 3087 πολλαχῶς,
2424 3004 2518 3067 καὶ
2564 3005 2629 3066 τὸ
2676 3004 2872 3089 ἕτερον
2916 3009 3051 3069 πολ-
3105 3023 3133 3065 5

442 3124 505 3172 25
546 3107 776 3190 λαχῶς·
835 3105 901 3169 οὐ
943 3109 1257 3190 πολλαχῶς
1300 3107 1365 3169 δὲ
1407 3107 1473 3168 τὸ
1514 3106 1774 3170 ἑκούσιον
1818 3110 1922 3170 τοῦ
1963 3107 2239 3170 ἀκουσίου
2284 3110 2386 3169 τοῦ
2418 3106 2675 3170 ἐναντίου
2721 3107 2886 3192 αὐτῷ’
2919 3112 3052 3172 πολ·

547 3212 751 3293 λαχῶς
811 3207 1175 3289 λεγομένου’;
1236 3210 1373 3271 οὐδὲ
1424 3208 1531 3293 γὰρ
1585 3211 1624 3293 ἡ
1680 3210 1854 3273 κακία
1915 3213 2260 3295 πολλαχῶς,
2325 3210 2453 3273 ἐπεὶ
2517 3212 2555 3292 ἡ
2616 3210 2720 3293 μέν
2779 3210 2931 3275 ἐστιν
2989 3212 3050 3275 ἐν

546 3311 843 3395 ὑπερβολῇ
890 3312 929 3393 ἡ
976 3312 1039 3373 δὲ
1090 3310 1151 3373 ἐν
1198 3311 1405 3395 ἐνδείᾳ.
1494 3312 1655 3394 γένος
1697 3315 1809 3397 γάρ
1855 3338 1906 3377 τι
1946 3316 1985 3397 ἡ
2031 3314 2201 3377 κακία
2253 3314 2348 3376 ἐπὶ
2393 3311 2602 3378 εἴδεσιν
2656 3318 2729 3398 τῇ
2776 3336 2838 3376 τε
2885 3314 3050 3398 ὑπερ·
3081 3328 3134 3370 1⁰

549 3414 699 3498 βολῇ
745 3414 842 3477 καὶ
873 3418 947 3497 τῇ
980 3413 1189 3497 ἐνδείᾳ,
1236 3416 1334 3477 καὶ
1373 3415 1573 3499 ὥσπερ
1617 3416 1789 3479 κακία
1835 3417 1940 3500 μὲν
1987 3417 2253 3501 ἑκατέρα,
2299 3418 2396 3481 καὶ
2441 3420 2480 3502 ἡ
2513 3418 2574 3481 ἐν
2607 3418 2903 3502 ὑπερβολῇ
2951 3417 3048 3480 καὶ

542 3518 581 3601 ἡ
626 3518 689 3581 ἐν
734 3516 922 3599 ἐνδείᾳ
965 3516 1131 3599 (οὐδὲ
1176 3517 1283 3602 γὰρ
1328 3516 1451 3580 οἷόν
1494 3542 1559 3581 τε
1603 3519 1727 3601 ἅμα
1770 3521 1868 3583 τὸν
1912 3523 2090 3584 κακὸν
2135 3519 2262 3585 κατ’
2318 3519 2498 3606 ἄμφω
2544 3521 2721 3585 κακὸν
2767 3520 2931 3602 εἶναι,
2978 3518 3046 3583 οὐ

440 3640 506 3687 30
545 3618 735 3702 μέντοι
788 3620 885 3681 καὶ
928 3620 967 3701 ἡ
1016 3620 1192 3704 ἀρετὴ
1250 3620 1363 3704 ἤδη
1418 3622 1591 3706 διπλῆ
1640 3623 1888 3708 ἑκατέρᾳ
1941 3630 2056 3687 τῶν
2101 3630 2317 3689 κακιῶν
2375 3625 2487 3688 ἰδία
2532 3648 2615 3694 τις
2659 3623 3048 3707 ἀντικειμένη·
3081 3640 3134 3682 15

542 3722 609 3786 οὐ
651 3722 763 3806 γὰρ
809 3719 1088 3805 αὔταρκες
1140 3724 1283 3807 πρὸς
1329 3724 1540 3809 ἀρετὴν
1592 3726 1659 3789 τὸ
1708 3728 1787 3810 μὴ
1837 3727 1984 3791 εἶναι
2038 3728 2101 3792 ἐν
2159 3729 2485 3813 ὑπερβολῇ,
2550 3728 2589 3811 ἢ
2636 3728 2805 3791 πάλιν
2850 3728 2918 3790 τὸ
2966 3728 3046 3811 μὴ

543 3824 687 3888 εἶναι
719 3826 779 3887 ἐν
812 3825 1023 3908 ἐνδείᾳ,
1068 3824 1217 3888 ἀλλὰ
1248 3827 1353 3902 δεῖ,
1399 3828 1453 3889 εἰ
1482 3828 1663 3912 ἀρετὴ
1694 3825 1905 3906 ἔσοιτο,
1951 3831 2012 3893 ἐν
2045 3830 2348 3916 μηδετέρῳ
2379 3831 2610 3895 ἐκείνων
2645 3830 2822 3913 εἶναι)
2865 3830 3052 3899 οὕτως

541 3930 638 3991 καὶ
681 3929 747 3992 τὸ
806 3930 1069 3993 ἑκούσιον
1125 3928 1185 3991 ἐν
1239 3933 1315 4013 τῇ
1362 3929 1640 4015 ἑκατέρου
1696 3936 1813 3996 τῶν
1868 3934 1928 3996 ἐν
1985 3933 2071 4002 οἷς
2124 3939 2207 4018 τῷ
2264 3934 2522 4019 ἀκουσίῳ
2579 3934 2646 3997 τὸ
2691 3932 2844 3997 εἶναί
2892 3934 3046 3997 ἐστιν

542 4030 837 4096 ἀντιθέσει
882 4032 1006 4114 ἅμα
1050 4032 1115 4095 τὸ
1160 4030 1305 4095 εἶναι
1350 4030 1495 4119 ἔχει.
1583 4037 1675 4098 δεῖ
1722 4034 1832 4121 γὰρ
1887 4038 1983 4100 τὸν
2031 4038 2314 4107 ἑκουσίως
2367 4062 2418 4101 τι
2463 4042 2736 4101 ποιοῦντα
2780 4038 2840 4100 ἐν
2884 4038 3049 4123 αὐτῷ
3078 4054 3134 4096 so

440 4254 471 4307 6
507 4257 601 4328 γὰρ
639 4256 783 4328 χάριν
818 4256 891 4308 13²
928 4258 1066 4308 coni.
1103 4257 1192 4323 Sp.
1424 4256 1455 4306 7
1496 4258 1677 4325 αρετάσ
1715 4260 1762 4307 V
1974 4253 2027 4309 ‘t'
2067 4257 2196 4329 ἔχειν
2237 4262 2372 4312 coni.
2411 4262 2498 4327 Sp.
2722 4261 2753 4313 9
2802 4262 2898 4331 ἄρα
2935 4260 3016 4328 (in
3053 4278 3153 4331 mg.

440 4344 541 4410 τοι)
578 4346 702 4395 VB:
759 4342 785 4395 ὁ
822 4343 916 4412 γὰρ
962 4341 1230 4415 ἅνθρωπος
1268 4345 1397 4396 GFS
1435 4342 1519 4410 (8³
1555 4345 1611 4395 in
1651 4360 1753 4412 mg.
1790 4344 1909 4416 ἄρα)
1947 4349 2127 4398 MNL:
2185 4345 2211 4398 ὁ
2251 4344 2519 4419 ἄνθρωπος
2562 4347 2658 4419 ἄρα
2695 4366 2726 4399 a
2759 4351 2849 4416 Sp.

445 4430 503 4481 ll
541 4429 931 4500 οὒ-γίνονται]
972 4431 1233 4483 sententia
1268 4434 1360 4483 aut
1394 4446 1579 4483 manca
1616 4431 1809 4503 (ἀρεταὶ
1848 4434 2044 4504 (χωρὶς)
2081 4434 2247 4499 Diels)
2285 4444 2376 4486 aut
2411 4434 2633 4488 delenda
2807 4434 2884 4487 12.
2930 4437 2992 4488 13
3039 4436 3155 4488 ἑκά-

443 4532 559 4572 στου
595 4520 813 4591 ἀρετῶν]
862 4537 891 4570 υ
929 4520 990 4591 ἀρ
1026 4522 1085 4572 in
1122 4520 1199 4571 lit.
1240 4523 1287 4570 V
1500 4518 1561 4571 21
1622 4518 1735 4572 οὐδὲ
1782 4522 1916 4573 coni.
1958 4524 2071 4588 Spa
2129 4521 2244 4574 οὔτε
2277 4523 2397 4575 libri
2612 4522 2677 4574 22
2729 4522 2789 4592 ἢ]
2823 4523 2856 4592 ἠ
2897 4528 2945 4575 V

442 4604 507 4657 24
558 4614 677 4673 post
715 4606 742 4659 ὁ
778 4608 939 4660 litura
976 4610 1025 4658 V
1238 4608 1303 4659 26
1351 4604 1466 4659 οὐδὲ
1503 4610 1619 4674 Sp.:
1676 4606 1791 4659 οὔτε
1827 4608 1951 4660 libri
2164 4610 2229 4663 27
2276 4608 2435 4678 γένος]
2473 4608 2603 4668 τινὸς
2640 4628 2672 4663 a
2885 4610 2950 4664 29
2996 4610 3047 4663 ἐν
3084 4614 3156 4665 Sa.

443 4696 554 4761 Sp.:
610 4694 689 4747 ἐπὶ
729 4698 821 4748 VB
1063 4693 1132 4748 30
1186 4696 1219 4765 ἡ
1271 4710 1371 4747 om.
1409 4714 1441 4747 a
1477 4698 1565 4761 Sp.
1804 4694 1958 4767 διπλῇ
2003 4715 2035 4749 a
2070 4699 2159 4765 Sp.
2389 4697 2602 4770 ἑκατέρα
2647 4714 2776 4751 corr.
2821 4700 2878 4751 in
2923 4698 3157 4769 ἑκατέραι

445 4796 489 4831 v.
515 4796 557 4834 c.
583 4786 631 4834 V
844 4782 909 4835 31
948 4780 981 4852 ἢ
1020 4782 1138 4836 add.
1178 4798 1224 4835 v.
1253 4798 1297 4835 c.
1323 4786 1373 4835 V
1587 4782 1653 4835 32
1692 4782 1787 4852 δεῖ]
1828 4783 1890 4853 δὴ
1917 4803 1950 4836 a
2162 4784 2230 4837 34
2265 4784 2342 4837 δεῖ
2374 4784 2480 4839 8²13
2521 4787 2599 4852 (in
2636 4785 2736 4853 lit.)
2774 4804 2830 4838 a:
2869 4785 2948 4839 διὰ
2973 4788 3084 4840 VS¹

452 4866 587 4939 αὐτῷ
624 4873 670 4922 V
