3684 5567
550 240 668 304 186
1426 237 1882 295 AAEEANAPOT
1921 236 2368 295 ΑΦΡΟΔΙΣῙΕΩΣ

652 411 845 481 ἄλλως
890 412 989 497 ὑφ’
1042 415 1213 497 ἡμῶν
1259 414 1573 497 γινομένων
1618 414 1711 477 ἐπὶ
1756 418 2106 499 περιεστῶσι
2150 420 2270 484 τοῖς
2313 415 2512 485 ἄλλοις
2567 416 2748 500 ἄλλην
2793 416 2916 480 τινὰ
2961 406 3142 480 αἰτίαν

650 516 997 599 ἀπαιτητέον
1042 515 1177 599 παρ’
1232 516 1405 579 αὐτὸν
1450 517 1547 579 τὸν
1592 515 1923 601 ἄνθρωπον.
2012 522 2182 581 τοῦτο
2249 518 2358 603 γὰρ
2402 518 2476 601 ἧν.
2519 520 2586 581 τὸ
2633 520 2930 602 ἀνθρώπῳ
2975 518 3141 593 εἶναι,

649 619 716 681 τὸ
759 619 867 703 γὰρ
914 620 1073 704 ἀρχὴ
1140 620 1238 682 καὶ
1280 619 1435 683 αἰτία
1478 618 1623 683 εἶναι
1689 626 1805 683 τῶν
1851 618 1924 684 δι’
1979 622 2160 685 αὐτοῦ
2213 620 2528 705 γινομένων
2595 621 2877 705 πράξεων.
2965 622 3032 684 τὸ
3075 622 3142 685 δὲ
3193 640 3223 681 5

649 720 833 804 λέγειν
899 723 995 785 καὶ
1038 722 1172 791 τοὺς
1216 723 1717 807 βουλευσαμένους
1758 728 1844 807 τῷ
1901 723 2232 807 φαινομένῳ
2299 724 2836 806 συγκατατίθεσθαι,
2905 725 3002 787 καὶ
3046 723 3141 786 διὰ

578 842 611 891 5
646 826 815 886 τοῦτο
882 825 977 887 καὶ
1020 830 1095 908 τῇ
1142 825 1429 909 φαντασία
1494 822 1874 907 ὁμοίωςῗτοῖς
1941 825 2140 894 ἄλλοις
2181 824 2356 911 ζῴοις
2407 827 2674 906 ἕπεσθαι,
2739 826 2846 889 οὐκ
2899 826 3137 909 ἀληθές.

648 927 717 989 οὐ
760 927 867 1011 γὰρ
912 928 1195 1011 φαντασία
1238 928 1303 991 τὸ
1348 930 1691 1011 φαινόμενον
1738 932 1872 991 πᾶν.
1961 930 1998 1011 ἡ
2069 930 2173 1012 μὲν
2239 930 2347 1013 γὰρ
2404 930 2690 1013 φαντασία
2735 931 2894 1013 ἁπλῆ
2939 952 3002 991 τε
3045 929 3140 991 καὶ
3169 944 3224 987 ιο

648 1031 832 1115 χωρὶς
876 1029 1052 1113 λόγου
1098 1030 1211 1091 ὑπὸ
1255 1035 1374 1092 τῶν
1418 1030 1635 1100 ἔξωθεν
1680 1031 2156 1115 προσπιπτόντων
2199 1032 2428 1114 γίνεται,
2493 1034 2721 1095 ἐοικυῖα
2773 1038 2894 1101 ταῖς
2937 1032 3140 1115 αἰσθη-

648 1138 831 1201 τικαῖς
876 1133 1203 1218 ἐνεργείαις,
1271 1134 1360 1196 διὸ
1408 1136 1503 1197 καὶ
1547 1134 1652 1217 τὴν
1702 1135 1870 1219 ἰσχὺν
1917 1135 1976 1197 ἐν
2021 1139 2140 1204 τοῖς
2185 1136 2416 1217 ἀλόγοις
2481 1134 2656 1220 ζῴοις
2701 1132 2826 1220 ἔχει
2873 1136 3144 1218 μάλιστα,

648 1236 909 1319 φαίνεται
978 1237 1043 1301 δέ
1086 1261 1211 1300 τινα
1254 1238 1351 1299 καὶ
1395 1236 1489 1299 διὰ
1555 1236 1729 1319 λόγου
1774 1261 1837 1300 τε
1882 1238 1980 1300 καὶ
2023 1239 2181 1321 παρὰ
2223 1242 2610 1322 συλλογισμοῦ
2653 1239 2758 1321 τὴν
2811 1239 2994 1301 αἰτίαν
3039 1241 3141 1300 τοῦ

549 1359 611 1405 10
647 1338 954 1421 φαίνεσθαι
997 1340 1383 1424 λαμβάνοντα,
1448 1340 1487 1401 ἃ
1532 1338 1725 1403 οὐκέτ’
1782 1340 1852 1403 ἄν
1897 1364 1980 1409 τις
2023 1342 2342 1424 φαντασίας
2403 1342 2578 1423 λέγοι.
2669 1342 2702 1403 ὁ
2747 1342 2856 1425 γὰρ
2909 1342 3003 1403 διὰ
3047 1342 3143 1403 τὸν
3171 1357 3226 1399 15

646 1440 940 1525 γινόμενον
986 1442 1119 1527 παρ’
1174 1443 1369 1509 αὐτοῖς
1412 1443 1473 1504 ἐν
1517 1448 1601 1525 τῷ
1648 1444 2036 1529 βουλεύεσθαι
2083 1444 2460 1527 συλλογισμὸν
2493 1441 2992 1527 συγκαταθέμενός
3035 1466 3141 1505 τινι

646 1546 821 1615 αὐτὸς
862 1546 1023 1630 αὑτῷ
1072 1551 1177 1629 τῆς
1220 1546 1703 1628 συγκαταθέσεως
1746 1546 1946 1615 αἴτιος.

806 1646 961 1712 Ἀλλ’
1018 1648 1105 1711 ὅτι
1149 1650 1254 1730 μὲν
1300 1648 1431 1713 οὔτε
1473 1652 1729 1721 σώζουσι
1772 1651 1837 1713 τὸ
1884 1648 1978 1733 ἐφ’
2034 1651 2174 1732 ἡμῖν
2217 1651 2271 1712 οἱ
2318 1650 2578 1731 λέγοντες
2647 1652 2832 1714 πάντα
2875 1649 3010 1715 καθ’
3063 1650 3139 1711 εἰ·
3165 1667 3222 1708 ευ
3267 1659 3396 1710 XVI

648 1752 947 1835 μαρμένην
988 1750 1297 1837 <γίνεσθαι>
1362 1752 1461 1834 (οὐ
1504 1752 1612 1836 γὰρ
1658 1754 1789 1836 περὶ
1832 1750 1902 1815 οὔ
1951 1756 2255 1836 ζητοῦμεν,
2321 1752 2374 1815 εἰ
2419 1756 2666 1824 σώζεται
2733 1750 2856 1817 κατ’
2911 1752 3139 1825 αὐτούς,

550 1875 609 1921 15
648 1858 815 1917 τοῦτο
862 1857 1131 1929 σώζεται,
1174 1856 1241 1917 οἵ
1260 1879 1325 1938 γε
1356 1858 1449 1919 καὶ
1496 1857 1679 1919 αἰτίαν
1726 1857 2062 1919 ἀποδιδόναι
2107 1860 2416 1940 πειρῶνται
2459 1860 2560 1920 τοῦ
2608 1858 2758 1940 μηδὲ
2803 1858 2906 1941 τὴν
2951 1858 3140 1942 ἀρχὴν

647 1960 884 2023 δυνατὸν
930 1958 1073 2021 εἶναι
1118 1960 1183 2021 τὸ
1230 1960 1517 2043 πρᾶγμα),
1585 1959 1721 2023 οὐδὲ
1765 1960 1835 2042 ἣν
1893 1957 2262 2021 ἀποδιδόασιν
2327 1956 2511 2021 αἰτίαν
2556 1957 2649 2021 ἐπ’
2705 1959 2994 2043 ἀναιρέσει
3037 1964 3142 2042 τῆς

648 2063 915 2145 τοιαύτης
980 2062 1257 2140 ἐξουσίας,
1326 2063 1577 2146 ἀληθής,
1646 2064 1726 2146 μὴ
1797 2059 2023 2147 ἔχουσά
2085 2084 2139 2122 τι
2183 2058 2440 2143 εὔλογον,
2508 2060 2575 2123 ἐκ
2639 2066 2756 2123 τῶν
2822 2062 3142 2147 εἰρημένων
3169 2078 3224 2121 5

647 2168 955 2248 γνώριμον.
1042 2165 1193 2228 ἀλλὰ
1260 2167 1374 2249 μὴν
1440 2170 1559 2235 τοῖς
1604 2168 1931 2249 ἀναιροῦσιν
1987 2166 2054 2227 τὸ
2097 2162 2246 2226 εἶναί
2287 2187 2338 2225 τι
2383 2163 2569 2232 οὕτως
2611 2162 2706 2247 ἐφ’
2762 2166 2901 2247 ἡμῖν
2947 2165 3143 2227 ἕπεται

641 2268 707 2329 τὸ
754 2270 989 2352 συγχεῖν
1034 2290 1097 2329 τε
1141 2270 1237 2331 καὶ
1281 2268 1638 2353 ἀνατρέπειν,
1708 2267 1844 2331 ὅσον
1887 2264 1980 2329 ἐπ’
2035 2266 2252 2340 αὐτοῖς,
2321 2267 2416 2328 τὸν
2461 2270 2578 2328 τῶν
2623 2266 2952 2351 ἀνθρώπων
2997 2268 3137 2351 βίον.

542 2390 608 2437 20
645 2372 697 2432 εἰ
739 2372 868 2455 γάρ,
915 2370 1172 2456 ἐχόντων
1220 2371 1323 2453 μὲν
1368 2372 1553 2439 οὕτως
1596 2376 1712 2433 τῶν
1759 2370 2112 2453 πραγμάτων
2159 2373 2242 2438 ὡς
2283 2368 2410 2454 ἔχει
2451 2368 2622 2452 (οὐδὲ
2651 2369 2760 2453 γὰρ
2793 2370 2986 2433 αὐτῶν
3017 2392 3142 2432 τινα

645 2477 839 2537 πεῖσαι
886 2474 1123 2537 δυνατὸν
1171 2474 1253 2557 μὴ
1298 2476 1585 2558 πράττειν,
1652 2472 1690 2535 ἃ
1759 2474 2104 2557 πράττουσιν
2159 2476 2241 2542 ὡς
2283 2471 2522 2558 ἔχοντες
2585 2477 2686 2535 τοῦ
2733 2475 2830 2535 καὶ
2875 2474 3138 2556 πράττειν
3167 2489 3224 2531 α)

648 2576 795 2640 αὐτὰ
839 2578 933 2640 καὶ
980 2578 1064 2660 μὴ
1109 2579 1373 2660 πράττειν
1412 2579 1517 2660 τὴν
1562 2576 1842 2653 ἐξουσίαν,
1879 2574 1886 2661 Ι
1923 2578 2006 2659 μή
2051 2600 2104 2639 τι
2147 2601 2212 2659 γε
2255 2580 2371 2639 τῶν
2417 2576 2611 2638 ἄλλων
2655 2578 2806 2638 τινά·
2853 2576 3134 2659 τοσαύτην
3173 2584 3246 2639 58

648 2680 815 2765 ἰσχὺν
882 2678 1008 2765 ἔχει
1074 2681 1328 2762 τάληθὲς
1370 2682 1465 2743 καὶ
1520 2681 1624 2763 τὴν
1678 2680 1833 2763 παρὰ
1877 2686 1993 2743 τῶν
2048 2678 2361 2762 γινομένων
2419 2677 2733 2763 μαρτυρίαν
2779 2678 3040 2764 ἐναργῆ),
3087 2680 3140 2741 εἰ

645 2783 717 2865 δὴ
763 2785 981 2847 τούτων
1026 2784 1211 2853 οὕτως
1253 2783 1511 2869 ἐχόντων
1557 2784 1727 2868 ἰσχὺν
1772 2783 1965 2847 αὐτῶν
2011 2785 2050 2866 ἢ
2095 2769 2232 2851 δόξα
2297 2782 2580 2865 τοσαύτην
2637 2784 2826 2869 λάβοι,
2879 2786 2960 2850 ὡς
3004 2784 3138 2845 πάν-

540 2906 604 2953 25
643 2909 743 2953 τας
786 2888 1129 2969 ἀνθρώπους
1174 2890 1495 2961 πιστεῦσαι,
1562 2885 1651 2949 ὅτι
1694 2888 1866 2969 ἡμεῖς
1911 2887 2014 2967 μὲν
2058 2885 2292 2953 οὐδενὸς
2335 2886 2537 2967 κύριοι,
2603 2884 2872 2968 ἑπόμεθα
2915 2885 2980 2948 δὲ
3023 2890 3141 2953 τοῖς
3193 2902 3222 2943 5

644 2996 1019 3073 περιεστῶσιν
1064 2990 1173 3064 ἀεί,
1241 2989 1463 3058 τούτοις
1506 2987 1821 3056 ἐνδιδόντες
1865 3010 1927 3051 τε
1973 2989 2068 3051 καὶ
2113 2986 2680 3070 συγκατατιθέμενοι,
2747 2989 2844 3050 καὶ
2900 2990 3139 3071 πράττο-

646 3092 749 3172 μέν
794 3115 855 3155 τε
900 3092 937 3155 ἃ
982 3094 1304 3176 πράττομεν
1350 3097 1435 3178 τῷ
1486 3094 1714 3160 πάντως
1780 3090 2032 3173 ὀφείλειν
2101 3094 2280 3152 ταῦτα
2345 3091 2612 3173 πράττειν
2681 3091 2796 3175 (μὴ
2841 3091 2950 3174 γὰρ
2993 3090 3137 3153 εἶναι

646 3196 881 3258 δυνατὸν
928 3196 1067 3279 ἡμῖν
1114 3193 1293 3258 ὄντων
1338 3201 1453 3259 τῶν
1499 3198 1899 3279 περιεστώτων
1929 3192 2204 3257 τοιούτων
2249 3192 2394 3255 ἄλλο
2439 3216 2492 3255 τι
2523 3194 2757 3277 ποιεῖν),
2803 3192 2870 3256 οὐ
2903 3194 3138 3277 πράττο-

646 3298 749 3378 μέν
794 3322 856 3361 τε
900 3298 1068 3360 πάλιν
1114 3298 1330 3382 ὁμοίως
1375 3298 1471 3362 διὰ
1514 3299 1578 3360 τὸ
1625 3299 1707 3381 μὴ
1754 3297 2035 3361 δύνασθαι
2079 3297 2418 3381 ἀντιβαίνειν
2465 3300 2581 3365 τοῖς
2625 3302 3002 3380 περιεστῶσιν
3046 3292 3136 3359 οὖ·
3165 3314 3222 3355 ιο

538 3420 605 3467 3ο
642 3420 729 3463 σιν
774 3400 1069 3476 τοιούτοις,
1136 3402 1195 3463 τί
1234 3400 1377 3465 ἄλλο
1424 3401 1461 3484 ἢ
1506 3402 1888 3486 συμβήσεται,
1957 3400 2174 3467 πάντας
2228 3400 2580 3483 ἀνθρώπους
2625 3398 2721 3463 διὰ
2766 3400 2869 3482 τὴν
2913 3399 3138 3461 τοιάνδε

642 3505 826 3569 πίστιν
872 3504 945 3568 τὰ
1011 3504 1115 3585 μὲν
1180 3502 1293 3567 ὅσα
1359 3505 1505 3588 μετὰ
1551 3504 1726 3567 πόνου
1772 3504 1922 3573 τινὸς
1967 3503 2064 3567 καὶ
2107 3504 2405 3587 φροντίδος
2447 3504 2678 3586 γίνεται,
2745 3501 2964 3570 τούτοις
3033 3501 3136 3582 μὲν

540 3770 561 3821 1
604 3766 687 3838 ὑφ’
717 3770 864 3839 ἡμῶν
901 3769 1040 3837 quod
1076 3770 1353 3837 scripserat
1388 3774 1507 3837 post
1542 3774 1648 3820 τῶν
1672 3766 1910 3835 (185,31)
1937 3767 2261 3835 transposuit
2297 3771 2416 3834 post
2452 3764 2618 3823 ἄλλως
2643 3766 2740 3817 V¹=
2777 3759 2861 3833 ὑφ’
2887 3765 3038 3835 ἡμῶν
3075 3757 3243 3815 ἄλλοτ’

534 3856 703 3915 ἄλλως
740 3856 816 3909 2¹²
1028 3855 1217 3925 ἄλλοις]
1258 3857 1475 3909 fortasse
1512 3854 1726 3912 αὐτοῖς
1939 3854 1970 3905 :2
2009 3852 2278 3924 ἄνθρωπον
2315 3854 2437 3905 εἶναι
2475 3856 2520 3905 Ο
2733 3851 2765 3903 3
2802 3852 2894 3921 γὰρ
2939 3852 3035 3904 del.
3075 3852 3120 3903 O

536 3946 568 3997 5
612 3950 677 4015 τῇ
724 3944 969 4015 φαντασίᾳ
1014 3944 1298 3998 Schwartz:
1351 3946 1443 4015 τὴν
1491 3946 1762 4014 φαντασίαν
1804 3944 1922 3996 libri
2149 3944 2180 3995 6
2217 3948 2315 3994 πᾶν
2351 3941 2411 3993 τὸ
2448 3940 2748 4011 φαινόμενον
2793 3938 3037 4009 φαντασία
3077 3940 3172 3991 ΗΟ

534 4031 703 4103 ἁπλῆ]
752 4032 969 4085 fortasse
1026 4034 1235 4091 ἁπλῶς
1506 4032 1536 4081 9
1584 4031 1936 4101 συλλογισμοῦ]
1983 4032 2198 4085 alterum
2239 4046 2268 4083 σ
2303 4046 2458 4097 supra
2505 4046 2634 4081 vers,
2674 4032 2718 4078 V
2757 4026 3244 4099 (παρασυλλογισμοῦ

532 4118 630 4183 ⁸¹²)
829 4138 918 4172 του
956 4124 1003 4171 V
1212 4122 1267 4171 11
1319 4118 1487 4177 αὐτοις
1524 4122 1588 4170 V:
1644 4118 1783 4189 αὐτῷ
1822 4118 1986 4170 Lond.
2032 4121 2076 4171 O
2300 4118 2358 4167 14
2407 4114 2626 4183 γίνεσθαι
2675 4116 2790 4167 add.
2832 4118 2877 4167 O
3091 4112 3244 4174 σώζε-

532 4226 612 4259 ται
638 4208 713 4257 αἰ
754 4206 1000 4269 σώζεσθαι
1018 4208 1122 4258 Va¹
1311 4208 1368 4259 15
1408 4205 1506 4275 εἴγε
1536 4212 1602 4258 E:
1642 4207 1861 4259 fortasse
1899 4204 1992 4263 οἷς
2029 4224 2090 4275 γε
2273 4206 2334 4257 16
2374 4204 2488 4256 οὔτε
2511 4203 2626 4256 Cas.
2805 4201 3072 4255 ἀποδόασιν
3097 4200 3176 4252 αι’

531 4312 838 4381 ἐπαναιρέσει
877 4316 926 4361 V
1112 4312 1170 4361 19
1208 4317 1403 4383 συγχεῖν
1430 4310 1531 4362 22¹²:
1578 4297 1801 4383 συνεχεῖν
1840 4311 1916 4362 sic
1954 4313 2018 4361 V:
2057 4317 2312 4381 συνεγχείν
2353 4312 2425 4360 H:
2465 4314 2634 4379 τυχεῖν
2671 4310 2746 4359 K:
2795 4307 3015 4378 συνέχειν
3055 4308 3139 4357 ES

530 4400 619 4452 τὸν
656 4414 755 4451 om.
787 4404 832 4454 Ο
1012 4398 1080 4450 20
1116 4398 1182 4467 εἰ]
1221 4400 1307 4451 καὶ
1345 4402 1389 4453 Ο
1611 4398 1763 4451 αὐτὸν
1801 4400 1882 4450 a¹²
2113 4398 2174 4450 ⁶21
2233 4398 2436 4470 ἔχοντες
2483 4397 2692 4464 scripsi:
2749 4396 2932 4465 ἔχοντα
2969 4392 3132 4445 Lond.
3171 4394 3244 4447 0:

532 4487 741 4556 ἔχοντας
775 4488 893 4541 libri
1096 4484 1163 4537 22
1202 4485 1273 4554 μή
1310 4487 1381 4551 τι]
1420 4486 1547 4555 μήτε
1587 4488 1631 4539 Ο
1847 4484 1912 4536 24
1953 4484 2004 4537 δὲ
2045 4484 2205 4536 Lond.
2245 4488 2290 4535 O
2495 4483 2640 4554 ἰσχὴν
2677 4482 2733 4533 a‘
2930 4482 2988 4550 ἡ]
3026 4480 3056 4548 ἡ
3097 4480 3176 4530 ⁸¹²

531 4591 649 4653 δόξα
684 4592 755 4645 13²
795 4592 956 4644 Lond.
994 4596 1065 4645 O:
1104 4578 1249 4651 δόξαν·
1297 4590 1373 4641 sie
1412 4594 1473 4640 v:
1522 4588 1667 4649 δόξαν
1706 4588 1784 4641 ειν
1975 4587 2144 4657 λαβεῖν
2186 4591 2259 4639 112
2313 4585 2572 4656 λαβόντων
2609 4585 2666 4637 αι
2799 4564 2809 4577 “
2842 4586 2906 4637 27
2953 4586 3028 4653 τῷ
3062 4582 3244 4637 Βωτι

529 4680 593 4734 τὰ
632 4686 677 4731 V
892 4684 1099 4733 πάντωσ
1134 4678 1319 4748 οφὶλειν
1358 4679 1433 4730 sic
1471 4682 1516 4727 V
1757 4681 1915 4729 ταῦτα
1960 4676 2062 4726 affl:
2119 4693 2277 4745 ταυτη
2324 4676 2504 4743 (supra
2550 4694 2612 4744 ηε
2669 4692 2731 4743 ην
2775 4691 2822 4725 v.
2861 4672 2928 4739 c.)
2967 4677 3030 4724 V:
3086 4676 3244 4724 ταῦτα

532 4784 657 4819 corr.
705 4784 769 4819 ex
814 4766 973 4837 ταΰτη
1012 4772 1080 4819 B:
1137 4766 1323 4835 ταύτην
1361 4770 1431 4816 E:
1488 4770 1637 4817 τοῦτο
1678 4769 1722 4820 Ο
1939 4762 2003 4815 29
2060 4782 2114 4815 τε
2151 4765 2271 4813 Va¹2
2327 4762 2380 4814 δὲ
2428 4762 2483 4814 ⁸²
2697 4762 2764 4814 30
2815 4760 2897 4831 [ἢ]
2941 4760 3244 4829 συμβήσεται

530 4854 606 4925 <ῆ>
646 4856 781 4907 coni.
822 4860 865 4909 Ο
1081 4857 1269 4911 πάντας
1310 4857 1433 4905 HE:
1484 4855 1675 4905 πάνταν
1714 4856 1777 4903 V:
1816 4850 1876 4902 ἂν
1915 4853 2098 4911 πάντας
2134 4850 2212 4901 ³¹⁶²
