3684 5567
576 261 703 326 228
1457 259 1918 318 ΑΛΕΞΑΝΔΡΟΥ
1970 259 2421 345 ΑΙΦΡοΔιΣιΕΩΣ

685 433 818 514 πυρὶ
862 434 1097 517 γίνεται,
1145 435 1530 520 σκληρότερος
1575 440 1709 518 γοῦν
1756 439 1788 500 6
1836 437 2193 519 πυρούμενος
2238 438 2473 520 σίδηρος
2518 437 2665 518 μετὰ
2694 437 2798 519 τὴν
2844 435 3041 520 σβέσιν
3086 439 3187 499 τοῦ
3244 453 3274 494 ε

687 538 922 619 πρώτου
967 537 1202 619 γίνεται,
1269 542 1352 608 ὡς
1397 539 1857 623 ἀναλισκομένης
1925 541 2037 603 ὑπὸ
2084 545 2185 603 τοῦ
2252 540 2430 623 πυρὸς
2474 545 2580 622 τῆς
2624 537 2937 623 ὑγρότητος
2980 542 3083 620 τῆς
3129 538 3188 599 ἐν

684 638 870 723 αὐτῷ,
917 644 1013 704 καὶ
1058 641 1368 710 ἐξάπτεταί
1405 665 1469 704 τε
1517 641 1725 726 μέχρις
1771 641 1840 705 ἂν
1888 642 2132 726 ὑγρότης
2178 637 2217 726 ᾗ
2254 665 2338 711 τις
2382 641 2441 704 ἐν
2486 642 2671 725 αὐτῷ,
2718 641 2918 723 ὥσπερ
2962 638 3063 702 οὖν
3092 640 3189 702 καὶ

691 740 848 810 Εύλα.
943 743 1094 806 ἀλλὰ
1139 744 1358 807 τούτων
1408 745 1510 828 μὲν
1557 743 1705 812 ἅλις.

429 850 559 903 XIII
616 865 646 912 5
847 842 1206 930 Ἐπανίωμεν
1275 847 1339 910 δὲ
1405 847 1501 909 ἐπὶ
1546 848 1642 909 τὸν
1688 847 1749 916 ἐξ
1794 847 1987 932 ἀρχῆς
2029 846 2217 929 λόγον.
2307 847 2360 910 εἰ
2403 848 2512 932 γὰρ
2571 846 2641 910 τὰ
2686 845 2962 930 εἰρημένα
3006 847 3191 914 οὕτως
3218 862 3277 903 10

683 949 814 1032 περὶ
860 951 1122 1033 κράσεως
1170 952 1468 1016 παντελῶς
1512 947 1723 1024 ἄτοπα,
1769 951 2084 1031 ἀναγκαῖον
2129 949 2324 1017 ἄλλως
2366 973 2493 1018 πως
2538 950 2639 1019 τὰς
2670 950 2903 1034 κράσεις
2930 949 3188 1032 γίνεσθαι

677 1049 880 1130 λέγειν.
973 1051 1229 1114 λείπεται
1275 1051 1340 1114 δὲ
1386 1051 1544 1134 παρὰ
1588 1050 1817 1126 ταύτας,
1866 1052 1949 1113 ὧν
1994 1050 2150 1120 ἄξιον
2196 1053 2493 1115 ποιεῖσθαι
2538 1051 2707 1135 λόγον
2752 1054 2897 1127 τινά,
2942 1049 3037 1136 (ἡ)
3080 1051 3177 1114 ὑπ’

671 1149 1109 1235 Ἀριστοτέλους
1153 1152 1430 1237 εἰρημένη
1479 1151 1635 1221 δόξα.
1729 1152 1988 1236 εἴπωμεν
2035 1156 2107 1238 δὴ
2156 1155 2249 1218 καὶ
2296 1156 2428 1238 περὶ
2472 1155 2702 1237 ταύτης,
2770 1156 2867 1217 καὶ
2913 1153 3189 1236 δείξωμεν

679 1254 762 1323 τίς
807 1253 936 1318 ποτ’
992 1255 1167 1332 ἐστίν,
1215 1257 1342 1319 ἐπεὶ
1390 1257 1538 1338 μηδὲ
1583 1255 1871 1338 γνώριμός
1916 1257 2037 1320 ἐστι
2081 1261 2202 1324 τοῖς
2267 1259 2503 1325 πολλοῖς
2547 1261 2666 1319 τῶν
2713 1255 3185 1340 φιλοσοφούντων

575 1377 638 1422 ιο
677 1355 770 1418 διὰ
817 1359 1128 1440 συντομίαν
1173 1365 1289 1421 τῶν
1335 1359 1466 1441 περὶ
1510 1358 1695 1441 αὐτῆς
1739 1358 2065 1442 εἰρημένων
2098 1359 2210 1420 ὑπὸ
2242 1363 2347 1421 τοῦ
2376 1360 2728 1444 φιλοσόφου.
2808 1363 3037 1444 πρῶτον
3084 1360 3188 1442 μὲν
3218 1375 3272 1418 1⁵

679 1461 989 1542 ὑρίσωμεν,
1034 1459 1158 1524 τίνα
1203 1461 1359 1524 ἐστὶν
1407 1461 1680 1546 ἀλλήλοις
1725 1461 2031 1544 κιρνᾶσθαι
2075 1459 2364 1544 λεγόμενά
2407 1485 2471 1524 τε
2516 1464 2611 1524 καὶ
2666 1463 2973 1544 δυνάμενα.
3064 1462 3180 1544 ὁρι-

678 1562 821 1625 σθὲν
883 1561 991 1646 γὰρ
1055 1565 1195 1646 ἡμῖν
1255 1567 1425 1626 τοῦτο
1487 1564 1953 1626 ἀποσκευάσεται
2014 1563 2203 1625 πολλὰ
2262 1569 2375 1626 τῶν
2436 1564 2834 1649 ἐνοχλούντων
2894 1565 2991 1625 τὸν
3050 1563 3181 1647 περὶ

673 1653 950 1748 κράσεως
980 1663 1169 1748 λόγον.
1261 1663 1384 1728 ἔστι
1429 1667 1502 1748 δὴ
1549 1666 1587 1747 ἡ
1638 1665 1782 1748 μῖξίς
1828 1688 1889 1727 τε
1934 1666 2030 1728 καὶ
2076 1667 2115 1748 ἡ
2162 1669 2361 1748 κρᾶσις
2410 1667 2469 1728 ἐν
2518 1671 2639 1734 τοῖς
2681 1663 2815 1730 καθ’
2858 1665 3008 1729 αὑτὰ
3052 1667 3185 1749 ὑφε-

675 1769 875 1830 στάναι
922 1768 1094 1851 φύσιν
1139 1765 1363 1852 ἔχουσι.
1455 1769 1543 1830 διὸ
1589 1770 1684 1830 καὶ
1731 1769 1894 1830 δοκεῖ
1934 1767 2216 1830 δύνασθαι
2287 1768 2653 1852 χωρίζεσθαι
2698 1771 2868 1831 πάλιν
2915 1768 3185 1853 ἀλλήλων
3214 1785 3272 1827 ω

573 1889 634 1936 15
675 1867 745 1932 τὰ
793 1871 1117 1954 μεμιγμένα
1165 1869 1252 1933 ὅτι
1299 1871 1364 1932 ἐκ
1409 1868 1628 1932 τούτων
1676 1870 1989 1952 συνῆλθεν.
2068 1870 2120 1932 εἰ
2164 1871 2230 1932 δὲ
2277 1871 2458 1954 μηδὲν
2506 1869 2649 1933 ἄλλο
2694 1871 2985 1955 χωριστὸν
3030 1871 3188 1956 παρὰ

677 1974 782 2055 τὴν
851 1973 1075 2048 οὐσίαν,
1144 1973 1360 2038 οὐσιῶν
1407 1972 1476 2035 ἂν
1524 1975 1561 2056 ἡ
1613 1973 1758 2062 μῖξίς
1802 1997 1865 2035 τε
1932 1974 2027 2036 καὶ
2072 1973 2111 2055 ἡ
2162 1977 2363 2056 κρᾶσις
2408 1972 2521 2058 εἴη.
2614 1975 2668 2037 εἰ
2710 1974 2775 2038 δὲ
2820 1977 3012 2049 τοῦτο,
3082 1974 3189 2037 οὐκ

677 2073 745 2138 ἄν
785 2073 1176 2160 Ἀναξαγόρας
1223 2075 1315 2159 εἴη
1363 2078 1557 2144 καλῶς
1604 2075 1811 2158 λέγων,
1881 2077 2065 2138 πάντα
2135 2075 2197 2137 ἐν
2254 2080 2427 2140 πᾶσιν
2498 2077 2806 2161 μεμῖχθαι.
2900 2075 3037 2140 οὔτε
3079 2076 3186 2160 γὰρ

671 2177 743 2239 τὰ
789 2179 955 2262 πάθη
1003 2181 1286 2263 χωριστά,
1327 2181 1437 2246 ·ὡς
1483 2176 1623 2240 καθ’
1679 2178 1828 2241 αὑτὰ
1875 2176 2020 2241 εἶναι
2065 2178 2346 2241 δύνασθαι
2410 2178 2530 2261 (διὸ
2602 2179 2739 2242 οὐδὲ
2793 2179 2940 2263 μῖξίς
2982 2203 3045 2242 τε
3090 2180 3184 2242 καὶ
3212 2195 3267 2238 2⁵

672 2284 876 2364 κρᾶσις
923 2278 990 2344 ἄν
1037 2278 1129 2364 εἴη
1175 2281 1385 2344 παθῶν
1454 2282 1598 2366 πρὸς
1663 2280 1910 2363 ἄλληλα,
1980 2281 2019 2364 ἢ·
2068 2281 2277 2343 παθῶν
2346 2281 2491 2363 πρὸς
2556 2282 2627 2345 τὰ
2670 2283 2754 2344 ὧν
2800 2281 2923 2345 ἐστι
2969 2281 3183 2365 πάθη),

564 2403 632 2450 20
670 2381 789 2446 ἀλλ’
847 2383 983 2446 οὐδὲ
1027 2383 1098 2446 τὰ
1145 2383 1272 2468 εἴδη
1304 2387 1420 2445 τῶν
1453 2382 1686 2446 οὐσιῶν.
1765 2383 1862 2446 καὶ
1904 2383 2011 2466 γὰρ
2042 2383 2094 2445 εἰ
2140 2382 2328 2446 οὐσίαι
2361 2383 2457 2446 καὶ
2489 2382 2682 2459 ταῦτ’,
2728 2385 2850 2447 ἀλλ’
2892 2387 2960 2448 οὐ
2992 2380 3125 2449 καθ’
3171 2383 3179 2468 Ι

669 2487 818 2550 αὑτὰ
865 2487 1327 2571 συνυφίστανται.
1415 2485 1484 2547 οὐ
1551 2485 1657 2568 γὰρ
1726 2483 1848 2546 οἶόν
1892 2507 1955 2546 τε
2019 2486 2207 2570 χωρὶς
2252 2485 2394 2568 ὕλης
2438 2483 2589 2548 εἶναί
2627 2509 2682 2548 τι
2726 2486 2940 2551 αὐτῶν.
3030 2487 3151 2552 ἀλλ’
3205 2493 3292 2550 611

669 2590 805 2652 οὐδὲ
850 2591 887 2672 ἡ
936 2589 1045 2672 ὕλη
1094 2590 1285 2672 μικτή.
1363 2587 1500 2650 οὐδὲ
1543 2587 1652 2671 γὰρ
1701 2587 1850 2670 αὕτη
1896 2589 2080 2672 χωρὶς
2108 2585 2303 2655 effluo<
2334 2587 2594 2672 ἐνεργείᾳ
2626 2588 2767 2652 ποτ’
2808 2589 2979 2653 ἐστίν.
3050 2588 3173 2654 οὔτ’

669 2691 768 2756 οὖν
815 2693 873 2755 ἐν
921 2691 1119 2761 ἄλλοις
1161 2695 1325 2767 τισίν,
1379 2691 1419 2772 ἢ
1467 2690 1528 2752 ἐν
1575 2688 1794 2757 οὐσίαις
1839 2691 1878 2773 ἡ
1927 2689 2074 2771 μῖξίς
2118 2713 2180 2752 τε
2226 2691 2321 2752 καὶ
2365 2694 2586 2774 κρᾶσις,
2646 2689 2780 2754 οὔτε
2825 2690 2995 2755 ἄλλαι
3040 2693 3187 2762 τινὲς

667 2799 784 2858 τῶν
830 2795 1044 2858 οὐσιῶν
1090 2795 1201 2857 εἰσὶ
1249 2793 1443 2876 μικταὶ
1490 2791 1648 2876 παρὰ
1691 2793 1791 2860 τὰς
1837 2793 2133 2876 χωριστάς
2200 2815 2262 2854 τε
2332 2794 2427 2855 καὶ
2475 2791 2600 2857 κατ’
2658 2793 2802 2856 ἰδίαν
2870 2797 3185 2878 ὑφεστάναι
3240 2812 3268 2853 5

565 2919 629 2967 25
671 2898 989 2982 δυναμένας
1033 2896 1129 2960 καὶ
1175 2895 1540 2981 κατεχούσας
1583 2894 1784 2957 τόπον.
1878 2899 2115 2957 τοιαῦτα
2160 2895 2224 2957 δὲ
2271 2895 2343 2958 τὰ
2388 2898 2653 2978 σώματα.
2746 2897 2951 2960 τούτου
2996 2898 3183 2962 τοίνυν

669 3001 1050 3086 διωρισμένου
1097 2999 1244 3084 μετὰ
1288 3003 1467 3061 ταῦτα
1512 2997 1668 3067 ἄξιον
1715 2997 2043 3080 ἐπιστῆσαι,
2090 2997 2335 3082 πότερον
2380 2997 2587 3061 ταύτόν
2633 2999 2755 3063 ἐστι
2804 3000 2949 3083 μῖξίς
2977 3024 3041 3064 τε
3086 3003 3183 3064 καὶ

667 3109 890 3190 κρᾶσις,
959 3105 996 3187 ἢ
1044 3102 1325 3186 διαφορὰν
1371 3099 1502 3186 ἔχει
1549 3103 1691 3164 τινά.
1783 3098 1939 3165 ἔοικε
1986 3103 2058 3186 δὴ
2106 3102 2418 3186 διαφέρειν,
2488 3095 2527 3183 ᾗ
2576 3103 2643 3164 τὸ
2700 3103 2805 3186 μὲν
2859 3101 3183 3187 κοινότερόν

669 3209 824 3272 ἐστιν
869 3209 906 3290 ἠ
957 3205 1122 3288 μῖξις,
1189 3207 1227 3288 ἡ
1275 3205 1340 3267 δὲ
1387 3209 1589 3288 κρᾶσις
1636 3205 1987 3288 ἰδικώτερον.
2078 3204 2217 3266 ποιὰ
2284 3205 2393 3288 γὰρ
2460 3206 2627 3287 μῖξις.
2666 3207 2705 3289 ἡ
2754 3210 2973 3288 κρᾶσις.
3064 3209 3182 3268 τῶν
3212 3222 3267 3264 ιο

669 3311 778 3396 γὰρ
826 3310 1032 3392 μίξεων
1077 3311 1116 3391 ἡ
1165 3309 1268 3391 μέν
1312 3331 1394 3377 τις
1441 3307 1588 3370 κατὰ
1633 3307 1957 3392 παράθεσιν
2003 3313 2118 3369 τῶν
2164 3306 2377 3370 οὐσιῶν
2448 3308 2545 3370 καὶ
2602 3309 2760 3392 ἁφὴν
2814 3309 3043 3390 γίνεται,
3112 3309 3182 3392 ἢν

563 3435 630 3484 30
666 3414 910 3497 λέγομεν
957 3417 1062 3496 τῆς
1110 3411 1317 3495 μίξεως
1358 3411 1619 3494 γίνεσθαι
1666 3411 1812 3473 κατὰ
1868 3411 2137 3473 σύνθεσιν
2201 3409 2301 3492 (οὐ
2370 3414 2529 3474 πᾶσα
2596 3412 2701 3494 μὲν
2758 3411 2867 3495 γὰρ
2913 3412 3184 3481 σύνθεσις

670 3518 845 3603 μῖξις·
917 3516 1180 3584 σύνθεσις
1237 3515 1339 3598 μὲν
1393 3514 1503 3597 γὰρ
1550 3515 1645 3577 καὶ
1689 3519 1805 3576 τῶν
1853 3513 2072 3595 ὁμοίων
2118 3537 2181 3576 τε
2228 3514 2323 3576 καὶ
2389 3513 2677 3597 ὁμοειδῶν
2734 3515 2966 3596 γίνεται,
3034 3516 3072 3597 ἡ
3119 3515 3183 3577 δὲ

669 3619 813 3704 μῖξις
860 3619 926 3682 ἐκ
971 3617 1361 3703 διαφερόντων
1407 3639 1468 3679 τε
1514 3617 1610 3679 καὶ
1639 3617 1720 3678 ’ἐν
1767 3615 2138 3700 διαφέρουσι·
2214 3617 2303 3678 διὸ
2350 3617 2381 3678 6
2430 3617 2534 3698 μὲν
2581 3621 2697 3678 τῶν
2743 3621 2941 3701 πυρῶν
2987 3617 3175 3700 σωρὸς

669 3723 817 3787 κατὰ
865 3722 1045 3806 μόνην
1093 3720 1379 3792 σύνθεσιν,
1449 3720 1480 3782 6
1527 3719 1591 3782 δὲ
1637 3722 1753 3782 τῶν
1800 3723 2001 3802 πυρῶν
2066 3741 2127 3781 τε
2194 3720 2288 3782 καὶ
2336 3721 2575 3801 κυάμων
2633 3717 2745 3802 ἤδη
2792 3723 2870 3803 τῇ
2914 3718 3185 3782 συνθέσει
3212 3735 3266 3779 1⁸

609 3845 613 3848 ·
669 3828 766 3889 καὶ
811 3826 916 3908 τὴν
966 3824 1112 3908 μῖξιν
1158 3821 1599 3907 προσείληφεν),
1654 3824 1692 3906 ἡ
1739 3822 1804 3884 δὲ
1852 3825 1936 3889 ὡς
1979 3826 2179 3906 κρᾶσις
2227 3821 2372 3905 μῖξις
2414 3820 2649 3906 γίνεται,
2716 3822 2785 3884 οὐ
2832 3821 3182 3905 σωζομένων

563 3951 628 4000 35
667 3928 753 3992 ἔτι
797 3935 912 3992 τῶν
961 3925 1322 4010 μιγνυμένων
1390 3927 1484 3988 καὶ
1552 3925 1736 3992 οὕτως
1810 3926 2085 4008 ἀλλήλοις
2138 3925 2598 4009 παρακειμένων,
2667 3922 2788 3987 ἀλλ’
2854 3925 3183 4006 ἑνουμένων

670 4033 818 4098 κατὰ
863 4033 930 4094 τὸ
979 4029 1376 4112 ὑποκείμενον.
1469 4029 1559 4090 διὸ
1627 4028 1688 4090 ἐν
1736 4032 1855 4094 τοῖς
1905 4027 2221 4111 εὐορίστοις
2280 4051 2344 4090 τε
2388 4029 2485 4091 καὶ
2530 4029 2723 4111 ὑγροῖς
2766 4030 2805 4110 ἡ
2854 4031 2938 4095 ὣς
2980 4031 3183 4112 κρᾶσις

671 4136 819 4221 μῖξίς
863 4135 1035 4197 ἐστιν.
1113 4133 1315 4216 ὥσπερ
1361 4132 1426 4193 δὲ
1471 4131 1585 4215 οὐχ
1632 4133 1668 4214 ἡ
1718 4135 1832 4192 τῶν
1880 4129 2177 4215 τυχόντων
2212 4131 2481 4198 σύνθεσις
2512 4130 2659 4213 μῖξις
2688 4128 2781 4213 ἢν,
2828 4129 3014 4197 οὕτως
3045 4130 3181 4193 οὐδὲ
3208 4146 3266 4187 20

569 4414 588 4462 1
632 4413 747 4480 πυρὶ
771 4409 978 4479 γίνεται]
1016 4409 1310 4480 περιγίνεται
1337 4425 1370 4458 a
1512 4409 1543 4458 3
1580 4425 1652 4463 τις
1679 4422 1808 4458 corr.
1835 4423 1899 4458 ex
1926 4409 2019 4474 τῆς
2042 4412 2083 4456 Α
2232 4405 2261 4456 7
2304 4403 2505 4463 ἀνάξιον
2534 4405 2695 4457 ldeler
2838 4405 2870 4475 ἡ
2910 4403 3219 4457 add.1deler

555 4499 593 4550 8
621 4499 854 4570 εἰρημένα
879 4499 946 4548 A¹
1093 4495 1179 4566 δὴ]
1207 4495 1260 4546 δὲ
1281 4495 1444 4546 Ideler
1575 4493 1605 4546 9
1631 4493 1754 4546 ποτ’
1773 4494 1903 4546 ἐστίν
1925 4497 2028 4545 Ra:
2055 4490 2167 4545 τότ’
2191 4491 2326 4546 ἔσται
2347 4498 2422 4545 A:
2449 4493 2671 4546 τότεστιν
2691 4493 2871 4545 BCPS
3012 4491 3075 4544 10
3106 4489 3287 4561 αὐτῆς]

562 4585 732 4637 αὐτῶν
765 4589 842 4638 Ra
994 4583 1051 4634 12
1091 4585 1484 4635 ἀποσκευάσεται
1511 4581 1676 4634 Diels:
1717 4582 2057 4634 ἀποσκευάσαι
2088 4599 2141 4633 τε
2182 4581 2297 4633 libri
2448 4581 2511 4633 13
2546 4580 2646 4646 <δὲ>
2679 4579 2741 4650 δὴ
2776 4578 2942 4632 Ideler
3088 4579 3149 4630 15
3184 4597 3287 4632 τοι·

563 4672 730 4724 ούτων
759 4675 968 4724 CPSRa
1111 4669 1357 4743 χωριστὸν
1387 4670 1561 4736 Apelt:
1605 4671 1760 4742 χωρὶς
1786 4675 1891 4721 τῶν
1920 4670 2035 4720 libri
2188 4669 2249 4720 16
2286 4667 2343 4719 ἂν
2372 4683 2470 4719 om.
2500 4687 2531 4719 a
2674 4667 2741 4719 23
2780 4667 2893 4719 οὗτε
2922 4668 3133 4734 scripsi:
3172 4665 3289 4718 οὐδὲ

563 4761 680 4812 libri
817 4759 883 4810 25
909 4757 1090 4826 τόπον]
1117 4759 1230 4810 τότε
1253 4759 1381 4810 BPS
1515 4755 1584 4808 30
1608 4756 1828 4810 fortasse
1854 4755 2080 4808 σύνθεσιν
2106 4756 2335 4823 (γένεσιν)
2467 4755 2533 4808 32
2558 4761 2730 4823 πυρῶν
2758 4771 2885 4807 corr.
2914 4771 2977 4808 ox
3004 4755 3158 4826 πυρὸς
3188 4761 3229 4806 Α

564 4849 628 4899 35
667 4846 1029 4918 περικειμένων
1069 4847 1148 4897 Ra
1324 4844 1390 4898 36
1431 4843 1754 4917 εὔχωρίστοις
1791 4845 1870 4896 vel
1910 4844 2224 4914 ιῦδιαιρὲτοις
2251 4843 2391 4896 Diels
2560 4843 2625 4896 37
2666 4849 2769 4895 τῶν
2804 4857 2903 4894 om.
2943 4843 3111 4896 Idolo·-
