3684 5567
572 244 655 307 48
1546 238 1854 295 ΑΠΟΡΙΩΝ
1895 239 2016 295 ΚΑΙ
2053 239 2314 295 ΛΥΣΕΩΝ

679 413 827 475 κατὰ
873 414 1267 499 συμβεβηκός;
1319 415 1416 477 καὶ
1459 414 1567 499 γὰρ
1614 416 1665 478 εἰ
1711 420 1795 499 τῷ
1840 419 2152 497 γειτνιῶντι
2199 414 2358 499 αὐτῷ
2407 415 2618 496 γίνεται
2664 416 2909 494 σώματι,
2957 412 3071 495 ἤδη
3119 410 3185 473 ἄν

680 514 773 598 εἴη
820 522 988 580 τοῦτο
1036 516 1177 601 ἔχον
1222 517 1435 579 οἰκείαν
1482 517 1651 601 φύσιν
1709 516 1771 579 ὄν
1816 540 1882 579 τε
1925 518 2184 601 ἐνεργείᾳ
2237 522 2436 599 σῶμα·
2503 520 2616 578 πᾶν
2660 516 2770 599 γὰρ
2816 520 2990 597 σῶμα
3035 515 3184 597 ἐνερ·
3213 528 3265 570 15

684 620 812 703 γείᾳ
858 620 1069 703 θνητὸν
1116 620 1321 681 ἁπλῶν
1366 618 1424 680 τί
1464 618 1617 682 ἐστιν
1664 619 1701 701 ἢ
1748 619 1815 681 ἐκ
1861 619 2080 682 τούτων
2123 618 2399 682 σύνθετόν
2443 642 2508 681 τε
2553 619 2650 679 καὶ
2697 616 2925 698 μικτόν,
2970 618 3186 679 τούτων

682 721 747 783 δὲ
792 720 1033 785 ἕκαστον
1080 722 1291 785 οἰκείαν
1346 719 1474 805 ἔχει
1520 721 1644 783 τινὰ
1688 720 1861 803 φύσιν
1915 718 1982 803 [ἢ
2027 722 2124 783 καὶ
2169 719 2244 783 δι’
2299 720 2523 803 ἐκείνην
2579 721 2731 784 ἐστὶν
2777 719 3036 803 ἐνεργείᾳ
3081 741 3190 781 τοι·

613 842 643 890 5
682 822 911 907 οῦτον],
976 822 1067 906 εἴη
1122 847 1185 885 τε
1248 822 1315 886 ἂν
1370 825 1525 885 οὕτω
1580 828 1807 906 πρῶτον
1861 823 2157 885 ἀπολαῦον
2213 823 2278 885 τὸ
2333 828 2444 905 πῦρ
2492 828 2597 906 τῆς
2653 822 2920 904 τοιαύτης
2971 821 3036 883 ἐκ
3087 824 3188 882 τοῦ
3217 836 3273 878 so

681 924 848 987 θείου
897 927 1227 1007 δυνάμεως,
1272 923 1473 988 ἔπειτα
1518 930 1637 993 τοῖς
1683 922 1807 1006 μετ’
1865 924 2005 988 αὐτὸ
2051 926 2304 987 διαδιδὸν
2349 924 2562 1007 αὐτήν,
2609 928 2691 991 ὥς
2737 926 2921 986 πάντα
2964 922 3034 985 τὰ
3080 926 3190 985 σώ-

685 1050 838 1107 ματα
883 1032 957 1109 τῇ
1006 1028 1243 1109 τοιαύτη
1293 1024 1547 1089 διαδόσει
1578 1027 2038 1109 μεταλαμβάνειν
2069 1026 2270 1109 αὐτῆς,
2317 1026 2388 1088 τὰ
2437 1028 2540 1108 μὲν
2581 1030 2776 1089 πλεῖον
2822 1026 2893 1088 τὰ
2938 1027 3003 1087 δὲ
3033 1022 3191 1087 ἔλατ·
3279 1026 3286 1036 ’

680 1151 796 1191 τον.
874 1128 994 1192 ἀλλ’
1034 1130 1087 1191 εἰ
1118 1134 1307 1204 τοῦτο,
1354 1128 1697 1210 ἐπιζητῆσαι
1744 1151 1825 1197 τις
1873 1127 1940 1191 ἂν
1987 1129 2042 1191 τί
2081 1132 2346 1192 συντελεῖ
2385 1134 2503 1190 τῶν
2550 1131 2840 1211 σωμάτων
2887 1129 3116 1211 ἑκάστῳ
3149 1128 3186 1209 ἡ
3215 1142 3269 1183 25

682 1232 916 1313 τοιαύτη
964 1228 1220 1315 δύΙναμίς
1264 1254 1325 1293 τε
1380 1231 1477 1293 καὶ
1532 1229 1718 1314 φύσις.
1808 1230 1958 1293 κατὰ
2002 1230 2110 1315 γὰρ
2155 1232 2258 1313 τὴν
2315 1232 2553 1314 πρώτην
2605 1230 2774 1315 φύσιν
2829 1230 2933 1312 τὴν
2979 1228 3186 1310 ἑγγινο-
3227 1238 3297 1292 89

582 1354 645 1401 10
684 1333 863 1416 μένην
908 1334 1092 1417 αὐτὴν
1138 1335 1397 1415 ἑκάστῳ,
1456 1330 1591 1394 καθ’
1649 1334 1718 1415 ἣν
1764 1333 1828 1394 τὸ
1879 1332 1982 1415 μέν
2029 1332 2151 1394 ἐστι
2197 1338 2340 1415 πῦρ,
2387 1333 2450 1395 τὸ
2497 1334 2561 1395 δὲ
2607 1333 2750 1416 ἀὴρ,
2795 1333 2861 1393 τὸ
2907 1333 2973 1394 δὲ
3017 1332 3192 1417 ὕδωρ,

689 1438 753 1499 τὸ
800 1437 865 1498 δὲ
908 1442 1005 1518 γῆ,
1053 1438 1089 1517 ἡ
1139 1435 1233 1497 ἐπὶ
1280 1434 1413 1503 τοὺς
1457 1433 1703 1501 οἰκείους
1733 1434 1930 1503 αὐτοῖς
1973 1436 2184 1503 τόπους
2230 1436 2444 1516 κίνησις
2489 1434 2720 1515 γίνεται,
2769 1432 2906 1497 καθ’
2949 1435 3021 1517 ἢν
3067 1434 3194 1498 ἔκα-
3249 1453 3277 1493 5

684 1559 816 1601 στον
864 1538 1055 1600 αὐτῶν
1102 1541 1206 1620 τῆς
1252 1536 1395 1603 ἰδίας
1432 1537 1707 1619 τυγχάνει
1752 1536 2130 1619 τελειότητος.
2203 1538 2422 1620 ὁμοίως
2467 1538 2531 1599 δὲ
2576 1538 2629 1597 εἰ
2658 1537 2754 1600 καὶ
2801 1536 2860 1599 ἐν
2903 1542 3026 1605 τοῖς
3069 1560 3195 1603 συν-

680 1640 873 1709 θέτοις
915 1639 1123 1723 γίνοιτο
1157 1641 1440 1720 σώμασιν,
1486 1640 1582 1700 καὶ
1629 1638 1689 1699 ἐν
1722 1638 1961 1707 ἐκείνοις
2005 1638 2072 1700 οὐ
2115 1640 2256 1722 πρὸς
2301 1639 2365 1701 τὸ
2399 1638 2547 1700 εἶναι
2592 1638 2900 1722 ἄνθρωπον
2949 1641 2984 1723 ἢ
3033 1645 3188 1725 ζῷον

682 1742 721 1825 ἢ
769 1744 946 1826 φυτὸν
988 1742 1228 1804 ἕκαστον
1273 1740 1466 1802 αὐτῶν
1509 1744 1777 1803 συντελοῖ
1814 1740 1884 1803 ἄν
1930 1764 2007 1802 τι·
2055 1740 2170 1823 ἤδη
2215 1740 2324 1823 γὰρ
2371 1738 2530 1803 οὖσιν
2577 1740 2774 1810 αὐτοῖς
2817 1742 3077 1825 ἐγγίνοιτ’
3123 1743 3190 1807 ἂν
3223 1761 3276 1801 ιο

582 1866 642 1914 15
684 1848 765 1912 ὡς
807 1850 894 1930 τῷ
944 1845 1079 1928 πυρὶ
1123 1845 1218 1906 καὶ
1262 1849 1378 1905 τῶν
1425 1844 1627 1905 ἁπλῶν
1674 1843 1934 1925 ἑκάστῳ·
1982 1843 2136 1905 οὕτω
2181 1840 2234 1904 δ’
2277 1840 2345 1905 ἂν
2391 1842 2591 1905 οὐκέθ’
2634 1845 2672 1926 ἡ
2718 1844 2955 1927 δύναμις
2999 1846 3191 1930 ἐκείνη

684 1948 839 2011 αἰτία
880 1947 1087 2030 γίνοιτο
1143 1950 1244 2008 τοῦ
1290 1946 1361 2008 τὰ
1408 1946 1512 2026 μὲν
1564 1942 1805 2029 ἔμψυχα
1851 1944 2024 2019 εἶναι,
2078 1944 2150 2006 τὰ
2196 1946 2260 2007 δὲ
2304 1944 2504 2029 ἄψυχα
2560 1951 2674 2008 τῶν
2722 1950 3038 2028 σωμάτων,
3095 1951 3190 2011 καὶ

682 2056 798 2113 τῶν
844 2049 1128 2133 ἐμψύχων
1174 2047 1244 2109 τὰ
1292 2048 1395 2129 μὲν
1439 2048 1544 2130 τὴν
1592 2047 1906 2131 θρεπτικὴν
1953 2048 2151 2131 ψυχὴν
2200 2048 2378 2130 μόνην
2427 2046 2667 2131 ἔχοντα,
2722 2049 2794 2112 τὰ
2839 2050 2904 2113 δὲ
2947 2053 3042 2114 καὶ
3086 2053 3190 2134 τὴν

684 2151 1050 2236 αἰσθητικὴν,
1096 2149 1169 2212 τὰ
1212 2150 1276 2212 δὲ
1320 2150 1465 2231 πρὸς
1508 2149 1730 2218 τούτοις
1774 2150 1869 2212 καὶ
1914 2150 2020 2231 τὴν
2064 2150 2332 2230 λογικήν·
2380 2150 2526 2234 αὕτη
2573 2150 2625 2213 δ’
2678 2150 2862 2215 ἔκειτο
2908 2158 3013 2237 τῆς
3055 2150 3181 2215 κατ’
3225 2169 3278 2211 15

687 2254 868 2321 αὐτὰς
912 2256 1192 2336 διαφορᾶς
1243 2248 1405 2335 ἔχειν
1452 2252 1555 2335 τὴν
1602 2252 1812 2314 αἰτίαν·
1880 2251 1975 2314 διὰ
2019 2252 2128 2333 γὰρ
2184 2250 2398 2335 ταύτης
2449 2256 2554 2335 τῆς
2608 2254 2911 2337 δυνάμεως
2953 2256 3194 2340 πρόνοια

578 2378 645 2425 20
682 2354 871 2418 ἔκειτο
915 2356 1143 2436 λογικὸν
1194 2358 1345 2437 ζῷον
1390 2356 1487 2417 τὸν
1534 2353 1848 2437 ἄνθρωπον
1895 2358 2162 2429 ποιοῦσα,
2209 2355 2306 2417 καὶ
2351 2354 2446 2417 διὰ
2491 2360 2662 2419 τοῦτο
2707 2356 2938 2439 ἐλέγετο
2983 2360 3191 2433 πάντα,

686 2459 798 2523 ὅσα
844 2458 939 2520 διὰ
982 2458 1079 2519 τὸν
1125 2458 1293 2539 λόγον
1340 2480 1401 2519 τε
1448 2458 1543 2519 καὶ
1590 2458 1687 2519 τὸν
1734 2460 1866 2518 νοῦν
1913 2455 2012 2518 οἷά
2054 2478 2118 2518 τε
2157 2457 2440 2541 ὑπάρχειν
2485 2463 2569 2541 τῷ
2619 2459 2937 2544 ἀνθρώπῳ,
2984 2462 3189 2524 ταύτὸν
3219 2478 3277 2519 ω

683 2559 810 2646 ἔχει
855 2558 1014 2645 παρὰ
1066 2564 1171 2642 τῆς
1216 2559 1377 2627 θείας
1430 2560 1715 2643 προνοίας.
1808 2557 2028 2641 μήποτ’
2086 2556 2183 2620 οὖν
2240 2560 2361 2642 χρὴ
2417 2560 2601 2641 λέγειν
2655 2566 2777 2631 τοῖς
2829 2564 2934 2645 μὲν
2990 2564 3193 2633 ἁπλῶς

684 2667 918 2747 σώμασι
977 2662 1419 2745 προϋπάρχουσι
1474 2661 1643 2743 τήνδε
1698 2662 1802 2744 τὴν
1862 2662 2098 2745 δύναμιν
2139 2661 2468 2744 ἐγγίνεσθαί
2515 2686 2578 2724 τε
2629 2664 2726 2725 καὶ
2770 2665 3196 2747 προσγίνεσθαι,

684 2765 758 2831 δι’
813 2766 885 2848 ἣν
940 2764 1121 2826 αἰτίαν
1176 2762 1321 2827 αὐτὰ
1377 2764 1481 2845 μὲν
1538 2762 1704 2826 οὐδέν
1758 2787 1811 2825 τι
1865 2764 2025 2826 θεῖον
2071 2764 2280 2832 αὐτοὺς
2336 2762 2463 2849 ἔχει
2517 2788 2668 2835 πως·
2737 2772 2960 2831 τοιοῦτο
3003 2768 3112 2853 γὰρ
3155 2771 3194 2851 ἡ
3223 2784 3280 2827 25

578 2890 644 2939 25
682 2867 850 2954 ψυχή
896 2867 1069 2939 ἐστιν,
1115 2864 1331 2950 ἄμοιρα
1374 2866 1754 2940 παντάπασιν,
1804 2864 1892 2927 ὅτι
1937 2866 2018 2949 μὴ
2071 2864 2076 2949 Ι
2129 2863 2278 2929 ἔστιν
2326 2867 2520 2929 αὐτῶν
2566 2868 2626 2929 ἐν
2669 2872 2746 2951 τῇ
2781 2868 2952 2953 οὐσίᾳ
2995 2872 3034 2953 ἡ
3079 2894 3187 2935 τοι·
3227 2880 3302 2935 90

683 2974 787 3035 άόε
848 2969 1085 3051 δύναμις
1147 2967 1365 3038 ἔξωθεν
1428 2967 1621 3036 αὐτοῖς
1675 2968 1773 3029 καὶ
1832 2969 2280 3051 προϋπάρχουσι
2339 2971 2789 3053 προσγινομένη,
2854 2971 2976 3035 ἀλλ’
3043 2972 3196 3037 ἔστιν

686 3074 889 3140 ἁπλῶς
934 3074 1207 3155 σώματα·
1275 3070 1386 3133 ὅσα
1432 3069 1483 3133 δ’
1540 3069 1609 3133 ἐκ
1660 3074 1765 3151 τῆς
1812 3070 2030 3132 τούτων
2087 3076 2339 3155 φυσικῆς
2395 3072 2604 3153 μίΕεώς
2658 3096 2720 3137 τε
2775 3076 2871 3137 καὶ
2931 3077 3197 3159 κράσεως

681 3176 924 3258 γίνεται,
977 3173 1197 3236 τούτων
1250 3170 1301 3235 δ’
1359 3172 1419 3235 ἐν
1474 3176 1550 3254 τῇ
1595 3172 1816 3254 γενέσει
1861 3172 2392 3257 κατασπειρομένην
2447 3176 2543 3237 καὶ
2597 3175 2701 3258 τὴν
2747 3176 2910 3239 θείαν
2957 3177 3194 3261 δύναμιν
3249 3196 3280 3239 ὅ

684 3277 780 3339 καὶ
826 3275 995 3358 φύσιν
1042 3276 1263 3359 ἀμείνω
1310 3277 1405 3337 καὶ
1450 3276 1777 3358 τελειότερα
1820 3278 2001 3338 ταῦτα
2046 3280 2227 3339 ποιεῖν
2274 3274 2345 3338 τὰ
2387 3278 2650 3358 σώματα,
2699 3279 3191 3364 συνεισφερόντων

580 3398 649 3447 3ο
684 3378 782 3441 καὶ
824 3382 941 3441 τῶν
988 3378 1189 3447 ἁπλῶς
1233 3379 1523 3460 σωμάτων
1579 3378 1662 3447 εἰς
1704 3379 1809 3461 τὴν
1855 3377 2073 3460 γένεσιν
2127 3384 2243 3442 τῶν
2299 3378 2358 3447 ἐξ
2403 3377 2594 3442 αὐτῶν
2639 3382 2953 3463 γινομένων
2999 3385 3196 3465 σωμά-

582 3673 605 3723 1
650 3670 692 3722 el
726 3668 989 3723 BS²HF¹a
1024 3670 1141 3734 Sp.:
1182 3667 1258 3737 εἰη
1299 3668 1375 3719 sic
1400 3671 1465 3719 V:
1504 3666 1581 3739 εἴη
1620 3670 1701 3721 FS
1915 3667 1948 3719 3
1987 3666 2160 3719 ἁπλῶν
2198 3667 2409 3734 scripsi:
2449 3666 2624 3727 ἁπλῶς
2647 3672 2950 3725 VFHB¹S¹z
2987 3672 3178 3727 ἁπλοῦν
3205 3675 3304 3729 13²:

582 3758 755 3816 ἁπλῶς
792 3756 847 3808 ὃν
875 3756 995 3810 8²⁸:
1037 3755 1225 3808 ἁπλοῦν
1251 3754 1307 3806 ὂν
1336 3756 1468 3808 vict.
1646 3756 1695 3805 4.
1723 3756 1754 3807 5
1792 3756 1825 3823 ἦ
1866 3756 2245 3807 καὶ-τοιοῦτον
2284 3754 2538 3807 emble-ma
2573 3772 2688 3808 esse
2725 3757 2876 3810 docui
2905 3758 2940 3810 1.
2967 3776 3011 3812 c.
3037 3760 3133 3813 139
3153 3778 3233 3831 sq.

584 3844 616 3897 5
654 3842 910 3911 ἀπολαβόν
950 3861 981 3895 a
1018 3846 1106 3910 Sp.
1326 3844 1355 3895 6
1394 3842 1519 3895 αὐτὸ
1558 3846 1629 3893 Η;
1670 3841 1821 3893 αὐτον
1862 3844 1936 3895 sic
1974 3845 2040 3893 V:
2080 3840 2232 3893 αὐτὸν
2271 3841 2429 3893 FSBa
2467 3844 2556 3909 Sp.
2793 3844 3008 3898 διαδιδον
3047 3852 3096 3899 V

584 3932 745 4002 αὑτήν
788 3934 921 3983 vict.
960 3934 1079 3998 Sp.:
1118 3950 1245 3999 αυτη
1288 3934 1349 3981 V:
1388 3930 1513 3999 αὐτῆ
1554 3933 1620 3981 F:
1661 3928 1789 3999 αὕτη
1829 3933 1900 3984 Sa
2079 3930 2109 3981 7
2147 3928 2317 3982 πλεῖον
2353 3932 2468 3996 Sp.:
2507 3929 2654 3982 πλέον
2695 3936 2768 3983 H:
2808 3932 2965 3985 πλείω
3007 3938 3216 3989 VFSBa

584 4019 645 4073 12
683 4020 905 4071 fortasse
950 4016 1289 4087 τηλειότητος.
1362 4015 1480 4079 (οὐκ
1527 4016 1623 4085 ἄρα
1678 4018 1709 4085 ἡ
1760 4016 1968 4085 δύναμις
2025 4016 2192 4087 ἐκείνη
2249 4017 2451 4073 τελείοις
2505 4017 2600 4087 ἤδη
2659 4024 3020 4091 προσγινομὲνη
3079 4022 3307 4090 σώμασιν

582 4108 715 4159 αἰτία
753 4106 812 4158 ἂν
850 4105 926 4175 εἴη
967 4104 1137 4157 αὺτῶν
1174 4110 1265 4173 τῆς
1302 4103 1662 4174 τελειότητος>·
1702 4104 1896 4173 ὁμοίως
2107 4104 2160 4156 δὲ
2199 4106 2414 4172 scripsi:
2454 4104 2512 4156 τὸ
2551 4107 2694 4157 libri:
2733 4106 2810 4175 τῷ
2845 4109 2983 4159 coni.
3023 4110 3110 4175 Sp.

583 4194 645 4245 14
684 4192 912 4245 συντελοῖ
946 4192 1006 4244 ἄν
1044 4210 1092 4243 τι
1128 4192 1263 4244 vict.
1301 4196 1421 4259 post
1456 4192 1655 4243 litteras
1697 4192 1902 4258 V(aria)
1951 4192 2204 4258 L(ectio):
2252 4192 2512 4263 τελοιαντη
2551 4196 2615 4243 V:
2653 4193 2846 4247 τελοῖαν
2883 4198 2946 4263 τῆ
2985 4198 3053 4248 F:
3111 4196 3308 4276 fgkomv

576 4301 642 4365 τῆ
680 4300 741 4349 S:
797 4295 995 4349 τέλοιαν
1032 4296 1100 4369 τῇ
1136 4311 1193 4345 a:
1250 4293 1389 4346 τελοῖ
1423 4294 1481 4346 ἂν
1520 4314 1583 4365 τη
1622 4296 1699 4347 sic
1736 4300 1811 4347 H:
1874 4310 1971 4347 om.
2011 4296 2070 4347 in
2106 4297 2279 4363 spatio
2317 4295 2348 4347 9
2388 4296 2489 4349 litt.
2529 4312 2692 4348 vacuo
2733 4298 2820 4349 rel.
2859 4300 2902 4349 B
3123 4302 3182 4353 17
3219 4302 3309 4370 ἐμ-

581 4384 762 4456 ψυχων
800 4386 847 4437 G
884 4398 985 4451 mg.
1016 4383 1178 4434 vict:
1219 4380 1436 4451 ἀψύχων
1472 4383 1593 4434 libri
1770 4383 1904 4451 ἔχειν
1942 4384 2078 4433 coni.
2117 4386 2206 4449 Sp.
2375 4383 2459 4435 21.
2481 4383 2548 4435 22
2585 4384 2768 4435 ταύτὸν
2807 4384 2935 4457 ἔχει]
2974 4392 3134 4439 ταῦτα
3171 4388 3308 4457 ἔχειν

578 4471 712 4522 vict.
751 4473 866 4537 Sp.:
920 4470 1139 4521 fortasse
1173 4464 1321 4521 ταῦτ’
1361 4468 1513 4521 αὐτὸν
1552 4469 1685 4538 ἔχειν
1865 4470 1931 4522 22
1971 4469 2170 4539 μήποτ’
2196 4471 2358 4522 vict.:
2399 4468 2527 4540 μήτ’
2555 4471 2672 4524 libri
2853 4472 2921 4525 23
2957 4472 3304 4544 προσγίνεσθαι

577 4559 714 4610 vict.
741 4559 854 4623 Sp.:
892 4554 1207 4627 προγίνεσθαι
1245 4556 1365 4609 libri
1506 4558 1575 4609 24
1612 4556 1815 4626 αὐτοὺς]
1855 4559 1906 4609 ἐν
1946 4558 2114 4615 αὑτοῖς
2151 4562 2238 4625 Sp.
2281 4564 2416 4611 recte
2453 4560 2588 4611 coni.
2734 4558 2801 4611 25
2839 4560 3026 4629 ἄμοιρα
3063 4564 3309 4615 GFSHa:

580 4660 764 4712 αμοιρα
804 4648 869 4696 V:
907 4643 967 4713 ἧς
1005 4644 1187 4713 ἄμοιρα
1226 4644 1357 4695 vict.
1394 4644 1510 4710 Sp.:
1566 4645 1692 4696 ἐστιν
1740 4646 1918 4698 eolloc.
1959 4651 2078 4713 post
2128 4646 2311 4717 ἄμοιρα
2349 4650 2422 4697 H:
2478 4646 2698 4698 fortasse
2744 4648 2874 4709 (καὶ)
2919 4654 3052 4711 πῶς;
3107 4654 3306 4701 τοιοῦτο

576 4732 669 4800 γὰρ
706 4732 740 4801 ἡ
780 4732 935 4804 ψυχή,
974 4730 1078 4802 (ἧς)
1115 4732 1243 4783 ἐστιν
1282 4732 1465 4800 ἄμοιρα
1678 4732 1743 4784 26
1782 4734 2144 4804 προσγινομένη
2185 4738 2299 4800 Sp.:
2347 4736 2732 4802 προσγινομένης
2769 4735 2889 4787 libri
3109 4736 3175 4788 :27
3213 4740 3306 4807 τῆς

578 4834 619 4871 s,
648 4834 694 4869 ν.
734 4821 783 4869 V
998 4817 1065 4871 29
1104 4824 1255 4872 ποιεῖν
1294 4816 1437 4870 S²Ba
1473 4821 1587 4887 Sp.:
1632 4828 1765 4874 ποιεῖ
1802 4824 2062 4875 viic-[⁴³8¹
2276 4820 2344 4873 30
2381 4822 2466 4873 καὶ
2505 4822 2666 4873 Victa
2705 4821 2737 4893 ἢ
2780 4822 2899 4876 libri
