3684 5567
515 266 643 330 '204
1401 262 1863 322 ΑΛΕΞΑΝΔΡΟΥ
1902 263 2353 321 ΑΦΡΟΔΙΣΙΕΩΣ

550 869 580 916 5

623 438 856 520 ούμενοι
902 439 942 502 ἃ
986 439 1287 523 βούλονται
1342 440 1791 510 κατασκευάζειν
1862 436 1934 502 δι’
2012 439 2207 503 αὐτῶν
2276 443 2392 502 τῶν
2440 443 2811 508 κατασκευῶν
2858 439 3129 522 ἀναιρεῖν.

624 537 824 621 καιΊτοι
858 549 1063 627 μακρῷ
1099 543 1319 628 βέλτιον
1339 542 1459 626 (ἂν)
1477 543 1548 628 ἧν
1579 543 1675 606 καὶ
1706 541 2238 626 εὐγνωμονέστερον
2269 543 2521 626 ἀναιρεῖν
2552 542 2654 611 τὰς
2684 541 2991 612 ὑποθέσεις
3022 540 3117 605 διὰ
3142 547 3241 604 102

623 644 728 726 τὴν
773 649 890 707 τῶν
936 646 1237 727 ἑπομένων
1281 646 1481 714 αὐταῖς
1527 647 1788 723 ἀτοπίαν,
1857 647 1894 729 ἢ
1940 651 2060 715 τοῖς
2105 647 2290 715 οὕτως
2346 646 2583 715 ἀτόποις
2628 645 2725 708 διὰ
2770 645 2870 713 τὰς
2915 644 3127 708 ὑποθέ-

622 767 740 815 σεις
785 750 1194 831 παρίστασθαι.
1269 752 1324 812 οἱ
1358 751 1422 814 δὲ
1466 751 1562 814 καὶ
1609 750 1973 814 πιστεύουσιν
2019 755 2139 819 τοῖς
2184 751 2581 818 ἀτοπωτάτοις
2628 749 2841 833 ῥᾳδίως
2886 749 2983 811 καὶ
3028 751 3131 810 τοῦ
3181 766 3211 807 ⁵

619 851 765 912 κατὰ
831 852 999 934 λόγον
1067 853 1214 916 αὐτὰ
1257 853 1526 935 γενέσθαι
1594 854 1779 922 αἰτίας
1831 852 1989 921 τινὰς
2032 853 2215 935 λέγειν
2270 853 2376 917 οὐκ
2430 853 2713 916 ὀκνοῦσιν.
2804 851 2955 914 ἀλλὰ
3009 855 3127 913 τῶν
3164 853 3383 910 XXXII

625 955 728 1035 μὲν
773 955 1049 1018 τοιούτων
1095 957 1222 1025 ἅλις
1263 957 1490 1038 (ἱκανὸν
1536 958 1642 1041 γὰρ
1687 956 1780 1040 ἐφ’
1848 957 2095 1021 ἑκάστου
2141 958 2207 1020 τὸ
2252 956 2614 1026 ἐνδείξασθαι
2658 955 2763 1037 τὴν
2816 960 2918 1038 τῆς
2962 952 3133 1036 δόξης

625 1057 914 1140 ἀτοπίαν),
983 1061 1196 1130 ἱκανῶς
1239 1059 1290 1123 δ’
1346 1061 1508 1143 οἶμαι
1554 1061 1947 1144 δεδηλῶσθαι,
2016 1067 2143 1129 πῶς
2208 1061 2434 1142 λέγεται
2484 1059 2551 1122 τὸ
2598 1059 2692 1121 ἐπὶ
2736 1063 2821 1143 τῷ
2870 1057 3135 1141 φρονίμῳ
3166 1075 3219 1115 ιο

625 1158 771 1222 εἶναι
823 1161 890 1223 τὸ
945 1165 1174 1245 φρονεῖν
1232 1163 1414 1225 καίτοι
1471 1165 1553 1247 μὴ
1609 1163 1915 1246 δυναμένῳ
1972 1163 2053 1243 μὴ
2108 1167 2369 1246 φρονεῖν·
2438 1161 2507 1224 οὐ
2560 1161 2667 1244 γὰρ
2714 1162 2803 1224 ὅτι
2856 1164 2973 1233 νῦν,
3040 1157 3137 1222 ὅτε

625 1262 747 1326 ἐστὶ
814 1263 1116 1348 φρόνιμος,
1183 1262 1276 1327 ἐπ’
1333 1265 1500 1349 αὐτῷ’
1547 1267 1612 1327 τὸ
1658 1263 1802 1327 εἶναι
1847 1265 2092 1349 τοιούτῳ
2153 1263 2257 1346 (ἦν
2323 1265 2433 1349 γὰρ
2478 1263 2547 1326 ἄν
2593 1265 2689 1327 καὶ
2756 1266 2857 1326 τοῦ
2902 1265 3002 1325 νῦν
3052 1263 3133 1344 μὴ

527 1385 589 1430 10
625 1369 854 1448 φρονεῖν
902 1366 1146 1450 κύριος),
1192 1365 1310 1429 ἀλλ’
1369 1366 1456 1429 ὅτι
1501 1369 1612 1452 πρὸ
1659 1371 1760 1430 τοῦ
1807 1372 2065 1436 τοιοῦτος
2107 1366 2379 1449 γενέσθαι
2424 1366 2587 1451 εἶχεν
2632 1367 2831 1450 ὥσπερ
2864 1366 2983 1448 [δὲ]
3032 1369 3131 1428 τοῦ

525 1899 585 1946 15

517 2413 584 2458 20

517 2927 582 2975 25

621 1467 890 1550 γενέσθαι
935 1469 1122 1537 οὕτως
1165 1470 1230 1531 δὲ
1277 1473 1372 1532 καὶ
1415 1474 1516 1532 τοῦ
1566 1471 1648 1554 μὴ
1693 1469 1965 1551 γενέσθαι
2010 1473 2265 1538 τοιοῦτος
2311 1471 2415 1552 τὴν
2446 1469 2727 1548 ἐξουσίαν,
2774 1467 2849 1531 δι’
2892 1469 2964 1550 ἣν
2994 1489 3133 1551 προ·
3164 1483 3217 1526 15

624 1572 944 1654 ειρήκαμεν
987 1571 1172 1634 αἰτίαν
1217 1572 1362 1653 πρὸς
1407 1573 1472 1632 τὸ
1516 1571 1783 1653 γενέσθαι
1831 1577 2089 1641 τοιοῦτος
2120 1573 2479 1655 συνήργησεν
2511 1572 2693 1654 αύτῷ.
2770 1572 2867 1634 ἐπὶ
2910 1571 2975 1633 δὲ
3020 1575 3136 1632 τῶν

626 1673 784 1736 θεῶν
829 1672 936 1736 οὐκ
981 1671 1074 1754 εἴη
1123 1673 1192 1735 ἂν
1238 1675 1302 1735 τὸ
1347 1671 1494 1736 εἶναι
1529 1675 1805 1743 τοιούτοις
1850 1675 2023 1758 (ὅπερ
2070 1674 2141 1758 ἧν
2186 1675 2283 1739 καὶ
2327 1675 2470 1737 αὐτὸ
2517 1673 2578 1736 ἐν
2622 1678 2743 1742 τοῖς
2791 1671 2887 1736 ὑπ’
2942 1671 3137 1734 αὐτῶν

629 1775 1096 1858 ἀπορουμένοις),
1144 1775 1232 1838 ὅτι
1277 1777 1386 1860 γάρ
1433 1776 1586 1839 ἐστιν
1632 1775 1824 1838 αὐτῶν
1871 1777 1931 1839 ἐν
1976 1781 2049 1859 τῇ
2098 1777 2269 1862 φύσει
2326 1775 2443 1860 (rb)
2486 1781 2767 1849 τοιοῦτον,
2834 1775 3001 1838 οὐδὲν
3072 1775 3137 1836 δὲ
3162 1791 3220 1834 ω

623 1883 740 1941 τῶν
786 1879 970 1947 οὕτως
1017 1879 1400 1962 ὑπαρχόντων
1446 1877 1537 1941 ἐπ’
1593 1879 1778 1964 αὐτῷ.
1871 1879 1965 1942 διὰ
2008 1883 2178 1942 τοῦτο
2238 1879 2345 1963 γὰρ
2392 1880 2463 1942 τὰ
2511 1881 2615 1961 μὲν
2662 1879 2897 1942 ἐκείνων
2942 1875 3137 1958 ἀγαθὰ

618 1982 779 2062 τίμιά
841 2005 906 2044 τε
971 1983 1068 2044 καὶ
1135 1983 1482 2064 μακαριστά,
1551 1984 1750 2062 μεῖζόν
1796 2007 1849 2044 τι
1894 1987 2013 2045 τῶν
2057 1982 2375 2046 ἐπαινετῶν
2445 1983 2689 2066 ἀγαθῶν
2746 1979 2982 2066 ἔχοντα,
3049 1978 3138 2040 ὅτι

621 2085 727 2167 τὴν
773 2084 966 2168 ἀρχὴν
1019 2085 1058 2165 ἡ
1104 2084 1276 2166 φύσις
1319 2082 1515 2145 αὐτῶν
1560 2083 1931 2153 ἀνεπίδεκτός
1976 2084 2153 2157 ἐστιν,
2199 2085 2372 2167 ἡμεῖς
2418 2085 2483 2146 δὲ
2527 2084 2625 2146 ἐπὶ
2668 2087 2743 2166 τῇ
2790 2085 2991 2166 κτήσει
3021 2087 3137 2145 τῶν

621 2187 846 2270 ἀρετῶν
890 2185 1307 2267 ἐπαινούμεθα,
1376 2185 1483 2264 ὅτι,
1551 2192 1656 2270 τῆς
1722 2187 1956 2270 φύσεως
2001 2188 2171 2268 ἡμῶν
2240 2188 2605 2270 ἐπιδεκτικῆς
2660 2184 2840 2269 οὔσης
2896 2187 2989 2248 καὶ
3036 2188 3137 2248 τοῦ
3164 2201 3219 2243 25

625 2290 905 2374 χείρονος,
952 2289 1058 2352 οὐκ
1105 2289 1452 2370 ὠκνήσαμεν
1499 2291 1642 2373 πρὸς
1687 2289 1758 2352 τὰ
1805 2291 2035 2373 βελτίω,
2081 2291 2177 2353 καὶ
2222 2293 2339 2352 τῶν
2386 2291 2489 2371 μὲν
2536 2287 2820 2373 χειρόνων
2866 2288 3134 2370 ἀνιδρωτὶ

621 2395 714 2455 καὶ
760 2392 944 2476 χωρὶς
989 2393 1264 2473 καμάτων
1311 2392 1700 2476 περιγίνεσθαι
1745 2393 2091 2466 δοκούντων,
2138 2397 2243 2474 τῆς
2286 2393 2353 2455 δὲ
2396 2393 2609 2475 ἀρετῆς
2642 2391 2788 2469 μετὰ
2834 2389 3027 2453 πόνων
3074 2413 3136 2451 τε

619 2497 715 2557 καὶ
773 2494 918 2576 μετὰ
962 2495 1238 2574 καμάτων
1285 2495 1381 2556 καὶ
1427 2496 1660 2556 πολλῶν
1706 2495 1988 2577 ἱδρώτων.
2080 2491 2210 2578 ἔχει
2256 2495 2451 2576 μέντοι
2494 2495 2593 2558 καὶ
2638 2495 2669 2556 6
2716 2493 2997 2578 φρόνιμος
3042 2491 3137 2553 ἐπὶ

621 2603 737 2660 τῶν
783 2596 1118 2660 καθὲκαστα
1162 2596 1425 2679 πράξεων
1469 2601 1572 2660 τοῦ
1617 2597 1712 2660 καὶ
1760 2598 1841 2680 μὴ
1892 2598 2163 2681 πράττειν
2208 2595 2389 2665 αὐτὰς
2432 2598 2535 2678 τὴν
2582 2596 2864 2671 ἐξουσίαν,
2933 2593 3132 2658 εἴποτε
3158 2611 3217 2653 ω

621 2701 903 2767 κάκείνοις
949 2699 1180 2782 πράξεις
1225 2701 1372 2767 τινὲς
1417 2700 1658 2782 γίνοιντο
1704 2702 1835 2784 περὶ
1883 2700 1954 2763 τὰ
2010 2700 2367 2784 ἐνδεχόμενα
2410 2701 2505 2762 καὶ
2552 2699 2747 2768 ἄλλως
2792 2697 2972 2782 ἔχειν.
3064 2695 3133 2759 οὐ

621 2803 730 2886 γὰρ
784 2800 1084 2886 ἀφῄρηται
1137 2803 1240 2884 τὴν
1294 2803 1554 2872 ἐξουσίαν
1600 2801 1735 2866 οὔτε
1788 2805 1819 2866 6
1882 2802 2100 2871 Πύθιος
2143 2807 2246 2867 τοῦ
2300 2807 2385 2886 τῷ
2429 2803 2590 2886 αὐτῷ’
2636 2801 2861 2885 χρῆσαί
2900 2824 2963 2864 τε
3006 2801 3102 2864 καὶ
3142 2805 3241 2861 104

623 2906 728 2990 μή,
796 2903 931 2967 οὔτε
975 2908 1006 2967 6
1059 2903 1396 2987 Ασκληπιὸς
1439 2910 1542 2968 τοῦ
1611 2906 2021 2989 παρίστασθαι.
2112 2908 2321 2974 πάντες
2364 2909 2502 2986 γοῦν
2548 2905 2763 2988 σχεδὸν
2828 2902 3134 2986 ἅνθρωποι

621 3009 1082 3092 καταφεύγουσιν
1127 3007 1228 3069 ἐπ’
1255 3007 1452 3082 αὐτόν,
1499 3006 1644 3071 ἔνθα
1692 3008 1759 3072 ἂν
1805 3008 2257 3092 ἐπιφανέστατος
2303 3006 2366 3090 ᾖ,
2414 3007 2861 3074 πεπιστευκότες
2892 3005 2979 3069 ὅτι
3007 3010 3127 3073 τοῖς

622 3113 1040 3183 σπουδάζουσιν
1087 3109 1262 3173 αὐτὸν
1309 3108 1468 3194 ἔχειν
1517 3111 1710 3195 ἰατρὸν
1757 3114 1980 3192 μᾶλλον
2028 3115 2144 3174 τῶν
2190 3111 2259 3174 οὐ
2308 3109 2753 3181 σπουδαζόντων
2800 3108 3132 3171 ἐπιδίδωσιν
3188 3124 3217 3166 5

621 3213 813 3278 αὑτόν.

515 3387 1320 3398 -ᾐ--ῌ--ῄ-

520 3508 543 3557 l
585 3506 822 3574 ἀναιρεῖν]
881 3506 940 3557 ἀν
979 3504 1097 3558 add.
1137 3522 1183 3556 v.
1223 3521 1266 3556 c.
1297 3508 1342 3554 V
1617 3504 1648 3555 2
1695 3503 1754 3556 ἂν
1793 3503 1969 3555 addidi
2219 3505 2306 3556 καὶ
2344 3519 2442 3556 om.
2481 3503 2561 3555 αι’
2822 3501 2856 3554 3
2902 3502 2935 3568 ἢ
2974 3500 3139 3554 Lond.
3178 3504 3245 3554 0:

517 3599 577 3665 οὐ

622 3612 696 3662 sic
735 3615 798 3661 V:
855 3607 914 3660 οὒ
959 3609 1047 3661 rel.
1353 3607 1384 3659 7
1439 3607 1484 3660 δι
1530 3607 1584 3660 a²
1868 3606 1918 3659 7.
1956 3607 1988 3658 8
2042 3605 2320 3659 τὸ--εῐναι
2366 3606 2423 3658 τὸ
2462 3604 2687 3677 φρονεῖν]
2742 3581 3014 3676 ἐν’·μηδινὶ
3062 3601 3119 3655 ὃν
3166 3601 3241 3667 (ὂν

515 3700 660 3768 φύσει
697 3699 804 3758 ES)
845 3697 904 3748 τὸ
951 3703 1150 3768 φρονεῖν
1197 3693 1338 3764 φύσει
1377 3700 1424 3748 Η
1450 3713 1526 3766 γρ.
1555 3697 1642 3748 Es
1871 3695 1936 3746 ‘8
1974 3710 2050 3762 pr.
2086 3692 2170 3759 τὸ]
2208 3693 2237 3746 ὸ
2273 3695 2331 3746 iu
2368 3695 2447 3746 lit.
2486 3699 2533 3744 V
2820 3699 3019 3764 φρονεῖν
3056 3691 3245 3754 καίτοι]

516 3803 674 3858 ρονειν
713 3783 878 3837 καίτοι
913 3785 970 3836 in
1011 3799 1110 3851 mg.
1139 3783 1211 3834 V¹
1425 3781 1686 3851 δυναμένῳ
1738 3783 1808 3852 μὴ
1858 3783 2072 3850 scripsi:
2129 3781 2417 3850 δυναμένων
2456 3781 2513 3833 τὸ
2552 3780 2705 3833 Va¹²=
2763 3779 3038 3846 δυναμένου
3072 3778 3135 3830 τὸ
3171 3778 3243 3846 μὴ

515 3873 608 3926 13²:
663 3872 926 3940 δυναμένῳ
963 3868 1021 3922 τὸ
1067 3870 1125 3922 οὺ
1165 3869 1330 3922 Lond.
1369 3873 1442 3924 Ox
1498 3869 1754 3938 δυναμένῳ
1793 3868 1853 3922 οὺ
1892 3870 2035 3922 Casa
2092 3869 2213 3938 [μὴ]
2251 3869 2511 3937 δυναμένῳ
2547 3869 2663 3921 τότε
2702 3867 2761 3920 οὺ
2799 3868 2935 3921 coni.
2972 3869 3043 3919 0:
3100 3864 3243 3918 δυνα-

514 3979 651 4047 μένῳ
697 3977 812 4029 τότε
860 3975 918 4028 οὗ
960 3976 1112 4042 Casp.
1153 3978 1197 4028 Ο
1433 3970 1510 4024 ὅτι
1556 3973 1655 4025 del.
1695 3973 1786 4026 13²:
1854 3973 1927 4025 ἔτι
1965 3973 2162 4026 Gercke
2408 3974 2471 4024 10
2526 3973 2615 4024 alt.
2652 3977 2745 4025 τοῦ
2782 3974 2894 4025 ES:
2953 3959 3007 4024 δὲ
3051 3976 3141 4024 τοῦ
3180 3976 3244 4023 V:

513 4069 608 4132 sss]
639 4069 730 4118 τοῦ
777 4068 844 4116 B:
901 4063 954 4115 δὲ
991 4067 1080 4114 τοῦ
1119 4061 1220 4112 8¹²:
1277 4063 1368 4129 γὰρ
1415 4065 1506 4112 τοῦ
1546 4064 1589 4112 H
1631 4077 1760 4128 mg.:
1817 4059 1877 4130 δὴ
1917 4065 2007 4112 τοῦ
2048 4064 2202 4128 Gasp.
2240 4063 2285 4113 Ο
2498 4062 2553 4112 11
2598 4061 2686 4112 καὶ
2723 4058 2797 4111 δι’
2832 4057 2897 4128 ἣν
2935 4059 3101 4112 Lond.
3130 4063 3175 4111 Ο

520 4154 582 4205 12

638 4153 781 4222 αὐτῷ
827 4157 872 4204 V
1205 4149 1267 4201 13
1323 4147 1420 4199 οὐκ
1467 4148 1542 4218 εἴη
1595 4149 1806 4215 scripsi:
1864 4143 2039 4200 οὐκέτ’
2090 4148 2235 4200 libri:
2292 4145 2389 4198 οὐκ
2438 4143 2543 4198 ἔστ’
2594 4149 2681 4200 ES
3030 4149 3247 4198 τοιοῦτοι

515 4241 714 4294 Gercke
925 4225 1012 4291 ὑπ’
1055 4237 1262 4290 ἐκείνων
1303 4241 1347 4287 Ο
1615 4237 1674 4287 14
1731 4235 1788 4287 τὸ
1838 4235 1957 4286 add.
1999 4239 2095 4287 ΗΟ
2353 4235 2414 4286 15
2470 4231 2555 4286 ἐπ’
2606 4233 2777 4286 αὐτῶν
2820 4233 3021 4286 Gercke

515 4329 606 4397 μὲν
661 4345 760 4378 om.
809 4331 854 4380 Ο
1077 4327 1137 4376 16
1195 4325 1478 4392 μακάρι-στα
1519 4326 1562 4373 V
1819 4322 1879 4373 17
1938 4321 2107 4374 αὐτῶν
2154 4325 2266 4385 (τοῦ
2305 4321 2552 4394 χείρονος)
2601 4325 2646 4374 O
2926 4318 3246 4377 ἀνεπίδεκτος

513 4416 588 4468 ὦν
635 4415 872 4468 ἐναντίων
921 4413 990 4467 B²
1199 4414 1266 4484 τῇ
1315 4427 1414 4462 om.
1456 4414 1500 4462 O
1716 4410 1873 4462 κτίσει
1925 4410 2003 4461 8¹²
2293 4411 2352 4461 19
2409 4410 2519 4474 καὶ]
2576 4409 2742 4460 καίτοι
2791 4408 2989 4461 Gorcke
3026 4407 3245 4459 fortasse

516 4509 653 4558 recte
867 4501 936 4553 20
990 4497 1346 4569 παραγίνεσθαι
1393 4497 1545 4564 Casp.
1595 4498 1640 4550 Ο
1856 4495 1921 4548 22
1968 4496 2154 4564 εἴποτε]
2204 4495 2301 4548 εἴτε
2341 4501 2407 4547 V¹
2457 4501 2605 4560 (corr.
2647 4513 2690 4548 v.
2722 4498 2787 4559 c.)
2972 4495 3040 4547 24
3088 4494 3247 4563 ἀφήρ-

513 4627 662 4679 τηται
705 4607 760 4659 2²
1014 4609 1105 4656 τοῦ
1142 4607 1218 4672 τῷ
1256 4604 1357 4656 ⁸¹²:
1411 4589 1502 4654 τού
1541 4591 1618 4654 τῶ
1657 4603 1731 4654 sic
1770 4606 1831 4652 V:
1872 4599 2036 4668 τούτῳ
2082 4605 2188 4654 Es:
2244 4617 2335 4652 του
2374 4603 2447 4668 τῷ
2476 4599 2590 4652 Gas-
2806 4603 3011 4670 χρῆσαι-
3034 4597 3249 4650 Grotius

515 4699 592 4759 (in
627 4699 778 4756 νοτε.)
819 4695 1102 4745 Schwartz:
1141 4689 1362 4762 χρῆσθαί
1398 4709 1450 4742 τε
1490 4691 1575 4742 καὶ
1601 4706 1648 4740 v,
1675 4705 1720 4741 c.
1745 4693 1806 4740 V:
1846 4689 2082 4760 χρήσεται
2120 4689 2207 4739 καὶ
2230 4692 2275 4738 V
2286 4689 2297 4718 ¹
2527 4687 2593 4740 25
2634 4686 2915 4755 ἀσκληπιοσ
2956 4690 3001 4737 V

515 4779 845 4851 παρίστασθαι
872 4782 1006 4832 coni.
1029 4783 1101 4828 0:
1143 4775 1471 4847 προίστασθαι
1507 4777 1628 4828 libri
1809 4777 2025 4828 fortasse
2064 4773 2393 4843 παρίστασθαι
2428 4779 2505 4836 (τε
2542 4775 2629 4828 καὶ
2666 4776 2759 4843 μή)
2930 4772 2996 4826 27
3042 4771 3102 4825 οὺ
3130 4789 3177 4824 v.
3203 4788 3250 4825 c.

516 4871 668 4922 Va¹²z
709 4868 782 4920 ώσ
825 4869 892 4916 V¹
1107 4868 1174 4918 :28
1211 4863 1364 4915 αὐτὸν
1409 4868 1448 4914 V
