3684 5567
586 248 706 314 188
1462 248 1920 309 ΑΛΕΞΑΝΔΡΟΥ
1957 249 2407 309 ΑΦΡΟΔΙΣῙΕΩΣ

688 423 1133 507 προτρέψουσινς
1201 430 1326 493 πῶς
1390 426 1450 489 δ’
1500 424 1568 488 ἂν
1614 429 1856 497 σώζοιεν
1923 430 2158 489 τοιαῦτα
2224 425 2485 509 λέγοντες
2551 428 2654 511 τὴν
2699 429 2812 492 ὑπὸ
2857 433 2970 493 τῶν
3019 430 3174 494 θεῶν
3202 447 3258 489 25
3307 438 3464 492 xvn

686 524 984 611 γινομένην
1029 532 1144 591 τῶν
1190 530 1419 612 θνητῶν
1464 528 1765 613 πρόνοιαν;
1829 530 1881 592 εἰ
1947 531 2055 614 γὰρ
2124 530 2194 593 αἴ
2228 553 2290 593 τε
2333 536 2452 593 τῶν
2499 534 2653 595 θεῶν
2697 533 3042 617 ἐπιφάνειαι,
3110 534 3180 604 ἅς

686 649 857 712 φασιν
888 630 1151 713 γίνεσθαί
1174 654 1336 708 τισιν,
1382 634 1531 697 κατά
1564 656 1687 697 τινα
1731 634 1975 716 γίνονται
2020 635 2640 720 προκαταβεβλημένην
2684 637 2890 707 αἰτίαν,
2945 640 3026 706 ὡς
3068 640 3180 723 πρὸ

686 736 790 795 τοῦ
834 734 1101 815 γενέσθαι
1145 737 1269 799 τινὰ
1312 736 1505 800 αὐτῶν
1551 737 1772 819 ἀληθὲς
1816 736 1961 799 εἶναι
2005 738 2070 800 τὸ
2114 740 2284 801 τοῦδε
2330 738 2433 821 μὲν
2481 736 2726 802 ἔσεσθαί
2763 762 2886 802 τινα
2931 741 2998 803 ἐκ
3027 742 3182 804 θεῶν

618 856 647 902 5
686 836 1048 919 κηδεμονίαν,
1118 842 1285 903 τοῦδε
1330 841 1395 904 δὲ
1440 841 1545 923 μή,
1610 844 1737 910 πῶς
1780 840 1852 904 ἂν
1897 839 1981 905 ἔτι
2026 845 2193 904 τοῦτο
2259 841 2533 925 πρόνοιάν
2575 866 2660 913 τις
2705 844 2940 911 δικαίως
3002 843 3180 925 λέγοι,
3210 862 3266 905 8⁰

690 940 794 1023 τὴν
840 940 907 1004 οὐ
956 940 1083 1005 κατ’
1139 943 1297 1013 ἀξίαν
1341 943 1663 1027 γινομένην,
1709 944 1862 1007 ἀλλὰ
1905 947 2073 1026 κατά,4
2096 968 2219 1008 τινα
2252 946 2504 1029 ἀνάγκην
2533 945 3182 1031 προκαταβεβλημένηνς

687 1048 815 1111 πῶς
858 1041 912 1107 δ’
968 1044 1037 1107 ἂν
1084 1049 1329 1118 σώζοιτο
1373 1048 1471 1110 καὶ
1514 1048 1552 1130 ἠ
1600 1048 1743 1131 πρὸς
1786 1048 1921 1116 τοὺς
1967 1046 2138 1117 θεοὺς
2181 1047 2446 1134 εὐσέβεια
2489 1052 2606 1111 τῶν
2659 1048 2917 1132 εὐσεβεῖν
2947 1050 3182 1112 δοκούν-

686 1169 822 1222 των,
868 1147 1011 1210 διότι
1057 1151 1137 1232 μὴ
1185 1148 1277 1213 ἐπ’
1332 1150 1528 1220 αὐτοῖς
1577 1147 1584 1236 Ι
1634 1150 1705 1234 ἧν
1751 1151 1818 1213 τὸ
1863 1154 2032 1214 τοῦτο
2079 1152 2160 1234 μὴ
2207 1154 2414 1226 ποιεῖν,
2459 1151 2646 1220 οὕτως
2689 1152 3038 1231 ποιούντωνς
3106 1152 3180 1233 γί·
3221 1158 3290 1213 62

689 1272 840 1312 νοιτο
908 1248 959 1315 δ’
1016 1249 1085 1314 ἄν
1129 1254 1226 1316 καὶ
1270 1253 1427 1336 παρὰ
1470 1259 1587 1317 τῶν
1652 1254 1833 1329 θεῶν,
1899 1254 1982 1322 εἰς
2045 1253 2148 1321 οὓς
2208 1254 2428 1336 γίνεταί
2484 1278 2540 1316 τι
2583 1255 2740 1340 παρὰ
2795 1256 2926 1324 τοὺς
2971 1254 3186 1323 ἄλλους

590 1374 647 1419 10
688 1354 881 1427 πλέον,
928 1354 1015 1417 ὅτι
1060 1358 1153 1419 καὶ
1200 1356 1417 1420 τούτων
1462 1356 1613 1441 ἦσαν
1660 1358 1720 1420 αἱ
1765 1357 1945 1441 ἀρχαὶ
1989 1359 2086 1421 καὶ
2131 1358 2242 1442 πρὸ
2289 1362 2390 1421 τοῦ
2434 1358 2670 1427 τούτους
2714 1356 2858 1420 εἶναι
2901 1380 3186 1441 προκατα-

688 1457 1057 1543 βεβλημέναι.
1146 1464 1272 1528 πῶς
1318 1459 1368 1522 δ’
1424 1461 1530 1525 οὐκ
1574 1461 1860 1542 ἀναιροῖεν
1929 1460 1996 1523 ἂν
2045 1462 2138 1524 καὶ
2187 1461 2484 1544 μαντικήν,
2552 1466 2658 1545 τῆς
2723 1461 2839 1523 ἀπὸ
2909 1466 3184 1545 μαντικῆς
3235 1479 3264 1520 5

686 1562 887 1646 χρείας
929 1562 1375 1646 ἀναιρουμένης;
1444 1564 1499 1626 τί
1537 1563 1647 1647 γὰρ
1694 1562 1763 1626 ἂν
1807 1563 1848 1645 ἦ
1895 1564 2102 1645 μαθεῖν
2170 1564 2209 1646 ἢ
2277 1563 2371 1627 διὰ
2434 1565 2502 1626 τὸ
2565 1564 2774 1646 μαθεῖν
2839 1563 3000 1647 παρὰ
3065 1570 3182 1627 τῶν

688 1666 945 1746 μα’ντεων
1014 1665 1314 1749 φυλάξαιτ’
1390 1664 1460 1729 ἄν
1527 1689 1628 1740 τις,
1698 1666 1748 1727 εἰ
1816 1664 1965 1748 μόνα
2027 1670 2208 1729 ταῦτα
2270 1668 2410 1750 ἡμῖν
2461 1690 2526 1729 τε
2585 1668 2794 1749 μαθεῖν
2840 1667 3077 1735 ἐκείνοις
3121 1690 3184 1731 τε

688 1772 937 1850 μηνῦσαι
968 1766 1227 1844 δυνατόν,
1274 1770 1355 1831 ὧν
1386 1772 1489 1830 τοῦ
1524 1768 1729 1851 μαθεῖν
1761 1770 1920 1853 ἡμᾶς
1949 1769 2043 1832 καὶ
2089 1774 2328 1853 ποιῆσαι
2373 1770 2411 1853 ἦ
2447 1771 2528 1853 μὴ
2561 1770 2802 1852 ποιῆσαί
2840 1792 2894 1832 τι
2938 1769 3178 1835 ἕκαστον

587 1892 645 1939 15
684 1871 756 1956 ἧν
802 1872 897 1935 καὶ
942 1871 1054 1954 πρὸ
1098 1877 1203 1955 τῆς
1247 1870 1533 1954 ἡμετέρας
1574 1870 1858 1953 γενέσεως
1903 1872 2465 1955 κατηναγκασμένον,
2511 1876 2614 1935 τοῦ
2659 1895 2724 1936 τε
2763 1872 3033 1955 ἐμμένειν
3063 1879 3182 1943 τοῖς
3212 1892 3266 1933 ιο

688 1975 800 2038 ὑπὸ
844 1978 960 2037 τῶν
1008 1974 1163 2035 θεῶν
1209 1972 1765 2057 προαγορευομένοις
1810 1973 1923 2057 οὐχ
1969 1975 2140 2057 ἡμεῖς
2203 1974 2386 2058 κύριοι
2439 1981 2524 2059 τῷ
2571 1980 2686 2038 τῶν
2733 1975 3026 2059 ἐσομένων
3073 1976 3171 2062 ὑφ’

686 2080 856 2161 ἡμῶν
902 2076 1485 2160 προκαταβεβλῆσθαι
1533 2076 1633 2144 τὰς
1676 2076 1878 2144 αἰτίας.
1967 2076 2088 2139 ἀλλ’
2165 2076 2254 2141 ὅτι
2319 2079 2422 2161 μὲν
2466 2078 2532 2141 τὸ
2600 2077 2786 2161 δόγμα
2830 2083 2996 2142 τοῦτο
3045 2081 3176 2144 άνα-
3219 2089 3396 2142 XVIII

684 2185 903 2263 τροπῆς
946 2178 1126 2242 αἴτιον
1172 2180 1383 2247 παντὸς
1426 2184 1528 2242 τοῦ
1574 2182 1691 2241 τῶν
1736 2180 2066 2263 ἀνθρώπων
2113 2181 2258 2265 βίου,
2327 2182 2495 2244 παντί
2545 2205 2656 2245 που
2704 2182 2916 2265 μαθεῖν
2961 2182 3178 2267 ῥᾴδιον,
3211 2202 3264 2244 15

686 2283 775 2346 ὅτι
831 2282 895 2345 δὲ
961 2282 1055 2345 καὶ
1111 2284 1338 2365 ψεῦδος,
1407 2284 1601 2345 ἱκανὸν
1670 2282 1976 2365 μαρτύριον
2043 2282 2109 2345 τὸ
2178 2282 2312 2365 μηδ’
2391 2282 2600 2353 αὐτοὺς
2662 2284 2796 2354 τοὺς
2859 2288 3182 2369 προστάτας

580 2408 647 2452 20
684 2385 860 2450 αὐτοῦ
906 2384 1185 2449 δύνασθαι
1230 2385 1543 2447 πείθεσθαι
1588 2390 1707 2453 τοῖς
1750 2382 1849 2466 ὑφ’
1906 2384 2098 2446 αὑτῶν
2143 2385 2491 2469 λεγομένοις.
2583 2388 2736 2451 οὕτω
2781 2387 2888 2472 γὰρ
2933 2387 2993 2450 ἐν
3039 2393 3180 2452 πᾶσι

678 2494 799 2557 τοῖς
842 2487 1031 2570 λόγοις
1073 2489 1465 2572 φυλάσσουσιν
1512 2488 1577 2550 τὸ
1621 2486 1931 2571 ἐλεύθερόν
1977 2510 2040 2549 τε
2087 2489 2182 2551 καὶ
2215 2488 2600 2564 αὐτεξούσιον,
2647 2492 2729 2557 ὡς
2773 2491 2856 2573 μὴ
2904 2490 3180 2555 ἀκούσαν-
3206 2508 3264 2551 ευ

686 2593 779 2660 τές
846 2614 985 2654 ποτε
1051 2587 1185 2672 παρ’
1264 2591 1441 2653 ἄλλου
1504 2591 1763 2653 τοιούτου
1830 2590 1980 2658 τινὸς
2045 2589 2355 2672 δόγματος,
2427 2596 2598 2655 τοῦτο
2669 2593 2770 2675 μὲν
2845 2593 3180 2676 προτρέπειν

596 2722 603 2728 ·
684 2694 837 2762 τινὰς
902 2696 1267 2777 πειρώμενοι,
1336 2697 1418 2762 ὡς
1482 2698 1583 2756 τοῦ
1650 2716 1713 2755 τε
1778 2698 1962 2757 ποιεῖν
2029 2693 2068 2775 ἢ
2125 2694 2205 2777 μὴ
2273 2698 2457 2757 ποιεῖν
2522 2699 2690 2758 τοῦτο
2755 2696 2858 2778 τὴν
2924 2696 3180 2766 ἐξουσίαν

578 3030 609 3081 3
648 3044 795 3098 φησιν
834 3030 903 3081 V¹
942 3034 1093 3093 (corr.
1130 3046 1178 3079 v.
1206 3030 1273 3095 c.)
1498 3026 2072 3097 προκαταβεβλημένην]
2129 3046 2192 3079 τα
2229 3044 2270 3081 s.
2298 3044 2342 3079 v.
2383 3032 2432 3079 V
2665 3030 2698 3082 5
2736 3047 2783 3082 τι
2819 3030 2936 3083 Cas.
3149 3031 3182 3083 8
3220 3031 3289 3083 δι-

578 3116 678 3186 ότι]
714 3116 933 3169 fortasse
978 3113 1115 3169 ἀλλ’
1155 3115 1231 3168 ὅτι
1452 3117 1528 3169 10.
1574 3117 1630 3169 11
1672 3114 2243 3185 προκαταβεβλημίνους
2281 3115 2338 3167 8²
2555 3118 2608 3169 11
2671 3118 2914 3187 ἀναιροῖεν
2953 3117 3011 3171 ἂν
3049 3118 3203 3186 Casp.
3243 3123 3288 3172 Ο

576 3222 676 3285 (vol
722 3218 962 3289 ἁναιροῖτ’
1002 3220 1062 3273 ἂν
1100 3222 1187 3273 καὶ
1222 3222 1437 3292 μαντικὴ
1476 3222 1657 3283 idom):
1705 3208 1954 3293 ἀναιροῖαν
1991 3222 2078 3272 καὶ
2117 3222 2192 3273 sic
2229 3224 2292 3273 V:
2342 3219 2401 3271 ἂν
2439 3222 2628 3293 ἀναιρεῖ
2673 3222 2733 3273 ἅν
2773 3224 2890 3274 ΚΒι
2927 3224 3142 3294 (ἀναιροῖ
3175 3224 3287 3288 13²2:

577 3310 766 3379 ἀναιρεῖ
800 3308 857 3360 ἂν
896 3308 989 3361 8¹²:
1040 3309 1234 3380 ἀναιροῖ
1267 3308 1327 3361 ἂν
1366 3313 1411 3363 Ο
1635 3308 1721 3375 12,
1744 3310 1929 3381 χρείαις
1966 3312 2011 3362 Ο
2225 3305 2402 3375 μαθεῖν
2439 3307 2586 3371 (δέοι)
2619 3308 2712 3362 B²=
2749 3306 2904 3377 μάθοι
2937 3310 3196 3365 Schwartz

582 3415 643 3467 13
688 3413 946 3483 φυλάξαιτ’
982 3418 1047 3466 V:
1086 3412 1331 3484 φυλάξετο
1364 3413 1441 3466 21²:
1489 3409 1773 3482 φυλάξασθ’
1814 3413 1869 3465 a¹
2045 3414 2088 3465 εἰ
2127 3416 2174 3465 K
2213 3411 2328 3466 Cas.
2365 3411 2530 3465 Lond.
2570 3417 2633 3468 0:
2671 3414 2704 3481 ἦ
2743 3416 2819 3469 sic
2858 3420 2920 3467 V:
2957 3414 2990 3484 ἢ
3029 3414 3107 3468 ⁸¹²

575 3506 733 3555 ταῦτα
754 3504 882 3554 Va¹=
921 3499 1074 3554 ταῦθ’
1102 3503 1134 3555 ἃ
1168 3502 1246 3554 ⁸²:
1284 3499 1439 3554 ταῦθ’
1470 3506 1516 3553 K
1701 3502 1763 3553 14
1801 3500 1914 3569 τοῦ]
1951 3501 2168 3554 fortasse
2204 3499 2271 3553 τὸ
2450 3518 2498 3551 τι
2534 3500 2632 3555 del.
2657 3502 2912 3555 Schwartz
3097 3503 3156 3557 15
3193 3504 3290 3573 πρὸ

574 3607 654 3658 ³¹:
703 3606 825 3677 πρὸς
862 3606 969 3658 Va’
1184 3611 1274 3660 τοῦ
1319 3624 1373 3659 τε
1412 3606 1491 3658 21²:
1548 3611 1697 3659 τοῦτο
1735 3608 1866 3659 Va¹z
1922 3604 2116 3664 τοὺτοις
2153 3610 2198 3657 Ε
2414 3592 2632 3675 ἐνμένειν
2677 3608 2754 3660 sic
2793 3610 2839 3660 V
3020 3608 3082 3660 16
3137 3626 3292 3679 προα-

575 3691 917 3818 γορευόμενοῗ,
967 3747 1063 3819 οὐχ
1098 3750 1167 3799 V¹
1394 3748 1453 3799 17
1514 3766 1605 3815 μεν
1642 3751 1691 3797 V
1904 3744 1965 3797 19
2024 3744 2122 3811 ὅτι]
2161 3746 2223 3799 cf.
2253 3747 2511 3801 Eusebius
2549 3764 2624 3814 pr.
2651 3764 2728 3800 ov.
2757 3748 2860 3813 vl‚'
2875 3749 2924 3801 9.
2959 3748 3089 3800 272⁶
3127 3747 3200 3801 ὅτι
3237 3748 3290 3801 δὲ

576 3886 753 3955 ψεῦδος
801 3888 865 3957 ἠν
902 3888 1071 3941 αὐτῶν
1120 3888 1147 3941 ὁ
1182 3889 1293 3959 περὶ
1328 3889 1627 3958 εἱμαρμένης
1670 3888 1839 3954 λόγος,
1901 3886 2078 3940 ἰκανὸν
2116 3885 2227 3939 κτλ.
2479 3835 2622 3953 ἕρδ’
2663 3890 2739 3941 sic
2777 3893 2824 3940 V
3072 3890 3140 3941 20
3195 3889 3291 3941 ὑπ’

576 3975 746 4028 αὐτῶν
796 3977 1077 4038 EusebiuS,
1140 3978 1227 4044 qui
1280 3979 1475 4044 pergit:
1533 3977 1619 4027 καὶ
1675 3978 1766 4046 γὰρ
1820 3976 1907 4027 καὶ
1958 3974 2248 4045 προτρέπειν
2304 3978 2389 4027 καὶ
2443 3974 2688 4029 διδάσκειν
2741 3976 3148 4047 ἐπαγγέλλονται,
3205 3978 3291 4029 καὶ

576 4062 847 4132 μανθάνειν
886 4065 972 4115 καὶ
1008 4062 1325 4116 παιδεύεσθαι
1362 4061 1799 4131 συμβουλεὺουσιν,
1848 4062 2108 4130 ἐπιτιμῶσί
2151 4080 2206 4114 τε
2245 4064 2330 4114 καὶ
2368 4062 2722 4131 ἐπιπλήττουσι
2757 4070 2862 4122 τοῖς
2905 4064 2965 4117 οὐ
3001 4066 3065 4115 τὰ
3105 4066 3290 4135 προοή·

577 4170 734 4205 κοντα
789 4151 995 4223 δρῶσιν,
1054 4151 1123 4210 ὡς
1186 4153 1317 4203 κατὰ
1364 4151 1641 4223 προαίρεσιν
1704 4150 1829 4202 ἰδίαν
1879 4149 2261 4221 ἁμαρτάνουσιν.
2355 4148 2483 4202 ἀλλὰ
2529 4151 2615 4202 καὶ
2663 4153 3027 4221 συγγράμματα
3089 4151 3291 4203 πλεῖστα

576 4238 953 4305 καταλείπουσι,
1010 4239 1083 4291 δι’
1120 4240 1192 4291 ὧν
1229 4238 1418 4299 ἀξιοῦσι
1466 4236 1784 4291 παιδεύεσθαι
1830 4240 1947 4295 τοὺς
1982 4240 2140 4295 νέους.
2215 4236 2492 4290 ἐπαύσαντο
2539 4234 2589 4289 δ’
2631 4238 2689 4290 ἂν
2739 4244 2830 4308 τῆς
2879 4240 2929 4291 ἐν
2976 4247 3080 4297 τοῖς
3125 4238 3290 4309 λόγοις

576 4327 881 4397 φιλοτιμίας,
938 4329 980 4380 εἰ
1029 4330 1303 4399 προσέσχον
1350 4326 1425 4379 ὅτι
1474 4328 1559 4379 καὶ
1605 4326 1902 4397 συγγνώμης
1950 4326 2137 4387 ἀξιοῦσι
2173 4328 2290 4383 τοὺς
2331 4326 2582 4383 ἀκουσίως
2627 4326 3033 4398 ἁμαρτάνοντας,
3086 4326 3202 4385 τοὺς
3238 4324 3290 4378 δὲ

579 4416 824 4473 ἑκουσίως
867 4414 1284 4486 πλημμελοῦντας
1331 4413 1589 4473 κολάσεως
1627 4414 1791 4475 ἀξίους
1840 4414 1965 4466 εἶναί
2000 4430 2145 4483 φασιν
2181 4414 2248 4479 (ἀ.
2289 4414 2328 4465 ἐ.
2369 4433 2421 4483 φ.
2461 4415 2557 4466 del.
2599 4430 2712 4468 cum
2751 4416 2784 4467 1.
2813 4433 2859 4483 ρ.
2894 4413 3170 4478 Gaisford),
3220 4414 3291 4471 ὡς

576 4498 659 4555 ἐπ’
700 4503 868 4561 αὺτοῖς
912 4502 1141 4573 δηλονότι
1186 4509 1275 4555 τοῦ
1312 4522 1366 4555 τε
1412 4503 1707 4574 ἁμαρτάνειν
1746 4504 1831 4554 καὶ
1877 4508 1968 4554 τοῦ
2015 4502 2087 4571 μὴ
2134 4502 2386 4570 κειμένου.
2459 4502 2590 4555 ὥστε
2638 4502 2723 4555 καὶ
2766 4502 2891 4554 κατ’
2927 4501 3106 4560 αὐτοὺς
3152 4504 3289 4555 ἀναι-

576 4588 765 4659 ρεῖσθαι
811 4592 904 4660 τὴν
948 4590 999 4651 ἐξ
1046 4591 1345 4661 εἱμαρμένης
1392 4592 1631 4658 ἀνάγκην,
1688 4588 2008 4643 συνίστασθαι
2053 4589 2104 4641 δὲ
2151 4592 2282 4641 κατὰ
2319 4589 2463 4658 φύσιν
2514 4590 2632 4660 ἡμῖν
2671 4588 2906 4661 ὑπάρχειν
2952 4590 3011 4642 τὸ
3059 4589 3290 4651 αὖτεξοὺ-

575 4692 705 4729 σιον·
768 4680 895 4745 μετὰ
930 4683 1020 4731 τοῦ
1056 4678 1258 4733 πλεῖστα
1306 4679 1427 4730 εἶναι
1464 4678 1549 4730 καὶ
1584 4678 1647 4729 τὰ
1686 4676 1755 4746 μὴ
1794 4674 1878 4745 ἐφ’
1918 4678 2053 4747 ἡμῖν,
2112 4676 2279 4746 ὥσπερ
2317 4678 2380 4729 τὰ
2417 4679 2549 4729 κατὰ
2586 4677 2745 4747 φύσιν,
2801 4678 2886 4729 καὶ
2921 4678 2984 4729 τὰ
3022 4679 3080 4731 ἐκ
3117 4678 3291 4751 τύχης,

575 4765 717 4833 ἔτερα
756 4764 877 4817 ὄντα
912 4767 999 4817 καὶ
1036 4764 1164 4817 αὐτὰ
1200 4766 1333 4837 παρὰ
1369 4764 1455 4817 τὸν
1492 4770 1583 4833 τῆς
1620 4765 1925 4835 εἱμαρμένης
1960 4764 2126 4832 λόγον,
2163 4763 2340 4823 καθὼς
2377 4764 2717 4835 προδέδεικται
2938 4764 3004 4817 22
3041 4766 3130 4835 μὲν
3169 4782 3218 4819 v.
3245 4782 3288 4819 c.

572 4853 607 4903 i.
634 4868 682 4903 v.
712 4856 775 4904 V:
814 4852 865 4905 δὲ
905 4852 1058 4905 V¹a¹²
