3684 5567
1372 244 1395 298 I
1470 245 1557 298 DE
1594 245 2142 309 QUAESTIONIBUS
3035 249 3120 289 VH

400 418 578 501 bant,
621 437 663 483 a
707 416 935 503 quibus
979 418 1289 503 penderet
1333 418 1589 484 solutio.
1656 418 1759 483 cui
1804 418 2212 486 coniecturae
2256 419 2566 487 succurrit
2609 419 2888 502 capitum
2919 417 3116 484 index

386 534 560 603 libro
609 536 951 621 praefixus,
995 536 1061 601 in
1107 557 1231 620 quo
1278 536 1536 603 diversa
1581 555 1624 602 a
1667 538 1944 623 59,1-3
1988 538 2320 624 inscriptio
2365 540 2618 624 legitur.

567 657 778 739 Atque
822 656 985 723 haec
1028 656 1111 723 de
1154 656 1603 741 quaestionum
1648 658 2122 725 constitutione.
2211 658 2596 725 solutionem
2641 679 2810 743 quae
2853 660 3116 725 inducat

398 774 725 841 sollemnis
769 784 869 843 est
912 776 1231 860 particula
1285 776 1347 861 ἤ,
1414 796 1583 859 quae
1646 776 1968 843 interdum
2034 775 2274 843 excidit
2337 776 2403 842 in
2449 778 2720 862 Veneto,
2787 784 2859 843 ut
2925 780 3113 871 14,16
3199 787 3206 795 ’

396 896 587 981 2Ο,26
645 898 835 980 24,29
888 897 1079 981 33,28
1130 896 1283 981 51,4
1340 896 1525 980 873,
1592 896 1709 963 sed
1754 897 2131 982 plerumque
2183 896 2314 961 iam
2359 896 2605 980 pridem
2652 897 2948 964 restituta
2993 906 3108 965 est.

395 1016 728 1083 Debebam
772 1016 839 1081 in
884 1022 1129 1083 textum
1174 1036 1321 1082 eam
1366 1015 1651 1099 recipere
1694 1018 1905 1101 3338,
1961 1016 2246 1083 nondum
2289 1016 2603 1100 adscripsi
2649 1018 2814 1102 61,8.
2905 1019 3112 1086 rarius

393 1136 671 1219 denique
714 1142 972 1220 praeter
1015 1136 1055 1221 ἤ
1098 1142 1443 1219 usurpatur
1487 1134 1601 1222 ἄρα
1643 1136 1829 1220 47,31
1879 1136 2072 1220 55,24
2115 1144 2182 1205 et
2226 1140 2452 1224 μήποτε
2494 1135 2705 1220 42,25.

568 1254 877 1322 Videmus
927 1253 1121 1337 igitur
1175 1274 1350 1341 eum,
1419 1256 1526 1339 qui
1588 1256 1753 1321 haec
1814 1255 2218 1339 problemata
2269 1254 2571 1335 confecit,
2633 1256 2990 1324 severiores
3042 1259 3108 1323 in

389 1373 745 1440 formandis
788 1372 1057 1457 singulis
1102 1373 1281 1457 leges
1324 1374 1446 1441 sibi
1490 1394 1622 1440 non
1667 1373 2070 1457 imposuisse.
2147 1375 2240 1441 ita
2285 1382 2544 1459 praeter
2585 1376 2935 1444 varietates
2978 1379 3107 1444 iam

392 1494 771 1560 observatas
836 1495 1028 1560 modo
1094 1514 1225 1559 una
1282 1493 1471 1559 modo
1527 1492 1816 1577 pluribus
1881 1493 2307 1561 solutionibus
2372 1494 2679 1561 enodavit
2743 1498 2809 1560 τὸ
2875 1498 3108 1583 ζήτημα

387 1614 639 1697 (plures
712 1612 1073 1678 invenimus
1148 1613 1199 1696 Ι,
1226 1614 1286 1679 7.
1309 1614 1369 1678 8.
1398 1614 1495 1679 10.
1522 1614 1608 1677 20
1658 1614 1743 1696 ΙΙ,
1775 1612 1862 1699 3).
1969 1612 2292 1679 interdum
2358 1613 2555 1679 etiam
2618 1613 3107 1699 interrogationi

387 1732 556 1797 alias
599 1732 885 1798 adnectit
928 1731 1245 1818 (ἐπιζητεῖ)
1288 1732 1339 1815 Ι,
1364 1733 1406 1797 6
1448 1731 1565 1816 111,
1586 1732 1629 1797 5
1674 1734 1781 1800 vel
1810 1733 2222 1801 difficultates
2261 1734 2326 1798 in
2366 1732 2596 1816 quibus
2637 1734 2866 1818 aporia
2895 1738 3108 1822 posita

386 1858 515 1933 est,
567 1858 784 1935 auget,
838 1851 918 1917 cf.
963 1853 1013 1935 I,
1039 1854 1123 1919 26
1146 1851 1213 1937 ¹).
1302 1853 1470 1918 solet
1510 1850 1801 1935 aporiam
1848 1874 2038 1938 quam
2086 1852 2462 1919 brevissime
2508 1856 2834 1939 exponere
2874 1875 3107 1941 neque,

385 1970 747 2054 ubicunque
792 1972 954 2037 haec
998 1971 1084 2038 ad
1126 1971 1693 2055 interrogationem
1725 1972 1991 2039 redacta
2023 1978 2142 2055 est,
2186 1972 2440 2055 longius
2471 1972 2891 2057 exspatiatur.
2967 1982 3107 2043 tan-

384 2097 519 2155 tum
559 2090 725 2157 inter
764 2110 847 2157 ea
886 2092 1133 2176 capita,
1181 2091 1290 2158 ubi
1334 2091 1719 2158 solutionem
1764 2091 1960 2175 plena
2003 2091 2473 2173 argumentatio
2529 2091 2880 2177 praecedit,
2930 2094 3106 2162 inve-

384 2210 663 2294 niuntur,
727 2231 896 2295 quae
948 2211 1203 2278 solitum
1258 2212 1426 2277 6—8
1479 2230 1780 2277 versuum
1834 2209 2112 2295 spatium
2179 2209 2522 2276 excedant:
2589 2212 2640 2296 Ι,
2666 2213 2749 2277 26
2799 2213 3103 2296 (41,21-

382 2329 601 2416 42,25)
645 2329 1405 2416 111,5(87‚24-88,19).
1476 2330 1755 2413 denique
1799 2330 2074 2414 scriptor
2129 2328 2322 2395 modo
2365 2329 2508 2413 ipse
2561 2351 2642 2396 ex
2695 2351 2905 2398 rernm
2947 2308 3106 2399 ‘con-

382 2450 802 2533 templatione
875 2451 962 2517 ad
1037 2449 1503 2516 dubitationem
1570 2450 1944 2534 pervenisse
2020 2449 2274 2516 videtur
2333 2448 2525 2515 modo
2591 2451 2958 2535 scrupulum
3022 2472 3101 2519 ex

381 2568 805 2637 Aristotelicis
850 2572 1104 2656 scriptis
1148 2570 1541 2655 expiscatur:
1586 2569 1637 2655 Ι,
1664 2571 1722 2635 7.
1752 2571 1852 2635 15.
1900 2570 1984 2656 ΙΙ,
2010 2570 2070 2635 6.
2095 2569 2155 2635 8.
2205 2569 2322 2654 111,
2345 2571 2434 2639 5.,

550 2690 730 2757 Haec
775 2690 991 2756 omnia
1033 2697 1251 2757 antem
1298 2689 1448 2756 licet
1490 2688 1673 2754 varia
1718 2695 1902 2755 veste
1947 2690 2184 2774 velata,
2233 2696 2450 2755 tamen
2494 2696 2722 2756 auctor
2765 2690 2976 2757 sciens
3013 2691 3101 2758 ad

382 2830 579 2876 unam
625 2810 949 2894 cogitandi
995 2828 1285 2876 normam
1332 2808 1545 2890 exegit
1581 2815 1646 2874 et
1675 2808 1894 2874 aliena
1923 2816 2072 2875 sunt
2113 2809 2199 2874 ab
2233 2808 2794 2894 hypomnematico
2839 2830 3096 2893 genere.

379 2950 525 2995 nam
575 2930 693 2996 etsi
740 2929 1009 2996 cultiore
1062 2928 1210 2995 stilo
1280 2948 1409 2993 non
1464 2929 1787 3013 perpolita
1855 2934 2031 3012 sunt,
2098 2936 2342 2995 certum
2412 2935 2628 2994 tamen
2695 2928 3100 3011 cognoscitur

376 3049 535 3115 artis
600 3049 985 3116 dialecticae
1049 3048 1387 3115 artificium
1454 3054 1825 3131 certumque
1899 3048 2179 3114 studium
2248 3048 2508 3114 diversa
2573 3046 2917 3129 colligendi
2986 3049 3098 3115 uni

377 3169 695 3237 tractandi
742 3168 977 3235 rationi
1020 3176 1198 3254 apta,
1243 3169 1435 3252 quale
1480 3186 1609 3231 non
1652 3166 1709 3231 is
1752 3166 2038 3251 adhibet,
2099 3168 2204 3253 qui
2266 3174 2336 3233 ut
2379 3168 2725 3233 memoriae
2769 3177 3098 3236 succurrat

378 3289 665 3355 chartam
709 3289 955 3372 implet.
1044 3287 1420 3355 Scribuntur
1465 3285 1627 3351 talia
1672 3292 1743 3351 ut
1785 3286 2080 3352 edantur.

552 3410 686 3474 Iam
753 3426 909 3474 vero
978 3405 1213 3490 singuli
1278 3412 1411 3471 tres
1465 3406 1717 3491 physici
1786 3406 1932 3473 libri
1995 3404 2326 3472 continent
2382 3406 2807 3479 26-4-28-4-15
2859 3408 3095 3492 capita,

383 3548 649 3612 quorum
693 3527 886 3593 tertia
943 3545 1095 3610 pars
1150 3532 1497 3609 occupatur
1551 3525 1986 3609 problematis.
2097 3525 2512 3593 Problemata
2578 3526 2748 3591 enim
2815 3534 2962 3592 sunt
3025 3528 3094 3593 in

376 3647 539 3713 libro
587 3647 789 3730 primo
835 3646 916 3712 12
959 3644 1028 3709 in
1072 3645 1277 3709 altero
1325 3646 1425 3727 13,
1462 3643 1539 3729 ⁴in
1583 3645 1772 3711 tertio
1818 3647 1880 3711 2.
1989 3664 2190 3728 quare
2233 3665 2403 3711 nunc
2448 3645 2656 3711 minus
2701 3644 3094 3713 confidenter

374 3766 873 3852 adstipulaberis
960 3764 1503 3831 Fnsunnmfflmo
1593 3766 1852 3850 ἀποριῶν
1941 3764 2193 3830 titulum
2283 3764 2546 3848 opinato
2625 3764 3092 3848 ineptissimum

375 3906 519 3952 esse
561 3906 681 3952 nec
727 3905 919 3970 posse
961 3884 1047 3950 ab
1077 3883 1449 3950 Alexandro
1494 3882 1825 3949 inventum
1869 3902 2034 3969 esse,
2079 3882 2132 3948 si
2177 3882 2416 3949 videris
2447 3883 2677 3950 tertiae
2720 3891 2893 3951 certe
2922 3886 3090 3968 parti

516 4155 553 4215 ¹)
590 4153 831 4206 Nondum
870 4152 929 4205 in
964 4150 1193 4204 editione
1232 4168 1345 4204 mea
1378 4153 1588 4220 aporiae
1628 4152 1665 4215 1,
1687 4150 1755 4203 26
1792 4154 1994 4203 textum
2035 4152 2109 4205 ita
2147 4152 2414 4219 proposui,
2457 4155 2530 4211 ut,
2571 4151 2720 4203 cuius
2757 4153 2964 4219 generis
3001 4154 3088 4217 sit,

370 4248 637 4311 appareat.
710 4241 1027 4309 colliguntur
1062 4241 1199 4292 enim
1238 4256 1403 4308 nsque
1440 4240 1506 4291 ad
1542 4239 1709 4305 42,25
1755 4238 2116 4303 difficultateS‚
2167 4256 2299 4307 quae
2335 4240 2596 4303 oriuntur,
2649 4239 2728 4301 „el'
2757 4258 2830 4297 τις
2865 4239 2999 4308 λέγοι
3034 4241 3086 4291 ἐν

369 4332 437 4403 τῇ
474 4330 567 4400 ὕλῃ
608 4328 829 4399 γίνεσθαι
864 4329 923 4381 τὸ
961 4328 1089 4386 εἶδος
1132 4326 1255 4381 καθ’
1298 4328 1439 4380 αὑτό.
1514 4330 1736 4395 primum
1775 4326 2125 4398 συμφθείροιτ’
2171 4327 2229 4380 ἂν
2273 4328 2306 4397 ἡ
2344 4325 2440 4399 ὕλη
2486 4328 2564 4397 τῷ
2599 4326 2716 4379 εἴδει
2753 4325 3086 4397 φθειρομένῳ,

370 4436 487 4471 nam
530 4418 744 4471 materia
780 4432 889 4469 non
927 4422 1103 4485 potest
1147 4434 1260 4469 esse
1296 4417 1411 4469 sine
1458 4433 1554 4469 sua
1590 4418 1811 4484 specie.“
1889 4420 2034 4484 patet
2077 4417 2212 4469 hanc
2250 4432 2456 4469 causam
2505 4417 2763 4467 artissime
2809 4416 2874 4467 ad
2911 4416 3086 4483 priora

367 4524 481 4560 sese
516 4506 781 4575 adplicare
818 4521 911 4559 nec
939 4506 1145 4558 tolerari
1176 4507 1311 4557 inter
1338 4503 1652 4575 φθειρομένῳ
1680 4504 1789 4569 (24)
1814 4508 1868 4557 et
1893 4504 1952 4557 οὐ
1978 4506 2072 4576 γὰρ
2099 4504 2206 4569 (25)
2232 4506 2456 4557 alienam
2482 4506 2816 4557 sententiam.
2891 4510 3084 4569 tamen,

368 4602 428 4647 ut
463 4612 603 4647 nunc
639 4606 745 4659 est,
794 4600 1101 4663 separantur
1140 4594 1308 4647 verbis
1345 4592 1378 4663 ἢ
1416 4594 1502 4645 καὶ
1538 4593 1591 4645 ἐν
1628 4594 1696 4663 τῇ
1730 4592 1876 4662 οὐσίᾳ
1911 4593 2012 4645 ἐστὶ
2049 4596 2139 4663 τῆς
2176 4590 2299 4663 ὕλης
2335 4592 2393 4645 τὸ
2433 4591 2588 4659 εἶδος,
2639 4593 2829 4661 quibus
2867 4592 2988 4643 olim
3028 4593 3085 4644 in

368 4685 599 4751 margine
638 4683 799 4735 lector
835 4684 995 4735 totius
1021 4683 1213 4751 capitis
1250 4686 1611 4749 argumentum
1641 4684 2048 4749 comprehendit.
2090 4712 2152 4718 —
2191 4685 2458 4749 praeterea
2495 4685 2668 4733 autem
2697 4682 2890 4749 primae
2927 4681 3083 4732 huius

367 4772 691 4824 difficultatis
727 4772 851 4824 finis
888 4771 1057 4834 deest,
1106 4786 1259 4838 quam
1298 4776 1513 4838 apparet
1552 4770 1781 4822 nondum
1822 4770 1887 4821 ad
1927 4771 2125 4822 exitum
2164 4758 2463 4838 perductam
2501 4784 2641 4834 esse,
2685 4770 2775 4822 ubi
2813 4767 2978 4835 (423)
3017 4768 3082 4821 ad

364 4874 550 4913 novam
589 4860 843 4914 transitur
878 4860 1132 4928 particula
1170 4859 1258 4916 ἔτι.
1330 4864 1451 4916 ante
1488 4859 1623 4915 hauc
1658 4859 1831 4931 igitur.
1861 4874 2028 4930 ponas
2069 4859 2287 4913 lacunae
2327 4859 2494 4929 signa.
