3684 5567
1370 284 1531 343 ΠΕΡΙ
1573 284 2046 343 ΕΙΜΑΡΜΕΝΗΣ
2085 288 2220 341 6--7
3035 288 3108 351 17
3122 289 3154 349 1

540 459 709 520 πάλιν
762 458 875 521 εἰσὶ
934 457 1067 523 καθ’
1133 458 1509 544 εἱμαρμένην.
1618 463 1713 523 καὶ
1767 466 1886 529 τοῖς
1951 460 2355 544 ἀνελευθέροις
2417 462 2482 522 δὲ
2545 462 2650 543 τὴν
2719 460 2890 543 φύσιν
2957 458 3054 520 καὶ

549 560 869 642 ἀπλήστοις
914 563 1043 647 περὶ
1092 568 1292 646 κτῆσιν
1338 564 1657 646 χρημάτων
1706 564 1803 625 καὶ
1847 563 1918 625 τὰ
1963 567 2068 645 τῆς
2112 562 2464 647 εἱμαρμένης
2509 564 2768 646 συνῳδά·
2830 563 2889 625 ἐν
2935 561 3051 622 ἀδι-
3079 577 3133 619 ιο

552 661 693 729 κίαις
738 663 845 745 γὰρ
895 666 975 732 ὡς
1020 664 1117 727 ἐπὶ
1160 666 1227 727 τὸ
1274 668 1543 727 πλεῖστον
1588 664 1621 726 ὁ
1667 670 1783 727 τῶν
1816 664 2090 726 τοιούτων
2127 663 2270 748 βίος,
2317 664 2410 726 καὶ
2450 666 2620 747 ἢτοῦ
2655 664 2778 749 βίου
2810 665 2874 727 δὲ
2905 685 3071 726 κατα·

545 765 767 847 στροφὴ
834 772 950 835 τοῖς
1020 764 1141 829 κατ’
1220 766 1370 829 αὐτὰ
1436 768 1780 849 πράττουσιν
1863 766 2188 834 ἀκόλουθος
2252 766 2488 834 τούτοις.
2602 768 2698 829 καὶ
2769 764 3049 847 ἐπιλέγειν

476 884 505 931 5
544 866 823 930 εἰώθασιν
868 873 987 937 τοῖς
1031 868 1324 947 τοιούτοις,
1374 867 1510 930 ὅταν
1558 868 1617 931 ἐν
1662 872 1788 936 ταῖς
1834 868 2180 936 ἀκολούθοις
2226 892 2286 929 τε
2331 872 2432 929 τοῦ
2466 867 2590 951 βίου
2621 866 2770 953 <καὶ>
2802 864 2936 930 καθ’
2979 868 3052 928 εἱ·
3081 881 3133 925 15

546 968 843 1052 μαρμένην
888 970 1287 1053 περιστάσεσιν
1350 972 1514 1044 ὦσιν,
1573 973 1653 1038 ὡς
1709 971 1935 1037 ἑαυτοῖς
1992 968 2280 1050 γεγονόσιν
2337 970 2537 1037 αἰτίοις
2589 975 2704 1031 τῶν
2751 967 3050 1051 παρόντων

538 1068 734 1137 αὐτοῖς
778 1075 990 1134 κακῶν.
1082 1073 1179 1134 καὶ
1224 1069 1379 1133 τοῦτ’
1436 1070 1504 1133 ἄν
1552 1094 1635 1140 τις
1680 1072 2073 1154 παρίστασθαι
2119 1072 2470 1154 βουλόμενος
2503 1076 2620 1138 τοῖς
2651 1071 2752 1139 τὰς
2785 1072 3053 1153 μαντείας

542 1170 1057 1256 ἐπαγγελλομένοις
1102 1178 1203 1235 τοῦ
1252 1174 1333 1255 μὴ
1382 1174 1611 1241 πάντως
1663 1172 1874 1240 αὐτοὺς
1919 1172 2319 1256 ἐπιτυγχάνειν
2378 1172 2544 1255 φέροι
2597 1171 2661 1233 τὸ
2719 1171 2919 1248 αἴτιον,
2967 1173 3047 1254 μὴ

540 1275 725 1335 πάντα
770 1275 874 1357 τὴν
920 1275 1088 1359 φύσιν
1137 1276 1385 1338 ἑκάστου
1430 1276 1527 1337 καὶ
1572 1276 1676 1357 τὴν
1722 1274 2075 1358 εἱμαρμένην
2121 1272 2366 1349 εὐοδεῖν,
2411 1273 2562 1335 ἀλλὰ
2617 1274 2878 1355 γίνεσθαί
2927 1298 3051 1337 τινα
3077 1290 3134 1333 ου

436 1395 499 1441 10
538 1378 631 1439 καὶ
679 1375 813 1459 παρ’
869 1375 1072 1461 αὐτήν,
1118 1376 1262 1439 εἶναι
1295 1378 1358 1439 δὲ
1388 1378 1521 1445 τοὺς
1553 1377 1785 1459 μάντεις
1818 1376 2070 1459 μηνυτὰς
2103 1380 2218 1437 τῶν
2250 1376 2564 1459 γινομένων
2597 1374 2736 1439 καθ’
2776 1377 3051 1461 εἱμαρμέ-

536 1500 659 1561 νην,
715 1480 913 1563 ὥσπερ
980 1476 1079 1541 οὖν
1146 1481 1239 1541 καὶ
1306 1478 1437 1547 τοὺς
1498 1482 1994 1562 φυσιογνώμονας.
2085 1476 2346 1547 εἰπόντος
2407 1483 2542 1559 γοῦν
2601 1478 2890 1563 Ζωπύρου
2949 1484 3050 1541 τοῦ

540 1584 1013 1665 φυσιογνώμονος
1069 1582 1199 1665 περὶ
1263 1580 1613 1663 Σωκράτους
1667 1586 1770 1643 τοῦ
1828 1578 2155 1663 φιλοσόφου
2211 1580 2403 1643 ἄτοπά
2455 1605 2578 1645 τινα
2633 1584 2726 1645 καὶ
2783 1584 3050 1645 πλεῖστον

541 1683 855 1766 ἀφεστῶτα
886 1688 989 1765 τῆς
1033 1683 1426 1767 προαιρέσεως
1471 1681 1648 1745 αὐτοῦ
1683 1686 1786 1765 τῆς
1818 1681 1965 1744 κατὰ
1993 1682 2092 1744 τὸν
2125 1682 2246 1767 βίον
2278 1684 2375 1746 καὶ
2406 1683 2501 1745 ἐπὶ
2535 1684 2753 1751 τούτοις
2791 1684 2902 1745 ὑπὸ
2933 1687 3050 1746 τῶν
3078 1700 3133 1742 25

539 1786 668 1867 περὶ
700 1786 795 1847 τὸν
829 1784 1113 1868 Σωκράτη
1148 1784 1628 1866 καταγελωμένου
1662 1782 1827 1846 οὐδὲν
1860 1782 2018 1846 εἶπεν
2053 1785 2084 1846 ὁ
2118 1784 2434 1870 Σωκράτης
2480 1786 2765 1869 ἐψεῦσθαι
2793 1787 2891 1848 τὸν
2923 1784 3050 1848 Ζώ-

432 1906 495 1954 15
536 1910 743 1970 πυρον·
790 1886 861 1969 ἦν
906 1888 1015 1971 γὰρ
1061 1886 1129 1949 ἂν
1175 1892 1433 1955 τοιοῦτος
1479 1884 1615 1950 ὅσον
1661 1885 1758 1947 ἐπὶ
1807 1891 1884 1967 τῇ
1933 1886 2123 1970 φύσει,
2171 1889 2225 1950 εἰ
2271 1889 2350 1971 μὴ
2410 1888 2504 1951 διὰ
2557 1890 2660 1972 τὴν
2706 1887 2774 1952 ἐκ
2818 1892 3052 1973 φιλοσο-

536 1989 673 2071 φίας
717 1988 961 2072 ἄσκησιν
1009 1989 1259 2071 ἀμείνων
1291 1994 1397 2072 τῆς
1427 1988 1660 2073 φύσεως
1690 1988 1939 2069 ἐγένετο.
2008 1990 2102 2051 καὶ
2148 1989 2295 2073 αὕτη
2331 1991 2434 2072 μὲν
2469 1992 2506 2073 ἡ
2539 1991 2671 2074 περὶ
2699 1990 3054 2074 εἱμαρμένης
3079 2006 3136 2049 ω

540 2094 622 2159 ὡς
664 2092 761 2153 ἐπὶ
806 2091 1137 2175 κεφαλαίων
1182 2094 1364 2155 εἰπεῖν
1410 2090 1557 2153 κατὰ
1605 2091 1738 2159 τοὺς
1782 2092 1901 2153 ἀπὸ
1947 2095 2046 2153 τοῦ
2096 2091 2424 2175 Περιπάτου
2471 2091 2625 2161 δόξα.

702 2191 771 2256 Ἡ
805 2194 869 2255 δὲ
900 2194 1225 2277 κατασκευὴ
1262 2200 1376 2256 τῶν
1420 2192 1743 2277 εἰρημένων
1776 2190 1936 2256 ἔσται
1967 2193 2340 2278 φανερωτέρα
2385 2194 2816 2278 παρατιθέντων
2846 2181 3018 2277 ἧμῶν
3066 2202 3160 2255 VH

540 2300 665 2363 ταῖς
710 2296 1172 2379 προηγουμέναις
1218 2300 1335 2358 τῶν
1382 2296 1661 2377 κειμένων
1694 2295 2055 2363 ἀποδείξεσιν
2102 2296 2173 2359 τὰ
2204 2295 2463 2378 ἑπόμενα
2494 2296 2684 2360 ἄτοπα
2715 2302 2835 2366 τοῖς
2865 2299 3051 2362 πάντα
3088 2306 3158 2361 20

436 2418 505 2465 20
540 2395 677 2462 καθ’
720 2398 1074 2482 εἱμαρμένην
1122 2399 1385 2479 γίνεσθαι
1430 2399 1725 2479 λέγουσιν·
1776 2398 2070 2478 μιγνύντες
2114 2399 2222 2481 γὰρ
2267 2398 2420 2460 οὕτω
2468 2399 2562 2460 τὸν
2607 2399 2777 2481 λόγον
2821 2404 2894 2481 τῇ
2931 2397 3048 2483 [τε]

536 2505 651 2564 τῶν
698 2500 881 2570 δοξῶν
927 2499 1065 2585 παρ’
1122 2501 1378 2583 ἀλλήλας
1428 2500 1588 2563 θέσει
1634 2502 2077 2582 γνωριμώτερον
2122 2500 2376 2584 τάληθὲς
2424 2500 2746 2583 ποιήσομεν
2779 2503 2873 2564 καὶ
2907 2504 3052 2585 πρὸς

538 2603 723 2687 τούτῳ
770 2602 883 2688 οὐχ
930 2603 1131 2683 ἕξομεν
1178 2604 1433 2686 ἀνάγκην
1482 2602 1815 2685 μεμνῆσθαι
1863 2606 1978 2663 τῶν
2024 2600 2216 2664 αὐτῶν
2263 2604 2556 2671 πολλάκις.
2645 2602 2902 2684 εὐλόγως
2944 2604 3050 2687 γὰρ
3106 2622 3134 2664 5

534 2704 603 2768 ἄν
660 2729 743 2773 τις
787 2707 1098 2789 ἀπορήσαι,
1145 2711 1271 2774 πῶς
1317 2708 1653 2789 φιλοσοφεῖν
1698 2727 1846 2773 τινες
1890 2704 2151 2786 λέγοντες
2211 2706 2304 2769 καὶ
2361 2705 2464 2787 τὴν
2511 2706 2793 2789 ἀλήθειαν
2838 2708 2942 2790 τὴν
2989 2708 3049 2769 ἐν

538 2812 657 2874 τοῖς
701 2806 859 2871 οὖσιν
906 2808 1299 2892 μετέρχεσθαι
1342 2808 1439 2870 καὶ
1485 2808 1695 2891 ταύτην
1742 2810 1859 2869 τῶν
1907 2804 2100 2869 ἄλλων
2135 2807 2462 2891 ἀνθρώπων
2495 2807 2668 2869 πλέον
2702 2806 2856 2893 ἔχειν
2891 2808 3049 2890 [τοὺς

429 2930 495 2978 25
534 2911 1015 2993 φιλοσοφοῦντας]
1062 2911 1565 2994 ὑπολαμβάνοντες
1618 2910 1714 2973 καὶ
1768 2908 1863 2971 διὰ
1925 2912 2094 2972 τοῦτο
2147 2910 2240 2971 καὶ
2297 2909 2430 2977 τοὺς
2483 2908 2697 2977 ἄλλους
2740 2910 2834 2972 ἐπὶ
2879 2914 3050 2973 τοῦτο

534 3013 945 3097 προτρέποντες
991 3013 1274 3076 ἐπέδοσαν
1320 3012 1529 3081 αὑτοὺς
1570 3016 1645 3094 τῇ
1695 3010 1835 3093 δόξῃ
1889 3015 1964 3094 τῇ
2012 3012 2199 3075 πάντα
2243 3010 2304 3081 ἐξ
2357 3011 2614 3095 ἀνάγκης
2651 3034 2713 3074 τε
2753 3014 2848 3075 καὶ
2903 3010 3037 3076 καθ’
3078 3030 3133 3072 ιο

536 3116 892 3199 εἱμαρμένην
936 3116 1196 3198 γίνεσθαι
1248 3116 1523 3197 λεγούσῃ,
1580 3112 1674 3198 ἐφ’
1739 3115 1809 3198 ἢν
1871 3112 2079 3194 μόνους
2135 3114 2362 3197 ὁρῶμεν
2416 3114 2880 3197 καταφεύγοντας
2933 3120 3048 3178 τῶν

539 3220 783 3281 ἰδιωτῶν
838 3218 971 3287 τοὺς
1016 3218 1185 3281 οὐδὲν
1230 3218 1427 3286 αὑτοῖς
1472 3215 1803 3284 συνειδότας
1861 3215 2046 3285 δεξιὸν
2093 3215 2189 3278 ἐπὶ
2233 3216 2338 3299 τὴν
2392 3216 2746 3301 εἱμαρμένην
2787 3216 2891 3300 ἀφ’
2947 3218 3049 3280 αὑ-

436 3493 458 3542 l
501 3490 591 3543 εἰσὶ
626 3492 683 3542 in
720 3490 799 3541 lit.
841 3494 890 3541 V
1105 3489 1137 3540 2
1173 3487 1456 3540 ἀπλείστοισ
1492 3490 1563 3541 V¹
1608 3492 1757 3552 (corr.
1800 3487 1918 3550 V²):
1973 3486 2242 3557 ἀπληστοὶς
2277 3489 2328 3539 8¹
2546 3486 2745 3539 σύνωδα
2782 3486 2890 3541 Va²

429 3578 463 3630 4
501 3574 624 3629 κατ’
665 3575 815 3644 αὐτὰ]
856 3576 1075 3627 fortasse
1113 3578 1248 3627 κατὰ
1283 3579 1443 3627 ταῦτα
1654 3574 1849 3631 τούτοις
1885 3578 1996 3627 Es:
2053 3575 2247 3633 τούτοις
2282 3574 2357 3627 διὸ
2397 3574 2452 3627 a²
2489 3574 2630 3627 Oas.=
2686 3574 2903 3627 τούτουσ
2942 3576 3038 3625 V¹:
3082 3575 3157 3627 διὸ

430 3664 611 3717 V²Ha¹
649 3664 819 3716 Lond.
858 3667 933 3717 0:
971 3667 1123 3716 τοῦτο
1162 3661 1248 3715 οὖν
1286 3662 1543 3714 Schwartz
1780 3664 1811 3715 5
1851 3662 1982 3730 ταῖς]
2029 3670 2134 3720 τοῖς
2171 3662 2338 3715 Lond.
2577 3659 2883 3714 ἀκολούθοισ
2917 3680 2976 3714 τε
3014 3663 3156 3715 V¹a¹z

430 3748 735 3804 ἀκολουθοῖσ
771 3768 826 3820 γε
851 3748 934 3799 V²=
974 3746 1295 3805 ἀκολουθίαις
1330 3767 1384 3801 τε
1412 3748 1468 3801 2²
1632 3750 1721 3801 καὶ
1767 3750 1885 3801 add.
1926 3749 2124 3803 V²a¹²O
2303 3750 2352 3801 5.
2392 3748 2422 3798 6
2471 3748 2774 3817 εἱμαρμένην
2814 3753 2860 3800 Η
2900 3748 3064 3801 Lond.
3093 3753 3155 3803 O:

428 3838 743 3907 εἱμαρμέναις
784 3842 847 3889 V:
892 3837 1191 3907 εἱμαρμένας
1228 3838 1338 3888 ES:
1375 3836 1677 3907 εἱμαρμένης
1712 3834 1793 3888 ιιι2
1828 3836 1943 3888 Cas,
2123 3836 2152 3887 6
2191 3835 2440 3905 γεγόνοσιν
2480 3836 2552 3884 V¹
2749 3834 2896 3888 αἴτιοι
2931 3836 2986 3888 8²

431 3926 463 3979 8
498 3927 701 3981 πάντως
749 3923 931 3981 αὐτοὺς
968 3924 1087 3976 Va':
1144 3925 1308 3975 πάντα
1354 3923 1534 3980 αὐτοὺς
1571 3924 1640 3975 2²:
1695 3924 1859 3975 πάντα
1909 3922 2077 3979 αὐτοῖς
2114 3927 2158 3976 O
2375 3922 2510 3991 φέρει
2547 3923 2601 3973 a¹
2821 3924 2884 3975 10
2937 3926 3158 3994 μηνυτὰς

430 4028 529 4064 om.
562 4011 727 4064 Lond.
952 4013 1003 4062 ll
1034 3996 1565 4079 ἐἰπόντος-ἐγένετο
1603 4011 1710 4075 (16)
1740 4011 1860 4062 Eus,
1899 4026 2076 4077 praep.
2105 4026 2181 4061 ev.
2211 4010 2296 4074 VI,
2324 4010 2370 4061 9.
2399 4007 2748 4061 2700—271·
2971 4010 3158 4063 Ζωπύ-

431 4097 544 4169 ρου]
582 4116 703 4151 ποτε
740 4098 998 4151 Eusebius
1209 4096 1271 4148 12
1309 4097 1421 4166 περὶ
1456 4101 1547 4149 τοῦ
1586 4098 1800 4149 Eusebii
1841 4096 1980 4163 vulg.
2213 4097 2274 4148 14
2314 4092 2594 4165 Σωκράτην
2629 4097 2680 4147 a'
2725 4096 2980 4149 Eusebius

431 4186 593 4250 εἶπεν]
631 4186 675 4238 εἷ
709 4186 765 4237 in
802 4186 880 4237 lit.
921 4188 965 4235 V
1165 4182 1413 4253 ἐσφάλθαι
1452 4184 1709 4236 Eusebius
1913 4184 1971 4234 16
2010 4182 2042 4251 ἡ
2082 4198 2181 4234 om.
2222 4183 2278 4234 a²
2495 4181 2557 4233 17
2597 4183 2648 4233 ἐν
2685 4182 2945 4253 κεφαλαίῳ
2983 4184 3084 4238 2²0

430 4274 464 4343 ἡ
504 4274 637 4325 κατὰ
672 4272 726 4324 8²
940 4269 1085 4329 δόξας
1123 4271 1173 4321 a¹
1392 4271 1459 4321 *20
1494 4272 1561 4343 τῇ
1595 4270 1682 4323 τὸν
1720 4269 1870 4340 λόγον
1907 4287 1962 4321 τε
2001 4272 2046 4321 Ο
2236 4287 2290 4320 τε
2330 4284 2428 4320 om.
2469 4268 2584 4321 Cas.
2800 4269 2862 4319 21
2903 4269 3156 4339 παραλλή-

430 4359 521 4416 λας
560 4361 689 4411 Va¹z
727 4356 1022 4427 παράλληλα
1060 4358 1137 4409 3²:
1177 4356 1485 4425 παραλλήλῳ
1524 4357 1687 4409 Lond.
1728 4356 1844 4409 Cas.
1884 4360 1930 4409 O
2147 4356 2214 4408 2³2
2250 4359 2399 4409 τοῦτο
2437 4356 2492 4406 a²
2691 4356 2786 4407 οὐκ
2823 4356 2878 4408 ³²

432 4446 499 4497 23
557 4446 805 4516 ἀπορῆσαι
853 4446 951 4494 V¹:
1018 4443 1285 4515 ἀπορήσειε
1334 4442 1500 4495 V²a¹²
1886 4441 2117 4512 λέγοντες
2172 4442 2454 4493 Schwartz:
2519 4442 2746 4511 λέγονται
2792 4442 3044 4512 (λεγονται
3088 4446 3156 4507 V)

430 4532 550 4584 libri
783 4530 850 4582 24
888 4529 1047 4599 ταύτῃ
1086 4530 1141 4581 12²
1175 4531 1393 4582 fortasse
1432 4536 1566 4582 recte
1798 4528 1995 4595 ἄλλων]
2042 4531 2186 4598 prius
2223 4528 2252 4580 λ
2289 4530 2341 4581 in
2384 4529 2458 4581 lit.
2503 4535 2542 4579 V
2811 4528 2899 4582 24.
2937 4530 3002 4583 25
3039 4532 3156 4589 τοὺς

2378 4631 2482 4667 υσιν

433 4684 831 4755 φιλοσοφοῦντας
876 4687 1042 4739 delevi
1301 4686 1367 4737 ⁶25
1422 4685 1862 4753 ὑπολαμβάνοντες
1908 4686 1985 4737 ε’·’τ
2043 4684 2478 4754 υπολαμβάνοντες
2522 4688 2596 4737 sic
2637 4689 2699 4736 V:
2750 4683 3157 4755 ὑπολαμβάνουσι

431 4775 544 4827 a¹O
790 4773 855 4825 26
912 4772 1293 4845 προτρέποντες]
1350 4790 1373 4825 ε
1420 4778 1537 4841 post
1585 4790 1611 4841 ρ
1660 4774 1714 4824 in
1761 4772 1840 4824 lit.
1892 4772 1922 4823 2
1965 4772 2061 4825 litt.
2103 4776 2150 4823 V
2387 4772 2454 4843 τῇ
2499 4770 2644 4841 δόξῃ]
2696 4776 2972 4839 utrumque
3018 4791 3050 4841 ῃ
3098 4773 3156 4825 in

430 4861 507 4912 lit.
548 4864 595 4913 V
