3684 5567
1288 262 1571 319 BIBAION
1609 261 1973 321 ΔΕΥΤΕΡΟΝ
2005 264 2154 331 1-3,
2176 266 2208 317 -l
3030 265 3106 327 47

494 436 791 520 βεβηκὸς
824 438 1040 520 αὐτὴν
1072 440 1277 509 κινεῖ,
1324 435 1463 500 ἀλλ’
1505 434 1691 500 ἔστιν
1739 439 1777 520 ἡ
1820 440 2093 521 κίνησις
2123 443 2244 521 τῆς
2290 437 2535 505 οὐσίας
2577 437 2794 520 αὐτῆς
2841 432 2992 497 καθ’

490 538 754 620 αὑτήν.’

648 640 719 705 Ἡ
764 641 949 726 ψυχή,
1004 641 1199 723 φησίν,
1258 642 1308 703 εἰ
1364 645 1511 703 κινεῖ
1560 642 1761 723 αὑτήν,
1823 641 1953 725 ἤτοι
2006 641 2132 705 κατ’
2189 642 2331 704 ἄλλο
2381 641 2483 725 μέν
2531 666 2581 704 τι
2635 646 2795 721 κινεῖ,
2857 638 2986 703 κατ’
3026 656 3080 698 15

490 740 633 805 ἄλλο
678 744 743 807 δέ
788 767 841 807 τι
872 748 1131 818 κινεῖται,
1178 744 1274 804 καὶ
1322 744 1506 811 οὕτως
1552 742 1717 807 ἔσται
1759 744 2154 827 αὖτοκίνητος,
2201 745 2354 806 ὥστε
2398 744 2494 805 καὶ
2539 746 2604 805 τὸ
2639 747 2792 826 ζῷον
2839 742 3003 805 αύτο-

421 864 450 912 5
492 844 721 928 κίνητόν
762 868 973 929 φαμεν.
1043 850 1129 929 τῷ
1160 844 1269 926 γὰρ
1314 845 1379 906 τὸ
1430 846 1533 927 μὲν
1580 846 1759 909 αὐτοῦ
1806 852 1980 909 κινεῖν
2025 848 2090 909 τὸ
2139 847 2202 909 δὲ
2234 846 2518 909 κινεῖσθαι
2562 847 2627 908 τὸ
2661 845 2793 907 ὅλον
2839 846 3002 907 αὐτο-

491 947 735 1029 κίνητον.
826 952 973 1009 κινεῖ
1027 948 1131 1026 μὲν
1175 946 1284 1029 γὰρ
1338 948 1403 1008 τὸ
1456 946 1517 1009 ἐν
1570 947 1733 1032 αὐτῷ
1779 950 1816 1030 ἡ
1874 949 2072 1032 ψυχή,
2129 952 2368 1011 κινεῖται
2423 949 2488 1011 δὲ
2531 948 2596 1011 τὸ
2642 952 2848 1029 σῶμα,
2904 948 2999 1009 καὶ
3027 962 3084 1005 2⁰

492 1047 624 1111 οὔτε
669 1050 707 1131 ἡ
754 1050 916 1132 ψυχὴ
964 1047 1109 1111 διότι
1156 1052 1307 1111 κινεῖ
1357 1054 1624 1124 κινεῖται,
1686 1049 1819 1112 οὔτε
1867 1051 1930 1111 τὸ
1985 1056 2187 1132 σῶμα·
2245 1056 2478 1113 κινεῖται
2523 1052 2652 1133 γάρ.
2743 1051 2838 1112 καὶ
2883 1053 2999 1112 τῶν

492 1155 597 1232 τῆς
641 1156 837 1235 ψυχῆς
881 1152 1216 1233 δυνάμεων,
1262 1152 1315 1213 εἰ
1360 1152 1545 1219 οὕτως
1589 1151 1680 1234 εἴη
1725 1152 2066 1235 κινουμένη,
2115 1156 2152 1235 ἡ
2201 1153 2305 1232 μέν
2350 1150 2521 1235 (ἐστι)
2567 1156 2803 1214 κινοῦσα
2848 1154 2886 1233 ἡ
2933 1152 2997 1213 δὲ

488 1252 817 1335 κινουμένη,
863 1252 997 1316 οὔτε
1042 1259 1148 1337 τῆς
1196 1251 1202 1337 Ι
1254 1254 1525 1335 κινούσης
1568 1254 1719 1316 καθὸ
1768 1260 1910 1316 κινεῖ
1943 1254 2304 1336 κινουμένης,
2351 1252 2482 1316 οὔτε
2524 1260 2628 1336 τῆς
2659 1252 2996 1335 κινουμένης
3037 1262 3105 1316 87

384 1374 449 1420 10
485 1354 637 1417 καθὸ
692 1361 928 1419 κινεῖται
981 1355 1265 1440 κινούσης.
1356 1353 1519 1418 ἔσται
1564 1354 1662 1417 οὖν
1722 1357 1913 1425 οὕτως
1959 1358 2024 1419 τὸ
2071 1362 2298 1439 πρῶτον
2353 1360 2542 1419 κινοῦν
2589 1357 2858 1438 ἀκίνητον
2905 1358 2999 1418 καὶ

486 1457 583 1519 ἐπὶ
628 1462 731 1539 τῆς
776 1462 991 1541 ψυχῆς.
1082 1459 1133 1520 εἰ
1175 1458 1283 1542 γὰρ
1330 1460 1499 1520 πάλιν
1558 1459 1595 1540 ἡ
1644 1462 1886 1521 κινοῦσα
1943 1460 2180 1539 δύναμις
2231 1459 2512 1521 κινεῖσθαι
2557 1457 2808 1539 λέγοιτο,
2872 1456 2998 1539 ἤτοι
3053 1476 3081 1517 τι

485 1558 585 1643 ὑφ’
642 1562 821 1643 αὐτῆς
882 1560 920 1643 ἢ
980 1558 1075 1623 ὑπ’
1134 1560 1317 1644 ἄλλης
1377 1558 1538 1623 ἔσται
1596 1561 1922 1643 κινουμένη.
2033 1562 2085 1622 εἰ
2143 1562 2246 1642 μὲν
2303 1558 2402 1622 οὖν
2469 1558 2562 1621 ὑπ’
2619 1558 2828 1641 ἄλλης,
2894 1559 2985 1623 ἐπ’

486 1660 720 1745 ἄπειρον
752 1662 1162 1744 προελεύσεται
1208 1662 1246 1745 ἢ
1296 1660 1456 1725 ἔσται
1501 1685 1555 1723 τι
1594 1667 1821 1745 πρῶτον
1870 1665 2061 1723 κινοῦν
2109 1662 2213 1742 μὲν
2247 1662 2513 1745 ἀκίνητον
2561 1660 2642 1739 δέ,
2691 1662 2743 1723 εἰ
2789 1660 2840 1723 δ’
2883 1660 2981 1746 ὑφ’

486 1764 695 1847 αὐτῆς,
752 1764 843 1847 εἴη
904 1763 969 1826 ἂν
1016 1765 1199 1832 οὕτως
1254 1764 1655 1847 αὐτοκίνητος,
1713 1767 1792 1832 ὡς
1838 1763 1991 1825 καθὸ
2037 1766 2198 1825 κινεῖ.
2289 1763 2525 1846 ἄμεινον
2579 1764 2766 1826 τοίνυν
2811 1764 2994 1848 αὐτὴν

380 1886 442 1934 15
480 1867 584 1949 τὴν
630 1868 826 1951 ψυχὴν
872 1867 1026 1929 οὕτω
1082 1866 1265 1947 λέγειν
1320 1866 1711 1949 αὐτοκίνητον.
1803 1862 1923 1927 ἀλλ’
1979 1865 2030 1927 εἰ
2085 1867 2123 1947 ἡ
2170 1866 2335 1949 ψυχὴ
2390 1866 2576 1934 οὕτως
2618 1866 2992 1949 αὖτοκίνητος
3021 1883 3076 1925 ιο

482 1968 727 2051 λέγοιτο,
774 1972 854 2037 ὡς
900 1969 1051 2031 καθὸ
1099 1972 1247 2031 κινεῖ
1287 1968 1435 2031 κατὰ
1481 1973 1649 2031 τοῦτο
1696 1967 2002 2041 κινεῖσθαι,
2047 1968 2100 2029 εἰ
2145 1968 2297 2031 καθὸ
2345 1969 2512 2052 ψυχὴ
2559 1972 2722 2043 κινεῖ,
2769 1968 2905 2031 καθ’
2959 1970 2990 2032 ὃ

480 2072 645 2155 ψυχὴ
692 2072 789 2133 καὶ
832 2070 1230 2151 κινηθήσεται.
1321 2071 1373 2135 εἰ
1416 2072 1525 2154 γὰρ
1571 2068 1665 2154 εἴη
1710 2068 1837 2133 κατ’
1895 2068 2037 2133 ἄλλο
2083 2094 2135 2131 τι
2181 2070 2512 2152 κινουμένη,
2566 2070 2687 2132 οἷον
2732 2071 2875 2155 φέρε
2919 2074 2994 2134 εἰ·

480 2178 606 2235 πεῖν
661 2175 823 2235 κατὰ
861 2172 1067 2243 τόπον,
1125 2172 1193 2235 οὐ
1246 2172 1395 2234 κατὰ
1448 2173 1515 2234 τὸ
1570 2173 1711 2235 αὐτὸ
1758 2174 1981 2255 κινήσει
2031 2195 2094 2234 τε
2138 2174 2234 2235 καὶ
2279 2172 2672 2254 κινηθήσεται.
2768 2173 2904 2235 καθ’
2961 2174 2992 2236 ὃ
3023 2191 3076 2234 15

479 2275 588 2358 γὰρ
634 2275 796 2359 ψυχὴ
844 2279 1099 2351 κινοῦσα,
1147 2274 1215 2336 οὐ
1263 2275 1411 2337 καθὸ
1458 2275 1619 2359 ψυχὴ
1667 2272 1829 2336 ἔσται
1875 2273 2214 2357 κινουμένη,
2263 2274 2426 2355 εἴγε
2470 2274 2617 2337 κατὰ
2661 2278 2863 2338 τόπον·
2925 2278 2993 2340 οὐ

372 2398 442 2443 20
478 2376 588 2460 γὰρ
644 2377 789 2439 κατὰ
842 2377 1019 2439 τόπον
1074 2378 1113 2459 ἡ
1169 2376 1359 2461 ψυχή.
1450 2376 1603 2438 οὕτω
1658 2376 1707 2438 δ’
1766 2374 1930 2438 ἔσται
1988 2376 2115 2439 κατ’
2168 2376 2311 2438 ἄλλο
2369 2377 2472 2458 μὲν
2525 2382 2793 2452 κινοῦσα,
2851 2378 2978 2443 κατ’

481 2480 626 2544 ἄλλο
680 2479 745 2541 δὲ
802 2478 1133 2562 κινουμένη,
1196 2478 1308 2563 οὐχ
1366 2480 1550 2547 οὕτως
1602 2476 1719 2562 (bh)
1773 2479 2002 2560 ἐλέγετο
2057 2478 2341 2542 κινεῖσθαι
2390 2477 2486 2563 ὑφ’
2542 2481 2740 2564 αὐτῆς.
2841 2482 2991 2544 καθὸ
3019 2499 3076 2539 m

481 2584 647 2667 ψυχὴ
694 2581 1093 2664 κινηθήσεται.
1184 2578 1303 2643 ἀλλ’
1347 2580 1397 2642 εἰ
1443 2584 1556 2642 πᾶν
1601 2583 1667 2643 τὸ
1714 2581 1862 2643 κατά
1907 2605 1959 2643 τι
2003 2580 2336 2663 κινούμενόν
2381 2604 2443 2643 τε
2489 2584 2582 2644 καὶ
2630 2585 2988 2667 μεταβάλλον

477 2684 761 2751 ἐξίσταται
816 2688 918 2745 τοῦ
963 2684 1117 2745 καθὸ
1170 2686 1439 2757 κινεῖται,
1500 2684 1564 2743 τὸ
1613 2683 1715 2763 μὲν
1769 2682 1918 2745 κατὰ
1971 2682 2146 2745 τύπον
2201 2686 2302 2745 τοῦ
2348 2681 2561 2759 τόπου,
2620 2686 2687 2747 τὸ
2733 2687 2798 2749 δὲ
2843 2688 2992 2749 κατὰ

482 2787 671 2855 πάθος
715 2790 818 2848 τοῦ
864 2786 1109 2860 πάθους,
1156 2786 1221 2847 τὸ
1270 2785 1333 2847 δὲ
1364 2784 1511 2847 κατὰ
1558 2785 1805 2867 μέγεθος
1852 2790 1951 2848 τοῦ
2001 2784 2304 2867 μεγέθους,
2352 2788 2447 2847 καὶ
2492 2787 2557 2848 τὸ
2604 2788 2751 2850 κατὰ
2797 2790 2990 2874 ψυχὴν
3019 2808 3073 2849 εὖ

366 2907 437 2955 25
480 2889 812 2969 κινούμενον
857 2888 1146 2956 ἐξίσταται
1190 2891 1292 2950 τοῦ
1339 2887 1399 2949 ἐν
1446 2886 1653 2970 τούτῳ,
1702 2888 1856 2950 ὥστε
1900 2888 1998 2950 καὶ
2043 2888 2080 2968 ἡ
2128 2888 2295 2970 ψυχὴ
2343 2888 2394 2949 εἰ
2425 2890 2576 2951 καθὸ
2623 2891 2790 2975 ψυχή
2837 2892 2990 2955 ἐστιν

476 2992 567 3053 αἐὶ
600 2996 857 3065 κινεῖται,
905 2989 1008 3073 ὑφ’
1048 2990 1231 3072 αὑτῆς
1273 2990 1372 3051 καὶ
1420 2991 1500 3072 μὴ
1540 2988 1689 3051 κατὰ
1719 2990 2088 3075 συμβεβηκὸς
2138 2986 2144 3073 Ι
2193 2988 2474 3056 ἐξίσταιτο
2519 2990 2588 3053 ἂν
2633 2998 2738 3076 τῆς
2781 2994 2983 3064 οὐσίας
3021 3005 3094 3060 88

476 3098 581 3176 τῆς
624 3093 683 3156 ἐν
728 3088 771 3177 ᾖ
818 3092 941 3155 ἐστι
986 3094 1081 3155 καὶ
1128 3097 1233 3175 τῆς
1278 3096 1478 3175 ψυχῆς
1523 3086 1659 3153 καθ’
1717 3090 1788 3173 ἣν
1832 3093 1900 3154 τὸ
1946 3092 2092 3155 εἶναι
2135 3091 2308 3173 αὐτῇ.

474 3314 585 3378 111.
676 3312 799 3381 Τίς
853 3315 891 3396 ἡ
946 3314 1081 3375 ἀπὸ
1136 3318 1259 3395 τῆς
1324 3312 1667 3395 κινήσεως
1733 3316 1852 3375 τοῦ
1921 3312 2120 3374 θείου
2189 3315 2512 3393 σώματος
2579 3314 2989 3401 ἐγγινομένη

496 3417 785 3499 δύναμις
841 3421 935 3499 τῷ
983 3420 1378 3497 γειτνιῶντι
1425 3414 1613 3499 αὐτῷ
1660 3414 1896 3500 θνητῷ
1947 3438 2014 3477 τε
2060 3416 2174 3477 καὶ
2218 3415 2288 3477 ἐν
2330 3416 2602 3498 γενέσει
2651 3421 2942 3502 σώματι.
3041 3436 3069 3479 5

358 3608 435 3656 30
648 3589 704 3650 1.
792 3584 893 3654 Τίς
934 3588 973 3669 ἠ
1020 3586 1136 3649 ἀπὸ
1181 3590 1285 3669 τῆς
1329 3585 1614 3667 κινήσεως
1643 3590 1744 3648 τοῦ
1776 3585 1940 3648 θείου
1989 3589 2258 3669 σώματος
2301 3588 2572 3672 γινομένη
2620 3588 2856 3672 δύναμις
2899 3598 2986 3677 τῷ

472 3694 787 3772 γειτνιῶντι
830 3688 993 3772 αὐτῷ’
1042 3690 1242 3770 θνητῷ
1288 3710 1351 3749 τε
1397 3687 1492 3749 καὶ
1541 3687 1601 3748 ἐν
1646 3686 1871 3770 γενέσει
1923 3691 2178 3770 σώματι;
2239 3687 2356 3772 ἆρά
2398 3712 2463 3771 γε
2507 3688 2657 3772 ἄλλη
2703 3694 2787 3761 τίς
2831 3694 2986 3757 ἐστιν

472 3792 618 3875 αὕτη
665 3791 836 3876 φύσις
889 3790 1046 3875 παρὰ
1100 3791 1205 3873 τὴν
1262 3790 1477 3851 οἰκείαν
1523 3790 1770 3852 ἑκάστου
1816 3793 1932 3851 τῶν
1990 3796 2250 3874 φυσικῶν
2298 3792 2614 3873 σωμάτων,
2675 3794 2747 3876 ἣν
2794 3797 2986 3882 ἀρχὴν
3017 3814 3074 3857 ιο

476 3895 760 3980 κινήσεώς
812 3917 875 3957 τε
934 3893 1031 3957 καὶ
1084 3892 1329 3976 ἠρεμίας
1382 3891 1601 3975 φαμέν,
1659 3888 1709 3974 ᾧ
1776 3892 2028 3977 ὑπάρχει
2086 3896 2304 3977 πρώτῳ
2361 3892 2496 3956 καθ’
2553 3896 2695 3957 αὑτὸ
2751 3900 2846 3960 καὶ
2904 3902 2986 3985 μὴ

364 4144 388 4195 1
435 4140 621 4212 αῦτὴν]
660 4140 886 4210 αὒτὴνν
1048 4140 1080 4192 3
1119 4140 1300 4209 αὑτὴν]
1340 4140 1523 4209 ἑαυτὴν
1548 4140 1685 4191 vict.
1711 4141 1827 4206 Sp.:
1866 4137 2024 4209 αὐτὴν
2063 4158 2095 4192 a
2254 4142 2288 4193 4
2326 4141 2480 4211 ὥστε]
2520 4142 2690 4215 ὥσπερ
2720 4163 2752 4197 a
2777 4148 2866 4213 Sp.
2895 4150 3024 4202 bene

359 4230 395 4283 5
434 4228 591 4282 αὐτοῦ
628 4238 783 4282 κινεῖν
825 4231 994 4282 VBG:
1032 4228 1311 4280 αὐτοκινεῖν
1348 4230 1411 4280 S:
1459 4226 1581 4279 αὐτὸ
1620 4234 1771 4279 κινεῖν
1808 4245 1839 4277 a
1877 4230 1966 4293 Sp.
2182 4226 2298 4281 ὅλον
2335 4230 2498 4299 φαμὲν
2535 4250 2566 4284 a
2606 4234 2693 4299 Sp.
2911 4252 2986 4304 pr.
3034 4236 3093 4289 τὸ

359 4316 464 4369 del.
501 4316 575 4369 ΒΒ
786 4316 817 4368 7
871 4323 1019 4383 σῶμα
1057 4314 1177 4369 διότι
1224 4321 1430 4367 κινεῖται
1475 4322 1629 4367 κινεῖ·
1684 4322 1894 4367 κινεῖται
1931 4333 1964 4367 a
1999 4318 2086 4382 Sp.
2300 4316 2334 4369 8
2381 4319 2551 4388 ψυχῆς
2589 4319 2677 4371 οὖν
2723 4338 2756 4372 a
2791 4324 2880 4389 Sp.

358 4404 406 4457 εἰ
444 4402 515 4456 Β2
554 4405 690 4457 vict.
727 4406 841 4471 Sp.:
879 4422 912 4472 η
952 4407 1025 4454 V:
1064 4404 1097 4473 ἡ
1136 4405 1303 4455 SHFa
1481 4402 1585 4454 ἐστι
1622 4402 1741 4454 add.
1780 4421 1811 4455 a
1849 4406 1938 4469 Sp.
2124 4405 2185 4457 14
2232 4414 2362 4457 κινεῖ
2411 4407 2680 4477 κινουμένη
2721 4426 2752 4460 a
2790 4411 2878 4475 Sp.

362 4494 427 4544 16
484 4492 527 4544 εἰ
562 4490 634 4544 B²
672 4490 805 4543 vict.
844 4493 963 4558 Sp.:
1000 4490 1033 4558 ἠ
1076 4493 1238 4542 VBF:
1277 4489 1309 4560 ἦ
1348 4493 1421 4543 Sa
1638 4490 1699 4541 17
1750 4489 1825 4559 εἴη
1866 4505 1967 4542 om.
2006 4509 2038 4543 a
2074 4494 2162 4558 Sp.
2378 4492 2441 4545 21
2501 4491 2668 4551 οὕτως
2699 4494 2753 4546 δὲ
2791 4513 2824 4547 ιι
2859 4498 2948 4563 Sp.

360 4578 497 4633 καθὸ
536 4580 632 4649 ἄρα
668 4596 701 4631 a
736 4582 825 4646 Sp.
1005 4578 1071 4631 25
1109 4582 1199 4630 τοῦ
1224 4582 1266 4630 Β
1297 4579 1434 4630 Vict.
1472 4580 1591 4645 Sp.:
1627 4578 1707 4647 τῷ
1738 4582 1813 4629 H:
1853 4577 1912 4630 τὸ
1935 4581 2100 4631 VFSa
2278 4579 2344 4631 27
2382 4580 2531 4650 αὐτῆι
2568 4596 2695 4633 corr.
2735 4583 2794 4635 in
2831 4582 2994 4653 αὐτῆσ
3031 4588 3092 4637 ut

362 4668 571 4720 videtur
609 4671 655 4719 V
840 4665 907 4719 28
944 4666 1007 4718 cf.
1048 4682 1108 4718 ea
1145 4682 1277 4735 quae
1314 4666 1576 4734 disputavi
1616 4665 1679 4717 de
1714 4666 1812 4719 hoc
1852 4667 2022 4733 capite
2071 4668 2129 4717 in
2165 4667 2294 4719 Mus·
2333 4668 2496 4721 Rhen.
2529 4668 2700 4721 XLIV
2739 4686 2793 4737 p.
2825 4670 2921 4722 139
2941 4686 3020 4738 sq.

361 4755 433 4807 29
478 4772 531 4809 τι
570 4771 671 4807 om.
711 4773 743 4806 a
920 4755 989 4809 30
1026 4756 1315 4828 ἐγγινομένη
1355 4772 1388 4806 ιι
1422 4758 1513 4821 Sp.
1710 4752 1777 4806 33
1824 4753 2034 4825 ἠρεμίας
2071 4757 2120 4805 V
2158 4761 2217 4807 ut
2253 4754 2387 4809 solet
2582 4756 2634 4809 ὲν
2674 4753 2716 4827 ᾦ
2758 4758 2891 4812 vict.
2931 4759 3020 4829 Sp.

360 4840 579 4916 πρώτῳ]
618 4842 839 4915 πρώτως
864 4860 895 4895 a
932 4845 1018 4911 Sp.
