3684 5567
490 308 575 371 70
1464 302 1769 361 ΑΠΟΡΙΩΝ
1810 303 1854 358 Κ
1867 302 1928 357 ΑΙ
1969 302 2234 359 ΛΥΣΕΩῚΝΥ

594 483 831 564 πλήσια.
929 480 1117 544 πολλὰ
1169 481 1275 564 γὰρ
1330 481 1435 563 τὴν
1490 480 1682 564 ἀρχὴν
1738 478 1876 542 οὐδὲ
1928 482 2199 561 γνώσεως
2251 477 2382 547 ἄξια
2435 476 2583 539 εἶναι
2637 476 2787 546 δόξει
2840 481 2956 539 τῶν
3013 474 3097 537 ἐν·

593 585 784 647 ταῦθα
828 584 1164 667 γινομένων,
1212 584 1361 665 μήτε
1407 583 1519 645 ὑπὸ
1558 588 1669 666 τῆς
1712 582 1948 644 ἐκείνων
1991 583 2250 665 γίνεσθαι
2295 581 2582 666 προνοίας.
2673 580 2887 644 ἄτοπον
2933 576 2984 641 δ’
3026 576 3094 639 ἄν
3123 593 3177 635 ιο

595 686 791 751 ἕποιτο
846 692 964 756 τοῖς
1016 688 1337 751 ἀνατιθεῖσι
1394 687 1496 768 μὲν
1550 687 1735 749 πάντα
1790 690 1867 768 τῇ
1925 686 2190 769 προνοίᾳ,
2250 684 2482 768 λέγουσι
2536 686 2599 747 δὲ
2654 685 2750 747 καὶ
2809 682 2980 765 μόνον
3033 682 3098 745 τὸ

594 791 769 853 καλὸν
814 791 1056 874 ἀγαθόν,
1105 794 1200 854 καὶ
1246 789 1400 853 τοῦτ’
1456 786 1549 872 ἐφ’
1608 791 1745 872 ἡμῖν
1791 789 1936 851 εἶναι
1979 788 2330 872 τιθεμένοις,
2377 788 2527 855 τινὸς
2571 788 2799 870 ἀγαθοῦ
2843 791 2963 856 τοῖς
3005 786 3096 848 ἀν·

525 914 553 961 5
594 896 853 975 θρώποις
918 894 1044 959 κατ’
1100 894 1309 962 αὐτοὺς
1362 894 1407 977 †
1452 892 1574 955 οἷόν
1629 916 1681 955 τι
1744 893 2006 975 γίνεσθαι
2069 894 2176 975 τὴν
2231 894 2395 955 θείαν
2451 890 2750 974 πρόνοιαν,
2817 891 2877 953 ἐν
2932 886 2974 975 ᾗ
3033 890 3097 951 τὸ

597 996 742 1059 εῖναι
788 1004 907 1068 τοῖς
950 1000 1110 1067 θεοῖς
1152 1018 1325 1083 φασιν
1371 996 1533 1059 εἶναι.
1620 998 1708 1059 διὸ
1754 996 1854 1058 τὸν
1901 996 2003 1076 μὲν
2050 996 2180 1077 περὶ
2226 996 2442 1058 τούτων
2487 992 2655 1078 λόγον
2702 993 3101 1079 ὑπερθώμεθα
3131 1007 3182 1049 15

560 1103 674 1169 .εἰς
721 1102 942 1186 σχολὴν
991 1101 1382 1186 μακροτέραν,
1439 1101 1469 1164 ὁ
1518 1098 1583 1162 δέ
1625 1123 1691 1181 γε
1734 1102 1833 1163 νῦν
1878 1102 2016 1183 ἡμῖν
2062 1098 2681 1185 προκαταβεβλημένος
2725 1098 2894 1180 λόγος
2939 1099 3104 1160 ἀπαι-

592 1212 707 1267 τεῖν
756 1229 851 1287 μοι
899 1207 1077 1279 δοκεῖ,
1126 1205 1249 1267 τίνα
1294 1202 1505 1287 τρόπον
1550 1200 1650 1265 οὖν
1692 1204 1809 1287 χρὴ
1855 1203 2116 1286 γίνεσθαι
2158 1202 2341 1283 λέγειν
2389 1202 2534 1265 κατὰ
2573 1200 2947 1285 Ἀριστοτέλη
2993 1201 3096 1283 τὴν

593 1309 891 1392 πρόνοιαν,
946 1307 1075 1370 ἐπεὶ
1123 1308 1269 1389 μήτε
1324 1304 1461 1369 καθ’
1518 1307 1697 1389 αὑτὴν
1744 1306 1894 1389 μήτε
1939 1306 2086 1369 κατὰ
2142 1306 2508 1392 συμβεβηκὸς
2561 1304 2740 1387 αὐτήν
2785 1328 2976 1389 φαμεν
3021 1304 3102 1387 γί-
3129 1320 3184 1361 2⁰

490 1433 553 1479 10
590 1412 791 1474 νεσθαι
836 1411 1039 1492 λέγειν,
1094 1410 1206 1473 εἰσὶ
1253 1410 1317 1473 δέ
1361 1432 1508 1476 τινες
1553 1409 1711 1493 παρὰ
1757 1408 1992 1477 τούτους
2036 1411 2236 1492 τρόποι
2283 1410 2552 1492 προνοίας
2594 1408 2906 1493 εὑρημένοι
2949 1408 3102 1470 πλεί·

595 1538 711 1588 ους,
758 1516 839 1577 ὧν
886 1515 943 1576 τί
981 1536 1170 1597 φαμεν
1218 1514 1430 1575 οἰκεῖον
1476 1512 1618 1576 εἶναι
1666 1518 1781 1575 τῶν
1828 1514 2006 1587 θεῶν,
2056 1514 2372 1595 ἀπαιτήσαι
2416 1536 2499 1580 τις
2543 1512 2630 1575 ἄν.

770 1614 953 1700 Κάγὼ
998 1618 1137 1700 πρὸς
1170 1614 1371 1679 αὐτόν·
1420 1617 1477 1677 τί
1516 1615 1599 1689 δέ,
1646 1615 1713 1677 οὐ
1760 1617 1825 1679 τὸ
1871 1618 2244 1700 προκείμενον
2291 1615 2361 1699 ἧν
2395 1618 2533 1699 ἡμῖν
2581 1615 2759 1683 δεῖξαι
2803 1616 2908 1697 τὴν
2955 1617 3102 1699 ἡρω·
3130 1630 3184 1672 85

594 1720 845 1804 τημένην
900 1720 1181 1802 ἐρώτησιν
1248 1719 1360 1782 ὑπὸ
1416 1723 1531 1781 τῶν
1594 1719 2050 1804 προηγουμένως
2109 1718 2392 1801 λεγόντων
2447 1720 2517 1782 τὰ
2573 1721 2706 1783 θεῖα
2761 1724 3023 1803 προνοεῖν
3090 1716 3096 1803 Ι

597 1829 711 1886 τῶν
766 1824 826 1886 ἐν
870 1824 1091 1906 γενέσει
1146 1823 1241 1885 καὶ
1286 1824 1481 1907 φθορᾷ
1538 1824 1575 1906 ἢ
1622 1822 1794 1905 κενήν
1839 1847 1905 1905 γε
1950 1821 2126 1886 οὖσαν
2181 1824 2276 1885 καὶ
2333 1823 2484 1907 μηδὲ
2539 1824 2642 1907 τὴν
2697 1825 2888 1909 ἀρχὴν
2933 1826 3070 1887 ἀπο·
3117 1830 3210 1889 132

488 1948 551 1997 15
591 1928 837 2012 κρίσεως
882 1927 1070 1999 ἀξίαν,
1128 1926 1290 2008 εἴγε
1335 1925 1617 1989 πλειόνων
1666 1924 1847 1989 ὄντων
1889 1925 2151 2010 τρόπων,
2210 1926 2349 1989 καθ’
2405 1926 2504 1995 οὓς
2548 1927 2669 1990 οἷόν
2715 1951 2776 1989 τε
2820 1928 2924 2011 τὴν
2971 1928 3102 2011 πρό-

592 2055 749 2094 νοιαν
795 2030 937 2093 εἶναι
984 2029 1168 2111 λέγειν
1214 2030 1495 2111 γίνεσθαι,
1542 2032 1649 2114 ἥδε
1695 2030 1824 2113 περὶ
1871 2030 1973 2093 δύο
2021 2028 2214 2113 μόνων
2261 2030 2497 2111 ἐγίνετο,
2545 2032 2626 2093 ὧν
2673 2032 2920 2116 ἐδείχθη
2966 2029 3092 2094 κατ’
3155 2046 3184 2087 5

594 2133 897 2217 οὐδέτερον
944 2133 1065 2196 οἷόν
1109 2155 1173 2195 τε
1218 2132 1475 2214 γίνεσθαι
1521 2134 1625 2216 τὴν
1672 2133 1738 2196 ἐκ
1783 2134 1942 2196 θεῶν
1988 2133 2444 2217 ἐπιζητουμένην
2491 2137 2792 2219 πρόνοιαν;

748 2233 863 2299 Ἦν
912 2235 1045 2318 μέν,
1104 2233 1248 2319 ἔφη,
1304 2240 1503 2313 τοῦτο,
1562 2234 1681 2299 ἀλλ’
1738 2236 1864 2299 ἐπεὶ
1923 2238 2135 2305 ἱκανῶς
2187 2236 2582 2321 παρέστησας,
2638 2237 2700 2300 δν
2747 2238 3100 2321 προεθέμην,

588 2342 729 2424 πρὸς
774 2340 1025 2407 ἐκείνους
1080 2342 1248 2421 λόγος
1302 2340 1428 2402 ἐστί
1468 2361 1559 2403 σοι
1612 2339 2102 2423 πεπληρωμένος,
2131 2341 2328 2423 ἡμῶν
2384 2342 2449 2403 δὲ
2499 2344 2671 2426 χάριν
2719 2340 2874 2410 ἄξιόν
2921 2362 2988 2405 σε
3031 2343 3103 2403 τὰ
3131 2358 3184 2399 ιο

490 2466 557 2512 20
594 2448 711 2511 τοῖς
744 2442 1126 2525 δεδειγμένοις
1172 2441 1475 2505 ἀκόλουθα
1508 2446 1867 2526 προσθεῖναι.
1939 2444 1993 2505 εἰ
2035 2444 2141 2527 γὰρ
2175 2444 2434 2527 φαίνοιτο
2479 2444 2626 2506 κατὰ
2669 2446 2773 2527 τὴν
2821 2442 2915 2507 ὑπ’
2953 2444 3104 2528 Ἀρι·

594 2547 899 2631 στοτέλους
958 2546 1274 2629 λεγομένην
1334 2545 1605 2629 πρόνοιαν
1664 2546 2052 2629 ἀναιρούμενα
2105 2551 2316 2621 ταῦτα,
2380 2547 2418 2608 ἃ
2477 2552 2604 2615 ταῖς
2663 2548 3104 2633 προειρημέναις

592 2650 781 2719 δόξαις
826 2649 1073 2712 ἔπεσθαι
1120 2649 1433 2723 δέδεικται,
1478 2648 1571 2731 εἴη
1619 2648 1687 2711 ἂν
1733 2648 1801 2711 οὐ
1850 2650 2051 2732 μικρὸν
2099 2650 2192 2712 καὶ
2238 2654 2406 2712 τοῦτο
2455 2650 2760 2733 μαρτύριον
2805 2650 3101 2734 γινόμενον
3135 2668 3184 2709 15

589 2754 672 2821 εἰς
718 2753 821 2836 τὴν
866 2758 970 2835 τῆς
1015 2752 1185 2836 δόξης
1232 2755 1313 2820 ὡς
1357 2752 1617 2835 ἀληθοῦς
1663 2750 1956 2814 σύστασιν.

748 2852 918 2917 Ἔστι
964 2854 1095 2937 μέν,
1142 2854 1335 2927 εἶπον,
1384 2854 1451 2915 οὐ
1500 2850 1693 2938 ῥᾴδιος
1740 2856 1771 2917 ὃ
1817 2856 1949 2938 περὶ
1994 2858 2108 2917 τῶν
2155 2855 2429 2917 τοιούτων
2475 2856 2672 2938 λόγος,
2719 2858 2814 2919 καὶ
2863 2856 3090 2939 μάλιστ’

486 2980 551 3029 25
592 2960 719 3022 ἐπεὶ
768 2959 846 3041 μὴ
896 2956 1046 3043 [ἐπὶ]
1094 2964 1211 3020 τῶν
1258 2959 1368 3042 πρὸ
1416 2958 1585 3039 ἡμῶν
1633 2954 1796 3038 ἔργον
1831 2980 1911 3025 τις
1943 2956 2255 3039 ἐποιήσατο
2288 2962 2456 3021 τοῦτο
2487 2958 2689 3027 δεῖξαι·
2737 2960 2922 3030 οὐδεὶς
2967 2965 3102 3043 γοῦν

590 3062 759 3136 δόξει,
808 3060 917 3123 ὅσα
963 3062 1116 3143 κάμὲ
1160 3061 1375 3124 εἰδέναι
1422 3061 1501 3142 μὴ
1552 3058 2030 3143 προηγουμένως,
2078 3064 2192 3121 τῶν
2234 3060 2602 3145 προαγόντων
2648 3064 2744 3126 τὸν
2785 3062 3104 3146 Ἀριστοτέ-
3131 3080 3187 3122 m

590 3170 723 3233 λους
768 3166 938 3246 λόγον
992 3165 1121 3247 περὶ
1167 3164 1374 3227 τούτου
1421 3166 1523 3225 τοῦ
1570 3163 1980 3245 προβλήματος
2035 3163 2416 3247 διειληφέναι,
2474 3168 2554 3233 ὡς
2609 3166 2786 3235 δεῖξαι
2831 3172 2950 3237 τοῖς
2995 3167 3092 3253 ὑφ’

598 3270 777 3331 αὑτοῦ
810 3267 1139 3351 λεγομένοις
1186 3263 1511 3349 συνᾴδοντα
1544 3264 1665 3349 (wi)
1698 3264 1795 3326 ὑπ’
1845 3261 2284 3350 Ἀριστοτέλους
2327 3268 2624 3352 εἰρημένα.
2699 3269 2819 3333 ἀλλ’
2859 3271 2986 3334 ἐπεὶ
3036 3272 3105 3334 σύ

594 3396 657 3434 τε
703 3372 880 3440 ἀξιοῖς
925 3373 1081 3453 ἡμᾶς
1124 3393 1187 3432 τε
1232 3372 1426 3437 καλῶς
1478 3366 1636 3453 ἔχειν
1685 3368 2114 3452 ὑπολαμβάνω,
2161 3368 2254 3453 ἐφ’
2311 3370 2446 3434 ὅσον
2491 3372 2608 3434 οἶοί
2646 3372 2709 3435 τέ
2755 3373 2931 3456 ἐσμεν
2979 3375 3104 3458 περὶ
3133 3390 3188 3432 25

489 3494 556 3543 30
593 3475 772 3537 αὐτοῦ
820 3474 1141 3557 διαλαβεῖν,
1197 3474 1293 3535 ἐπὶ
1339 3476 1611 3535 τοσοῦτον
1658 3468 2024 3557 προαῙγαγεῖν
2079 3474 2174 3536 τὸν
2221 3473 2422 3556 λόγον,
2479 3474 2712 3559 ἄμεινον
2758 3478 3070 3562 ἡγουμένῳ
3119 3486 3210 3543 133

595 3580 661 3641 τὸ
695 3577 801 3640 κᾶν
848 3575 942 3639 ἐπ’
986 3577 1173 3658 ὀλίγον
1220 3576 1543 3659 εὐπορῆσαι
1588 3580 1704 3637 τῶν
1752 3578 1884 3659 περὶ
1926 3576 2105 3639 αὐτοῦ
2151 3578 2424 3659 λέγεσθαι
2453 3580 2811 3661 δυναμένων,
2857 3581 3098 3666 ἢφόβῳ

594 3686 695 3744 τοῦ
746 3680 813 3743 ἂν
863 3680 941 3762 μὴ
977 3680 1299 3763 δυνηθῆναι
1346 3680 1511 3748 τέλος
1543 3678 1833 3743 ἐπιθεῖναι
1879 3685 1966 3763 τῷ
2001 3682 2387 3764 προβλήματι,
2433 3684 2674 3745 καὶτῶν
2720 3684 2928 3765 ὀλίγων
2968 3686 3104 3747 ἀπο-

594 3790 817 3867 στῆναι,
886 3782 992 3845 οὐκ
1048 3782 1319 3864 ὀκνητέον
1374 3782 1519 3864 πρὸς
1563 3782 1725 3845 αὐτό.
1828 3785 2176 3867 πειράσομαι
2244 3784 2293 3847 δ’
2359 3786 2508 3868 ὁμοῦ
2563 3792 2649 3871 τῷ
2706 3788 2836 3871 περὶ
2887 3788 3106 3851 τούτων
3159 3806 3188 3847 5

598 3887 756 3971 λόγῳ
804 3880 899 3949 καὶ
954 3885 1087 3954 τοὺς
1130 3886 1201 3947 τὰ
1250 3884 1558 3953 Πλάτωνος
1607 3885 1709 3966 μὲν
1758 3886 2290 3972 ὑπισχνουμένους,
2355 3887 2581 3973 σφόδρα
2635 3890 2700 3953 δὲ
2762 3890 3107 3961 πεπεικότας

492 4128 523 4179 ’2
571 4124 722 4196 μήτε]
762 4126 865 4177 uisi
906 4124 1055 4192 plura
1100 4126 1423 4183 exciderunt.
1476 4124 1617 4191 legas
1656 4125 1781 4195 μηδὲ
1836 4126 1938 4193 (vel
1978 4126 2101 4195 μήτι
2136 4145 2190 4195 γε
2228 4128 2506 4194 Schwartz)
2719 4128 2751 4182 5
2801 4129 2896 4202 οὑχ
2935 4130 3041 4183 οἷον
3080 4130 3218 4184 B²S²

491 4236 523 4267 a
548 4218 635 4281 Sp.
849 4230 896 4264 τι
936 4212 1141 4265 VB¹S¹:
1180 4230 1261 4263 ται
1298 4212 1393 4265 B²z
1430 4214 1507 4282 τῷ
1541 4212 1660 4265 8²12:
1700 4232 1753 4265 τε
1793 4215 1928 4265 vict.
1969 4216 2056 4281 Sp.
2297 4216 2359 4267 10
2395 4214 2731 4285 λέγειν·<δεῑν>
2769 4218 3027 4271 Schwartz

500 4304 551 4353 11
594 4302 664 4369 τί]
704 4300 812 4352 τίνα
850 4320 881 4353 a
920 4302 1007 4368 Sp.
1228 4300 1289 4351 12
1345 4300 1478 4359 δέξαι
1514 4320 1545 4352 a
1764 4302 1823 4353 14
1873 4304 1975 4354 καὶ
2013 4303 2168 4371 κενήν
2205 4321 2258 4371 γε
2295 4302 2386 4355 13²¹:
2437 4306 2590 4373 κενήν
2627 4324 2680 4357 τε
2717 4308 2852 4358 coni.
2893 4306 2980 4373 Sp.

498 4392 559 4443 16
599 4390 718 4442 εἶναι
756 4396 1053 4458 suspectum
1093 4389 1181 4456 Sp.
1394 4388 1484 4458 ἥδε
1522 4390 1631 4456 Sps
1694 4390 1726 4459 ἡ
1766 4390 1817 4441 δὲ
1855 4392 1950 4441 B'2:
2008 4392 2048 4443 εἰ
2085 4391 2137 4443 δὲ
2175 4393 2366 4443 VB'Sa
2587 4392 2643 4442 17
2701 4392 3118 4463 ἐπιζητουμένην]
3156 4414 3215 4446 ου

492 4480 548 4530 in
594 4478 671 4529 lit.
723 4482 767 4527 V
1044 4476 1102 4529 18
1159 4476 1470 4546 παρέστησας
1526 4480 1733 4543 punctis
1782 4484 1930 4529 notat
1975 4480 2076 4529 B²z
2131 4480 2416 4548 παρέστησα
2459 4480 2592 4531 vict.
2859 4481 2884 4533 ὃ
2929 4481 3214 4553 προεθέμην

492 4564 542 4629 (ὁ
589 4566 701 4633 μὲν>
758 4566 1011 4618 Schwartz
1226 4564 1545 4634 προεθοὺμην
1584 4583 1640 4616 a:
1692 4564 1994 4637 προεθείμην
2037 4569 2168 4619 Vict.
2399 4568 2464 4619 24
2520 4568 2609 4637 μὲν
2661 4568 2730 4626 ὡς
2779 4569 2915 4621 εἶπον
2953 4588 2984 4622 a
3019 4574 3108 4638 Sp.

494 4652 559 4705 ‘25
616 4652 695 4704 ἐπὶ
747 4652 844 4703 del.
884 4652 968 4705 S‘2:
1009 4668 1106 4705 om.
1148 4672 1176 4704 a
1204 4656 1291 4719 Sp.
1491 4654 1555 4704 ’26
1596 4658 1986 4725 προηγουμένως
2025 4658 2384 4726 <σκεψάμενον>
2422 4658 2678 4709 Schwartz
2718 4664 2854 4709 recte
3051 4659 3117 4711 28
3153 4662 3216 4712 τὰ

495 4739 590 4791 ὑπὸ
630 4740 795 4791 13282’8
839 4740 951 4807 Sp.:
1008 4740 1130 4808 ὑπὲρ
1168 4742 1401 4793 VGB¹S¹
1584 4741 1665 4793 28.
1707 4744 1772 4793 ⁸29
1812 4742 1869 4793 σὺ
1907 4743 1984 4812 τε]
2027 4742 2140 4795 οὔτε
2181 4762 2211 4795 a
2388 4744 2456 4795 30
2493 4746 2780 4815 ἡγουμένῳ]
2819 4746 3219 4815 ἡγοῦμαιΒῗὸῗα

496 4828 581 4892 Sp.
612 4828 676 4878 ab
714 4828 873 4880 isdem
916 4844 1181 4896 perperam
1220 4828 1313 4880 οὑκ
1351 4828 1589 4899 ὀκνητέον
1626 4830 1749 4900 πρὸς
1772 4830 1896 4882 αὑτό
1934 4833 2292 4883 interlocutori
2333 4834 2579 4885 tribuitur
2617 4834 2926 4901 additurque
2964 4834 3060 4905 ἄρα
3097 4840 3220 4902 post

495 4912 739 4985 ὀκνητέον
952 4916 1019 4967 32
1057 4920 1147 4971 τοῦ
1188 4916 1357 4969 Diels:
1394 4922 1469 4989 τις
1510 4918 1627 4970 libri
1845 4916 1911 4969 33
1951 4916 2079 4985 ὁμου
2123 4922 2162 4967 V
