3684 5567
593 274 720 340 230
1474 271 1934 328 ΑΛΕΞΑΝΔΡΟΥ
1986 268 2440 326 ΑΦΡΟΔΙΣΙΕΩΣ

703 447 1046 530 δεδεγμένῃ,
1092 445 1211 510 ἀλλ’
1267 440 1326 510 ἐν
1363 445 1370 530 Ι
1405 446 1627 517 τούτοις
1672 450 1754 516 ὡς
1797 448 1937 531 πυρί
1977 469 2039 510 τε
2084 449 2179 510 καὶ
2225 449 2341 509 τῶν
2383 445 2578 509 ἄλλων
2624 445 2978 529 διαφέροντι·
3026 442 3173 506 κατὰ
3221 449 3317 508 613

702 547 813 631 γὰρ
859 551 964 632 τὴν
1013 549 1154 634 ὕλην
1199 549 1272 613 τὰ
1316 549 1466 614 αὐτὰ
1512 549 1786 633 ἀλλήλοις
1829 549 1902 611 τὰ
1944 548 2249 632 τέσσαρα),
2296 550 2363 611 τὸ
2410 548 2476 612 δέ
2517 571 2572 610 τι
2616 545 2809 610 αὐτῶν
2853 547 3008 611 ἐστιν
3040 544 3209 627 ὑγρόν

702 673 766 712 τε
811 651 908 714 καὶ
954 652 1174 735 θερμόν
1219 651 1312 735 (ἐν
1357 652 1581 722 τούτοις
1623 651 1734 735 γὰρ
1780 653 1950 714 πάλιν
1998 652 2062 713 τὸ
2107 651 2254 714 εἶναι
2301 655 2384 735 τῷ
2432 650 2611 733 ἀέρι),
2655 651 2721 712 τὸ
2768 649 2833 712 δὲ
2878 647 3103 733 ψυχρόν
3147 669 3213 709 τε

703 752 802 813 καὶ
845 750 1018 836 ὑγρόν
1059 755 1175 839 (τῷ
1223 755 1330 840 γὰρ
1379 755 1540 818 ὕδατι
1586 755 1646 816 ἐν
1691 754 1915 822 τούτοις
1958 755 2025 817 τὸ
2070 753 2269 836 εἶναι),
2311 755 2379 816 τὸ
2424 754 2489 816 δὲ
2537 752 2705 837 Εηρόν
2750 775 2814 814 τε
2855 753 2954 816 καὶ
2984 750 3210 834 ψυχρόν
3267 769 3297 810 ὃ

634 871 664 920 5
701 852 994 935 (τοιοῦτον
1037 856 1145 939 γὰρ
1192 858 1230 940 ἡ
1276 856 1402 940 γῆ).
1479 856 1548 926 ἃς
1593 853 1808 941 ἔχοντα
1852 858 2134 940 διαφοράς
2172 879 2235 918 τε
2266 857 2363 918 καὶ
2395 856 2758 924 ἐναντιώσεις
2788 855 2933 937 πρὸς
2962 852 3209 935 ἄλληλα,

707 958 986 1020 ποιοῦντά
1027 981 1091 1020 τε
1135 961 1231 1022 καὶ
1277 961 1582 1042 πάσχοντα
1625 959 1708 1026 εἰς
1753 957 1982 1041 ἄλληλα
2025 961 2185 1020 ποιεῖ
2226 957 2327 1025 τὰς
2374 957 2717 1040 μεταβολάς,
2782 961 2889 1040 τῆς
2932 956 3074 1039 ὕλης
3118 975 3215 1037 με·

704 1058 1108 1143 ταβαλλούσης
1151 1061 1234 1129 εἰς
1276 1063 1342 1123 τὸ
1387 1066 1503 1124 τῶν
1550 1059 1865 1124 ποιούντων
1910 1063 2175 1143 κρατοῦν.
2266 1058 2402 1123 ὅταν
2467 1060 2578 1142 γάρ
2630 1082 2683 1121 τι
2728 1057 2921 1120 αὐτῶν
2967 1056 3215 1120 πλεονά-

706 1180 812 1223 σαν
856 1163 1006 1231 τινὸς
1052 1165 1168 1224 τῶν
1214 1163 1544 1226 ἐναντίωσιν
1590 1161 1848 1246 ἐχόντων
1894 1163 2040 1247 πρὸς
2106 1161 2247 1225 αὑτὸ
2313 1161 2603 1245 κατισχύῃ
2670 1165 2795 1229 ταῖς
2844 1159 3217 1222 ἐναντιώσεσι
3244 1171 3299 1214 ιο

707 1266 833 1333 ταῖς
877 1263 938 1326 ἐν
983 1265 1146 1349 αὑτῷ
1195 1264 1293 1326 ἐπὶ
1337 1270 1630 1340 τοσοῦτον,
1699 1267 1781 1333 ὡς
1824 1264 2273 1347 ἀποβάλλουσαν
2326 1265 2431 1346 τὴν
2481 1261 2865 1346 ὑποκειμένην
2912 1261 3073 1344 ὅλην,
3142 1259 3215 1342 ἣν

613 1384 674 1430 10
711 1365 988 1448 πρότερον
1035 1364 1166 1451 εἶχε
1211 1366 1494 1450 ποιότητα
1540 1367 1884 1450 μεταλαβεῖν
1928 1366 1993 1428 τὸ
2038 1369 2141 1428 τοῦ
2188 1366 2583 1450 κρατήσαντος
2612 1363 2784 1438 εἶδος,
2831 1362 2962 1426 τότε
3004 1362 3217 1445 γίνεται

706 1470 810 1529 τοῦ
859 1467 963 1550 μὲν
1010 1467 1164 1532 οὕτω
1212 1469 1674 1553 μεταβάλλοντος
1739 1467 1960 1551 φθορά,
2025 1467 2246 1548 γένεσις
2312 1467 2397 1542 δέ,
2465 1468 2550 1536 εἰς
2615 1467 2648 1529 ὃ
2691 1466 2919 1549 γένονεν
2962 1467 3001 1548 ἡ
3048 1485 3217 1545 μετα·

708 1569 875 1652 βολή.
965 1570 1024 1631 αἱ
1072 1569 1176 1652 μὲν
1223 1566 1322 1632 οὖν
1368 1571 1621 1654 γενέσεις
1686 1571 1781 1634 καὶ
1850 1570 2067 1653 φθοραὶ
2110 1574 2228 1632 τῶν
2295 1571 2587 1653 σωμάτων
2632 1570 2691 1632 αἱ
2736 1567 3025 1652 γινόμεναι
3068 1563 3217 1628 κατὰ

711 1672 1038 1756 μεταβολὴν
1085 1673 1189 1756 τὴν
1235 1673 1384 1735 κατὰ
1429 1675 1493 1736 τὸ
1540 1677 1723 1736 ποιεῖν
1769 1697 1830 1736 τε
1876 1675 1971 1736 καὶ
2015 1673 2264 1757 πάσχειν
2309 1677 2513 1736 τοῦτον
2564 1673 2813 1755 γίνονται
2842 1672 2939 1735 τὸν
2983 1667 3213 1752 τρόπον.
3246 1681 3299 1725 15

542 1779 672 1836 XIV
712 1769 873 1835 Ἐπεὶ
919 1774 984 1836 δὲ
1027 1771 1170 1837 ἄλλο
1213 1775 1436 1857 γένεσις
1480 1777 1574 1839 καὶ
1605 1775 1823 1859 φθορά,
1869 1776 1965 1838 καὶ
2008 1774 2152 1839 ἄλλο
2197 1779 2399 1858 κρᾶσις
2444 1774 2514 1857 (ἡ
2560 1773 2669 1857 γὰρ
2710 1777 2915 1858 κρᾶσις
2960 1770 3217 1854 σωζομέ-

607 1895 665 1942 15
705 1899 820 1938 νων
865 1879 1033 1938 τινῶν
1083 1877 1228 1959 μῖξις
1273 1875 1419 1940 εἶναι
1465 1879 1653 1940 δοκεῖ·
1725 1876 1859 1940 οὔτε
1902 1877 2011 1960 γὰρ
2057 1877 2169 1939 ὑπὸ
2213 1881 2315 1939 τοῦ
2362 1876 2561 1960 ἑτέρου
2606 1875 2929 1960 φθαρέντος
2972 1875 3067 1937 καὶ
3116 1895 3217 1956 με·

705 1978 1089 2061 ταβάλλοντος
1133 1980 1217 2047 εἰς
1259 1979 1324 2041 τὸ
1372 1983 1663 2062 κρατῆσαν
1709 1982 1935 2064 κρᾶσις,
1982 1978 2132 2041 ἀλλὰ
2176 1983 2279 2042 τοῦ
2326 1979 2429 2061 μὲν
2459 1977 2717 2063 αὔξησις,
2762 1981 2868 2040 τοῦ
2912 1977 2977 2041 δὲ
3020 1975 3217 2060 φθορά

705 2115 786 2125 ——-
834 2080 923 2142 διὸ
969 2079 1105 2144 οὐδὲ
1149 2081 1187 2162 ἡ
1233 2080 1419 2165 τροφὴ
1488 2080 1714 2163 λέγεται
1783 2079 2093 2164 κιρνᾶσθαι
2158 2082 2255 2146 καὶ
2306 2083 2372 2145 τὸ
2426 2080 2781 2166 τρεφόμενον
2827 2115 2909 2124 -
2952 2075 3106 2152 οὔτ’,
3162 2079 3218 2140 εἰ
3242 2092 3300 2134 ²⁰

709 2179 1012 2267 ἀμφότερα
1058 2184 1419 2246 παντάπασιν
1465 2182 1719 2266 φθαρείη
1785 2181 1858 2245 τὰ
1904 2181 2238 2264 μιγνύμενα,
2306 2183 2379 2246 τὰ
2449 2182 2773 2266 μεμιγμένα
2839 2185 3042 2266 κρᾶσις
3098 2177 3213 2242 ἔτι·

711 2283 1062 2364 σωζομένων
1106 2283 1214 2367 γάρ
1256 2305 1425 2346 τινων
1473 2283 1617 2364 μῖξις
1663 2285 1702 2367 ἡ
1748 2283 1999 2366 κρᾶσις),
2046 2282 2373 2348 ἀκόλουθον
2419 2283 2490 2347 ἄν
2535 2283 2629 2367 εἴη
2676 2285 2783 2368 τὴν
2822 2289 2929 2368 τῆς
2957 2283 3221 2366 κράσεως

602 2404 670 2450 20
707 2385 852 2468 πρὸς
883 2385 988 2468 τὴν
1018 2384 1239 2468 γένεσίν
1272 2407 1333 2447 τε
1363 2385 1460 2448 καὶ
1491 2385 1719 2469 φθοράν
1751 2385 1961 2468 <λέγειν
1996 2385 2320 2470 διαφοράν).
2368 2388 2556 2449 κοινὸν
2588 2388 2693 2468 μὲν
2716 2389 2823 2470 γὰρ
2856 2385 3055 2452 αὐταῖς
3084 2385 3123 2468 ἥ
3154 2406 3219 2446 τε

708 2486 858 2549 κατὰ
881 2489 986 2570 τὴν
1011 2487 1152 2571 ὕλην
1176 2487 1464 2566 κοινωνία,
1495 2485 1632 2550 καθ’
1678 2488 1747 2571 ἣν
1795 2487 1996 2571 ὥσπερ
2028 2487 2329 2570 φθείρεταί
2358 2511 2431 2564 τι,
2464 2487 2649 2558 οὕτως
2680 2491 2776 2552 καὶ
2810 2491 3091 2573 κιρνᾶται,
3122 2488 3220 2550 καὶ
3244 2503 3303 2546 s

712 2591 750 2672 ἡ
799 2589 895 2650 διὰ
939 2587 1270 2652 ἐναντίωσιν
1317 2588 1412 2652 διὰ
1456 2592 1558 2651 τοῦ
1606 2593 1790 2652 ποιεῖν
1836 2611 1899 2651 τε
1945 2590 2041 2651 καὶ
2085 2589 2335 2673 πάσχειν
2384 2591 2699 2675 μεταβολή.
2790 2589 2933 2653 ἴδιον
2978 2589 3045 2652 δὲ
3086 2589 3219 2671 κρά-

708 2711 860 2761 σεως
906 2691 1048 2774 πρὸς
1093 2692 1198 2775 τὴν
1241 2690 1456 2773 γένεσίν
1502 2713 1564 2754 τε
1608 2691 1706 2755 καὶ
1772 2690 2001 2775 φθορὰν
2047 2691 2112 2754 τὸ
2161 2690 2255 2752 ἐπὶ
2302 2692 2406 2774 μὲν
2460 2692 2679 2755 τούτων
2723 2692 2921 2756 τέλεον
2968 2691 3213 2775 θάτερον

707 2793 788 2860 εἰς
837 2793 1081 2877 θάτερον
1127 2793 1520 2874 μεθίστασθαι
1565 2794 1663 2856 καὶ
1706 2794 2170 2876 μεταλαμβάνειν
2215 2793 2317 2862 τὰς
2362 2794 2743 2875 ἐναντιώσεις,
2800 2791 2937 2858 καθ’
2995 2792 3065 2861 ἃς
3110 2815 3219 2855 πα-

599 2915 664 2962 25
705 2897 812 2958 θὸν
859 2893 1120 2980 ἀπέβαλε
1165 2894 1381 2970 τέλεον,
1449 2895 1515 2964 ἃς
1561 2894 1692 2980 εἶχε
1736 2895 1849 2978 πρὸ
1894 2895 2119 2968 τούτου,
2164 2895 2258 2958 ἐπὶ
2306 2897 2371 2959 δὲ
2415 2901 2533 2959 τῶν
2580 2896 2935 2981 κιρναμένων
2982 2895 3051 2958 οὐ
3094 2897 3221 2957 τοῦ·
3244 2912 3306 2953 ο

704 3021 802 3060 τον
849 2994 933 3060 ἔτι
977 2997 1190 3079 γίνεται
1233 2997 1330 3060 τὸν
1363 2997 1592 3081 τρόπον.
1682 2995 1803 3060 ἀλλ’
1862 2994 1997 3059 ὅταν
2064 2997 2245 3060 πλείω
2304 3001 2551 3080 σώματα
2594 3003 2698 3062 τοῦ
2740 3003 2928 3062 ποιεῖν
2972 2999 3071 3061 καὶ
3114 2998 3219 3059 πά·

710 3120 875 3184 σχειν
921 3097 1020 3161 ὑπ’
1076 3099 1349 3180 ἀλλήλων
1395 3098 1611 3184 ἔχοντα
1657 3099 1895 3180 δύναμιν
1942 3098 2215 3182 ἀλλήλοις
2262 3100 2546 3185 συνέλθῃ,
2612 3100 2733 3186 ἔχῃ
2778 3101 2844 3165 δὲ
2888 3102 3094 3179 οὕτως,
3140 3103 3221 3168 ὥς

709 3203 790 3285 μὴ
839 3199 1146 3286 ὑπερέχειν
1192 3199 1340 3264 κατὰ
1383 3202 1485 3269 τὰς
1529 3201 1895 3271 ἐναντιώσεις
1963 3197 2105 3262 ἄλλο
2150 3200 2328 3264 ἄλλου
2373 3203 2654 3267 δύνασθαι
2706 3207 2789 3272 ώς
2832 3205 3079 3288 φθεῖραν
3123 3201 3223 3265 αὖ·

709 3305 774 3365 τὸ
821 3304 904 3372 εἰς
947 3305 1052 3387 τὴν
1099 3304 1308 3366 ἑαυτοῦ
1357 3308 1715 3388 μεταστῆσαι
1758 3303 1953 3388 φύσιν,
2002 3304 2133 3366 τότε
2176 3308 2355 3368 ταῦτα
2401 3306 2496 3369 διὰ
2540 3306 2645 3389 τὴν
2686 3309 2805 3368 τῶν
2836 3306 3173 3389 δυναμένων
3209 3301 3217 3386 Ι

602 3425 671 3473 3ο
709 3405 968 3490 ἰσότητα,
1037 3403 1172 3469 καθ’
1229 3405 1298 3475 ἃς
1343 3411 1502 3468 ποιεῖ
1540 3407 1638 3468 καὶ
1684 3407 1923 3489 πάσχει,
1992 3405 2210 3487 ὁμοίως
2278 3404 2375 3468 ὑπ’
2430 3409 2705 3492 ἀλλήλων
2749 3408 3181 3495 ἀντιπάσχοντα
3226 3415 3327 3472 614

713 3507 890 3591 μέχρι
934 3507 1146 3571 τούτου
1195 3506 1473 3591 πρόεισιν,
1541 3507 1656 3574 ἕως
1721 3507 2093 3591 ἀποβαλόντα
2138 3507 2240 3576 τὰς
2293 3507 2441 3571 κατὰ
2484 3509 2848 3578 ἐναντιώσεις
2901 3511 3214 3596 ὑπεροχάς,

709 3607 782 3672 δι’
839 3609 910 3678 ἃς
953 3609 1125 3694 ἕτερά
1171 3633 1234 3672 τε
1279 3609 1350 3693 ἧν
1396 3611 1667 3693 ἀλλήλων
1712 3611 1808 3673 καὶ
1854 3609 2101 3685 ἐναντία,
2172 3610 2305 3692 μίαν
2352 3610 2411 3679 ἐξ
2456 3611 2700 3675 ἁπασῶν
2756 3615 2871 3675 τῶν
2916 3614 3220 3696 δυνάμεων

709 3712 976 3794 γεννήσει
1020 3711 1324 3795 ποιότητα,
1371 3711 1692 3795 ἑνωθείσης
1737 3713 1834 3775 καὶ
1881 3715 2017 3794 μιᾶς
2061 3711 2373 3796 γενομένης
2417 3717 2524 3797 τῆς
2564 3713 2915 3799 ἀμφοτέροις
2960 3717 2999 3799 ἦ
3046 3721 3219 3779 πᾶσιν
3271 3731 3302 3773 ε

705 3813 906 3882 αὐτοῖς
951 3813 1092 3899 ὕλης
1135 3813 1535 3896 ὑποκειμένης.
1625 3815 1836 3896 γίνεται
1882 3815 1947 3878 δὲ
1992 3816 2029 3898 ἡ
2075 3815 2311 3898 τοιαύτη
2360 3815 2527 3896 μῖξις,
2574 3816 2644 3899 ἢν
2675 3820 2876 3899 κρᾶσιν
2908 3821 3221 3900 καλοῦμεν,

604 3937 672 3985 35
709 3917 771 3978 ἐν
816 3919 937 3985 τοῖς
982 3917 1175 3999 ὑγροῖς
1230 3921 1346 3978 τῶν
1395 3918 1704 3998 σωμάτων.
1780 3918 1877 3980 καὶ
1920 3917 2027 4000 γὰρ
2074 3919 2111 4000 ἡ
2158 3917 2219 3980 ἐν
2264 3921 2384 3987 τοῖς
2429 3918 2623 4001 ξηροῖς
2650 3918 2913 4001 γίνεσθαι
2960 3921 3215 3983 δοκοῦσα

710 4023 913 4103 κρᾶσις
957 4017 1026 4081 οὐ
1069 4019 1283 4102 γίνεται
1327 4020 1511 4104 χωρὶς
1555 4019 1888 4105 ὑγρότητος.
1965 4020 2191 4082 ἑνοῦται
2234 4019 2343 4103 γὰρ
2390 4019 2461 4082 τὰ
2506 4021 2651 4104 ὑγρὰ
2695 4021 3076 4104 συντιθέμενα
3122 4025 3221 4086 καὶ

612 4321 634 4371 1
679 4317 752 4376 ὡς
787 4317 905 4387 πυρί
939 4335 995 4369 τε
1032 4317 1241 4384 scripsi:
1301 4315 1375 4375 ὡς
1411 4321 1508 4388 πῦρ
1547 4319 1648 4372 ἐστι
1690 4319 1870 4386 Apelt:
1927 4315 2097 4387 ὥσπερ
2135 4317 2233 4370 είτι
2268 4318 2390 4371 libri
2658 4317 2965 4388 διαφέροντι]
3013 4318 3249 4389 διαφέρον
3284 4339 3334 4374 τι

605 4406 766 4473 Apelt
1005 4405 1035 4456 6
1082 4411 1214 4457 ποιεῖ
1258 4406 1346 4463 τὰς
1395 4406 1574 4472 Apelt:
1631 4413 1840 4459 ποιεῖται
1890 4406 2005 4458 libri
2244 4405 2277 4457 8
2314 4405 2437 4458 αὑτὸ
2484 4407 2693 4474 scripsi:
2748 4404 2900 4458 αὐτὸν
2948 4406 3068 4459 libri

607 4495 641 4544 8
679 4490 926 4562 κατισχύῃ
967 4491 1146 4559 Apelt:
1185 4492 1274 4542 καὶ
1312 4489 1468 4562 ἰσχύει
1507 4492 1622 4544 iibri
1819 4494 1873 4543 11
1937 4492 2157 4546 sortasse
2196 4491 2249 4544 δὲ
2284 4495 2479 4556 (τοῦ),
2518 4493 2587 4549 εἰς
2802 4490 2866 4542 16
2922 4491 3077 4561 ἀλλὰ]
3114 4493 3334 4548 fortasse

607 4577 751 4633 οὔτε
968 4578 1030 4630 17
1079 4579 1166 4631 καὶ
1203 4577 1302 4630 del.
1331 4576 1488 4646 Apelt
1699 4579 1756 4631 τὸ
1795 4580 2102 4649 τρεφόμενον
2130 4580 2339 4648 scripsi:
2378 4581 2455 4650 τῷ
2478 4579 2771 4650 τρεφομένῳ
2808 4580 2929 4632 libri
3146 4579 3211 4632 18
3246 4599 3336 4649 με·

607 4665 821 4736 μιγμένα
857 4665 1038 4732 Apelt:
1089 4665 1161 4734 μὴ
1199 4663 1473 4734 μιγνύμενα
1509 4665 1628 4718 libri
1841 4667 1913 4718 20
1947 4666 2104 4735 λέγειν
2141 4667 2382 4737 διαφοράν
2420 4667 2597 4720 addidi
2777 4665 2843 4718 26
2882 4664 3027 4735 ὅταν]
3062 4666 3147 4720 ὅτι
3184 4671 3264 4721 Ra

608 4753 675 4806 27
724 4751 819 4825 ἔχῃ
858 4752 1070 4820 scripsit
1119 4751 1224 4823 ἔχει
1271 4753 1390 4805 libri
1587 4752 1644 4804 31
1701 4752 2053 4824 ἀποβάλλοντα
2089 4757 2170 4807 Ra
2372 4755 2461 4814 τὰς
2507 4755 2639 4806 κατὰ
2676 4752 2857 4828 Apelt:
2894 4755 3027 4808 κατὰ
3060 4755 3149 4816 τὰς
3185 4754 3331 4808 libri:

609 4841 694 4894 καὶ
731 4839 818 4898 τὰς
855 4837 1022 4892 Ideler
1233 4837 1300 4891 33
1345 4838 1538 4911 γενήσει
1575 4842 1656 4897 Ra
