3684 5567
1348 250 1609 307 ΗΘΙΚΩΝ
1651 250 2184 309 ΙῙΡΟΒΛΗΜΑἹῺΝ
2226 255 2362 307 3-4
3094 253 3217 316 123

602 425 873 504 ἐναντίον,
919 426 988 490 οὐ
1020 427 1433 511 συγχωρητέον
1478 432 1562 511 τῷ
1608 428 1703 490 καὶ
1750 431 1835 511 τῷ
1871 427 2105 510 πλούτῳ
2153 425 2272 489 ὄντι
2303 427 2529 511 ὀργάνῳ
2576 425 2726 489 εἶναί
2760 451 2811 489 τι
2855 423 3107 489 ἐναντίον

603 530 823 605 δοκεῖν,
878 530 932 591 εἰ
975 530 1040 592 δὲ
1084 531 1428 613 ἀδιορίστως
1471 532 1567 593 καὶ
1613 529 1674 591 ἐν
1723 528 1885 612 μέρει
1930 530 2241 614 λαμβάνοι,
2294 529 2546 593 δεικτέον
2593 528 2680 591 ὅτι
2729 530 2810 612 μὴ
2857 526 3110 607 συλλογί-
3164 541 3192 583 5

602 634 774 701 ζεται.
844 631 1091 713 γίνονται
1136 632 1244 714 γὰρ
1278 630 1601 717 ἀμφότεραι
1646 634 1707 695 αἱ
1752 634 2060 714 προτάσεις
2103 633 2164 694 ἐν
2199 630 2378 716 μέρει.
2450 630 2581 695 τότε
2623 631 2733 716 γὰρ
2781 629 3106 713 ἀναγκαίως

596 731 852 797 καθόλου
904 732 972 795 ἂν
1020 734 1311 819 ἐλάμβανε
1353 736 1420 797 τὸ
1478 735 1559 817 μὴ
1606 734 1757 799 εἶναί
1796 759 1849 797 τι
1903 740 1988 820 τῷ
2045 736 2273 817 ὀργάνῳ
2329 733 2610 806 ἐναντίον,
2669 734 2724 795 εἰ
2775 731 2846 817 ἦν
2902 733 2962 794 ἐν
3016 735 3104 814 τῷ

524 856 554 905 5
592 834 748 921 λόγῳ
805 836 903 898 καὶ
948 840 1023 919 τῇ
1072 835 1242 919 οὐσίᾳ
1286 841 1389 900 τοῦ
1435 838 1679 920 ὀργάνου
1728 836 2152 921 ἐμφαινόμενον
2209 838 2273 899 τὸ
2321 836 2501 919 μηδὲν
2547 834 2695 898 εἶναι
2741 833 2904 917 αὐτῷ
2951 835 3105 897 ἐναν·
3134 849 3188 892 ιο

598 940 741 1002 τίον·
791 940 843 1002 εἰ
888 940 953 1001 δὲ
998 940 1081 1022 μὴ
1128 937 1280 1002 ἔστιν
1328 940 1386 1003 ἐν
1434 944 1507 1023 τῇ
1557 940 1729 1024 οὐσίᾳ
1773 945 1876 1003 τοῦ
1924 941 2169 1023 ὀργάνου
2214 940 2280 1002 τὸ
2328 940 2409 1021 μὴ
2457 937 2608 1001 εἶναί
2645 962 2699 1000 τι
2745 936 2905 1020 αὐτῷ
2953 937 3106 999 ἐναν·

595 1043 733 1119 τίον,
781 1041 1150 1125 συμβεβηκὸς
1196 1042 1260 1105 δέ
1304 1066 1378 1116 τι,
1424 1042 1591 1106 οὐδὲν
1638 1044 1855 1107 κωλύει
1899 1048 2070 1106 τοῦτο
2117 1044 2198 1125 μὴ
2246 1046 2387 1105 πᾶσι
2435 1040 2879 1125 συμβεβηκέναι.
2969 1039 3105 1101 οὐδὲ

591 1145 722 1227 γάρ,
768 1145 893 1207 ἐπεὶ
938 1147 1059 1213 τοῖς
1102 1147 1340 1213 πολλοῖς
1395 1145 1647 1230 ὑπάρχει
1700 1150 1817 1208 τῶν
1873 1144 2326 1229 πεπερασμένων
2373 1145 2437 1207 τὸ
2493 1145 2649 1227 παρά
2703 1167 2754 1205 τι
2799 1142 3103 1225 περαίνειν,

593 1246 709 1329 ἤδη
754 1246 853 1310 καὶ
896 1250 1089 1309 πᾶσιν.
1178 1247 1244 1309 τὸ
1292 1246 1487 1330 μέντοι
1532 1246 1772 1333 ὄργανον
1818 1248 1995 1323 εἶναι,
2050 1246 2120 1311 δι’
2178 1246 2245 1311 οὗ
2303 1247 2342 1329 ἢ
2390 1245 2570 1330 μόνου
2616 1269 2669 1308 τι
2713 1246 2751 1327 ἢ
2798 1246 3104 1308 κάλλιστον
3134 1259 3186 1302 15

490 1369 551 1416 10
588 1349 819 1430 γίνεται,
866 1350 917 1411 εἰ
962 1347 1023 1411 ἐν
1070 1352 1146 1430 τῇ
1192 1347 1362 1432 οὐσίᾳ
1408 1348 1528 1413 ἐστὶ
1576 1354 1677 1413 τοῦ
1723 1352 1996 1433 ὀργάνου,
2049 1351 2236 1413 πάντα
2282 1349 2350 1413 ἂν
2395 1348 2488 1433 εἴη
2539 1347 2754 1433 ὄργανα
2798 1348 2884 1416 οἷς
2930 1344 3091 1409 τοῦθ’

593 1453 873 1536 ὑπάρχει·
930 1450 1027 1513 καὶ
1071 1454 1214 1514 πᾶσι
1266 1453 1386 1519 τοῖς
1441 1452 1704 1535 ὀργάνοις
1755 1456 1945 1515 τοῦτο.
2037 1454 2124 1515 διὸ
2179 1452 2306 1515 ἐπεὶ
2359 1454 2457 1515 καὶ
2509 1457 2594 1535 τῷ
2651 1452 2887 1535 πλούτῳ
2931 1453 3101 1511 τοῦτο

590 1555 843 1638 ὑπάρχει
898 1552 1025 1635 (διὰ
1077 1553 1187 1635 γὰρ
1247 1554 1452 1616 τούτου
1516 1556 1575 1617 αἱ
1629 1553 1756 1619 κατ’
1814 1555 2268 1640 ἐλευθεριότητά
2326 1568 2388 1617 τε
2445 1556 2540 1618 καὶ
2603 1551 3100 1636 μεγαλοπρέπειαν
3129 1566 3185 1609 2⁰

586 1655 867 1739 ἐνέργειαι
912 1659 998 1740 τῷ
1045 1655 1411 1739 σπουδαίῳ),
1470 1655 1563 1741 εἴη
1610 1656 1679 1720 ἂν
1727 1657 1967 1740 ὄργανον
2025 1663 2108 1742 τῷ
2158 1659 2485 1742 σπουδαίῳ·
2557 1658 2672 1719 ἀπὸ
2727 1655 2836 1738 γὰρ
2879 1658 2995 1715 τῶν
3041 1654 3100 1717 ἐν

584 1763 659 1841 τῇ
706 1758 878 1841 οὐσίᾳ
930 1762 1034 1821 τοῦ
1082 1758 1329 1843 ὀργάνου
1386 1757 1569 1822 ὄντων
1622 1762 1661 1843 ἡ
1707 1766 1823 1822 τῶν
1872 1761 2131 1844 ὀργάνων
2177 1761 2390 1845 κρίσις,
2447 1761 2647 1843 ὥσπερ
2699 1760 2796 1821 καὶ
2841 1757 2937 1820 ἐπὶ
2979 1759 3098 1819 τῶν

484 1880 547 1928 15
584 1859 779 1923 ἄλλων
832 1861 1125 1936 ἁπάντων,
1183 1860 1289 1926 οὐκ
1334 1860 1451 1923 ἀπὸ
1498 1866 1614 1924 τῶν
1659 1863 2138 1948 συμβεβηκότων.
2231 1863 2480 1926 δεικνύοι
2525 1860 2573 1925 δ’
2627 1860 2696 1924 ἄν
2742 1883 2824 1928 τις
2869 1860 2966 1921 καὶ
3010 1856 3097 1922 ὅτι
3125 1874 3179 1917 εὖ

586 1961 876 2047 μηδετέρα
917 1968 1034 2024 τῶν
1080 1965 1420 2047 προτάσεων
1466 1962 1739 2047 εἴληπται
1785 1968 2000 2041 καλῶς,
2047 1967 2196 2048 μήτε
2240 1966 2688 2048 ἠλαμβάνουσα
2732 1968 2818 2047 τῷ
2869 1961 3096 2044 ὀργάνῳ

586 2066 769 2147 μηδὲν
813 2064 958 2128 εἶναι
1002 2066 1277 2141 ἐναντίον,
1328 2064 1334 2147 Ι
1388 2068 1536 2149 μήτε
1578 2068 1617 2147 ἢ
1664 2065 1916 2149 λέγουσα
1960 2074 2044 2152 τῷ
2094 2068 2328 2150 πλούτῳ
2371 2067 2525 2131 εἷναί
2563 2090 2616 2129 τι
2659 2064 2930 2128 ἐναντίον.
3005 2064 3056 2125 εἰ
3099 2068 3204 2126 236

583 2168 687 2247 μὲν
730 2168 840 2250 γὰρ
886 2169 1029 2231 διότι
1075 2170 1163 2251 τῷ
1208 2166 1332 2251 ὅλῳ
1388 2190 1451 2231 τε
1497 2169 1592 2231 καὶ
1639 2169 2062 2254 συναμφοτέρῳ
2120 2171 2348 2254 ὀργάνῳ
2396 2169 2577 2255 μηδέν
2625 2169 2777 2231 ἐστιν
2824 2166 3096 2245 ἐναντίον,

582 2269 678 2331 διὰ
708 2274 879 2333 τοῦτο
927 2271 1077 2354 μηδὲ
1121 2274 1207 2354 τῷ
1242 2270 1427 2354 πρίονι
1473 2272 1624 2354 μηδὲ
1668 2276 1745 2353 τῇ
1780 2270 1997 2356 κιθάρᾳ
2038 2274 2198 2355 λέγοι
2239 2297 2323 2342 τις
2367 2272 2515 2337 εἶναί
2553 2296 2610 2335 τι
2639 2272 2915 2343 ἐναντίον,
2963 2267 3086 2331 οὐδ’
3151 2284 3180 2325 5

476 2390 543 2438 20
580 2370 649 2434 ἂν
678 2378 765 2457 τῷ
794 2374 934 2455 πυρὶ
980 2370 1073 2455 εἴη
1116 2370 1261 2435 κατὰ
1305 2372 1403 2434 τὸν
1449 2372 1636 2441 οὕτως
1682 2373 1925 2456 λέγοντα
1964 2374 2216 2438 ἐναντίον
2263 2399 2335 2450 τι,
2383 2376 2518 2439 οὐδὲ
2550 2373 2702 2457 ἄλλῃ
2749 2373 2854 2435 τινὶ
2886 2392 3097 2454 συναμ-

578 2474 813 2559 φοτέρῳ
858 2474 1027 2558 οὐσίᾳ
1069 2477 1157 2558 τῷ
1204 2478 1280 2554 τῇ
1332 2474 1443 2556 ὅλῃ
1499 2480 1573 2557 τῇ
1625 2476 1980 2559 ὑποκειμένῃ
2038 2481 2181 2541 πᾶσι
2235 2482 2353 2546 τοῖς
2397 2477 2674 2546 τοιούτοις
2729 2476 2907 2558 μηδὲν
2951 2473 3099 2537 εἶναι

576 2575 859 2640 ἐναντίον·
922 2577 973 2639 εἰ
1019 2578 1085 2640 δὲ
1128 2576 1277 2639 κατὰ
1324 2576 1395 2639 τὰ
1440 2576 1605 2661 πάθη
1665 2579 1760 2641 καὶ
1804 2580 1910 2647 τὰς
1954 2578 2266 2664 ποιότητας
2310 2577 2402 2664 (ἡ)
2447 2579 2775 2646 ἐναντίωσις
2822 2580 2932 2662 (τῷ
2981 2577 3092 2661 γὰρ

576 2680 715 2762 πυρὶ
767 2677 917 2741 κατὰ
970 2678 1075 2761 τὴν
1132 2677 1469 2762 θερμότητα
1521 2681 1619 2742 καὶ
1673 2682 1777 2763 τὴν
1834 2681 2122 2766 Εηρότητά
2177 2682 2306 2747 ἐστί
2353 2705 2477 2745 τινα
2531 2682 2786 2757 ἐναντία,
2842 2680 2939 2742 καὶ
2992 2684 3095 2743 τοῦ
3124 2696 3178 2738 ιο

580 2783 904 2866 σκεπάρνου
950 2780 1052 2842 ἐὰν
1097 2783 1407 2864 ληφθῶσιν
1451 2784 1511 2845 αἱ
1557 2781 1890 2866 ποιότητες,
1949 2784 2084 2848 καθ’
2141 2784 2211 2853 ἅς
2255 2784 2409 2847 ἐστιν
2454 2782 2616 2868 αὐτῷ
2665 2785 2731 2846 τὸ
2776 2782 2949 2860 εἶναι,
3005 2782 3096 2845 εὑ·

474 2902 539 2953 25
578 2882 745 2968 ρήσει
790 2884 939 2947 κατὰ
983 2883 1193 2951 ταύτας
1236 2882 1607 2967 ἐναντιότητά
1650 2908 1777 2947 τινα
1806 2885 2001 2970 αὐτῷ·
2048 2892 2136 2970 τῷ
2183 2887 2287 2970 μὲν
2333 2887 2442 2970 γὰρ
2489 2886 2614 2955 ὀξεῖ
2651 2887 2716 2948 τὸ
2762 2885 2956 2969 ἀμβλὺ
3003 2884 3087 2946 ἐν-

579 2986 789 3065 αντίον,
836 2990 922 3069 τῷ
971 2984 1037 3046 δὲ
1083 2985 1251 3068 βαρεῖ
1293 2986 1358 3047 τὸ
1406 2990 1644 3069 κοῦφον,
1690 2989 1793 3053 δεῖ,
1824 2988 1889 3050 δὲ
1935 2990 2032 3051 καὶ
2078 2990 2290 3073 βάρους
2333 2990 2429 3051 καὶ
2477 2987 2749 3071 ὀξύτητος
2793 2987 2985 3073 αὐτῷ·
3059 2988 3090 3051 ό
3122 3002 3174 3045 15

577 3088 752 3157 αὐτὸς
782 3088 877 3150 καὶ
923 3086 1019 3150 ἐπὶ
1050 3090 1166 3148 τῶν
1198 3084 1393 3149 ἄλλων
1426 3089 1681 3172 ὀργάνων
1714 3089 1932 3171 λόγος),
1979 3113 2020 3152 x·
2065 3112 2106 3151 -x-
2151 3112 2190 3151 ⁹22
2223 3088 2357 3153 οὔτε
2402 3095 2486 3176 τῷ
2521 3090 2755 3174 πλούτῳ
2787 3092 2850 3153 δὲ
2894 3092 3091 3158 καλῶς

576 3190 813 3274 ἐλήφθη
862 3188 1013 3253 εἶναί
1049 3212 1102 3251 τι
1147 3188 1418 3252 ἐναντίον.
1510 3192 1549 3273 ἡ
1594 3191 1704 3274 γὰρ
1748 3192 1920 3254 πενία
1963 3190 2070 3255 οὐκ
2115 3192 2370 3256 ἐναντίον
2417 3193 2672 3277 πλούτῳ,
2726 3192 2876 3255 ἀλλὰ
2920 3192 3091 3255 πλού-

576 3316 679 3355 του
726 3293 983 3355 ἀπουσία
1038 3314 1100 3353 τε
1154 3292 1249 3353 καὶ
1298 3292 1593 3375 στέρησις,
1647 3294 1687 3375 ἡ
1744 3294 1809 3355 δὲ
1855 3294 2018 3375 ὑγεία
2071 3294 2185 3379 οὐχ
2239 3299 2319 3364 ὡς
2366 3293 2604 3379 ὄργανον
2651 3295 2902 3378 ἀγαθόν,
2957 3294 3077 3358 ἀλλ’
3117 3311 3174 3352 2⁰

470 3412 537 3461 30
576 3398 657 3464 ὡς
700 3398 803 3457 τοῦ
848 3397 1122 3475 σώματος
1154 3394 1356 3476 ἀρετή,
1402 3393 1461 3461 ἐξ
1507 3392 1575 3456 οὖ
1608 3396 1705 3458 καὶ
1750 3400 1856 3479 τῆς
1903 3401 2101 3481 ψυχῆς
2147 3398 2178 3459 ό
2219 3396 2545 3481 ἄνθρωπος.
2615 3399 2669 3461 εἰ
2712 3397 2777 3460 δέ
2822 3419 2906 3465 τις
2934 3397 3092 3479 λέγοι

577 3498 681 3581 τὴν
728 3496 995 3580 στέρησιν
1039 3495 1145 3578 τὴν
1190 3496 1481 3579 τοιαύτην,
1535 3495 1635 3579 ἀφ’
1695 3496 1765 3580 ἧς
1811 3496 1933 3559 οἷόν
1988 3521 2053 3559 τε
2097 3500 2201 3581 τὴν
2248 3498 2360 3568 ἕξιν
2405 3500 2677 3582 γενέσθαι
2721 3501 2890 3563 πάλιν
2936 3499 3091 3562 ἐναν·

576 3599 723 3676 τίον,
778 3602 949 3661 πᾶσιν
997 3596 1166 3666 οὗτος
1210 3596 1367 3679 λέγοι
1412 3595 1535 3681 (dv)
1594 3601 1711 3666 τοῖς
1765 3600 1825 3661 ἐν
1871 3599 2091 3681 γενέσει
2144 3599 2295 3662 εἶναί
2343 3624 2394 3663 τι
2440 3602 2719 3679 ἐναντίον,
2777 3600 2846 3664 οὔ
2893 3601 3090 3683 μόνοις

574 3705 693 3769 τοῖς
738 3700 1023 3785 ὀργάνοις·
1074 3701 1134 3763 ἐν
1181 3702 1325 3762 πᾶσι
1366 3698 1473 3783 γὰρ
1519 3700 1559 3783 ἡ
1605 3700 1844 3785 τοιαύτη
1892 3702 2176 3785 στέρησις.
2227 3702 2236 3787 Ι
2339 3718 2358 3735 ·
3117 3720 3171 3763 εδ

463 4010 498 4061 4
536 4006 786 4077 ἐλάμβανε
820 4007 878 4060 τὸ
904 4010 1021 4075 Sp.:
1060 4006 1371 4077 ἐλαμβάνετο
1406 4008 1521 4061 libri
1693 4010 1725 4061 8
1764 4009 1921 4080 παρά]
1961 4009 2086 4081 πρός
2123 4029 2154 4062 a
2179 4015 2266 4079 Sp.
2431 4014 2462 4066 9
2501 4012 2790 4082 κάλλιστον]
2837 4013 3050 4081 μάλιστα
3077 4017 3192 4082 Sp.:

462 4095 707 4149 κάλλιστα
744 4096 1004 4150 Schwartz
1188 4095 1517 4159 17—129‚23
1554 4098 1634 4165 τῷ
1668 4096 2351 4169 πλούτῳ-προαιρούμενοι
2389 4117 2492 4154 om.
2531 4104 2706 4155 GFSL
2745 4103 2816 4168 (G
2853 4103 2911 4154 in
2949 4118 3078 4170 mg.:
3117 4104 3194 4154 ἐν-

464 4197 642 4253 τεῦθεν
667 4198 889 4252 λείπεται
913 4199 971 4252 τὸ
1009 4199 1151 4259 τέλος
1187 4200 1333 4253 τοῦδε
1374 4204 1464 4253 τοῦ
1503 4188 1537 4252 δ
1566 4202 1841 4271 κεφαλαίου
1882 4205 1968 4255 καὶ
2003 4204 2068 4255 τὰ
2104 4202 2255 4256 λοιπὰ
2291 4204 2418 4257 ἄλλα
2449 4190 2487 4257 δ
2516 4205 2762 4276 κεφάλαια
2801 4205 3074 4277 ὁλόκληρα.
3133 4206 3193 4260 τὸ

463 4299 512 4355 δ’
552 4303 791 4372 ὲπόμενόν
846 4302 948 4356 ἐστι
993 4304 1051 4356 τὸ
1088 4303 1229 4361 τέλος
1274 4308 1365 4357 τοῦ
1415 4292 1507 4357 ὑπ
1541 4305 1817 4374 κεφαλαίου
1863 4306 1921 4359 τὸ
1971 4307 2252 4378 ἀρχόμενον
2299 4310 2358 4361 ἐκ
2406 4316 2494 4361 τοῦ
2539 4306 2886 4379 ((βιάζονταιῖ
2963 4310 2989 4363 ὁ
3023 4312 3192 4380 ζητῶν

464 4386 512 4443 δ’
553 4389 673 4449 ἴσως
710 4390 922 4461 εὑρήσει.
984 4392 1241 4444 excidisse
1281 4392 1431 4458 plura
1456 4395 1608 4461 signo
1648 4399 1882 4446 notatum
1910 4397 1964 4446 in
1993 4400 2048 4448 S.
2106 4396 2327 4449 lacunae
2366 4398 2642 4464 vestigium
2683 4399 2826 4448 deest
2863 4398 2919 4449 in
2947 4398 3055 4465 FL)

463 4474 530 4527 22
566 4476 599 4545 ἡ
638 4476 755 4528 add.
781 4476 886 4529 B²a
910 4480 999 4545 Sp.
1190 4479 1257 4530 27
1298 4478 1465 4531 ἄλλων
1507 4482 1577 4532 V¹
1616 4482 1670 4533 in
1710 4496 1811 4549 mg.
2012 4482 2126 4535 οὑδὲ
2163 4486 2238 4551 τῷ
2277 4481 2480 4552 πλούτῳ
2519 4483 2578 4554 δὴ
2620 4484 2754 4535 coni.
2791 4486 2908 4550 Sp.:
2952 4484 3190 4537 lacunam

460 4562 689 4615 indicavi
868 4563 933 4615 32
970 4562 1105 4631 λέγοι
1141 4564 1247 4629 <ἂν>
1284 4569 1399 4633 Sp.:
1437 4566 1574 4635 λέγοι
1605 4571 1653 4619 V
1693 4568 1852 4621 Vict.:
1891 4568 2023 4638 λέγει
2060 4588 2092 4621 a
2268 4570 2336 4621 33
2372 4568 2604 4639 τοιαύτη]
2641 4590 2670 4621 τ
2705 4572 2764 4623 in
2799 4570 2876 4622 lit.
2917 4576 2965 4623 V
