3684 5567
1146 295 1308 354 ΠΕΡΙ
1345 297 1666 354 ΚΡΑΣΕΩΣ
1703 297 1825 354 ΚΑΙ
1865 299 2218 358 Argum-392
2255 305 2458 358 13—15
3034 307 3155 373 231

546 465 616 528 οὐ
661 469 951 551 φυλάσσει
997 470 1096 537 τὰς
1142 471 1358 537 οἰκείας
1401 472 1757 556 ἐπιφανείας,
1827 472 1929 536 ἐὰν
1999 475 2079 558 μὴ
2136 471 2177 558 ᾖ
2226 478 2518 561 γλισχρόν.
2610 476 2745 540 ὅταν
2813 481 2887 562 δὴ
2931 484 3051 546 τοῖς
3080 497 3135 539 ιο

544 569 691 632 κατὰ
735 571 840 654 τὴν
886 573 1028 657 ὕλην
1073 573 1169 635 διὰ
1211 575 1317 657 τὴν
1363 573 1650 659 ὑγρότητα
1694 577 1842 638 κατὰ
1888 578 1993 660 τὴν
2040 579 2360 662 παράθεσιν
2408 579 2736 660 ἑνουμένοις
2782 583 3050 663 σώμασιν

544 673 813 757 προσήκῃ
865 674 932 736 τὸ
977 674 1306 740 ἐναντίωσιν
1351 675 1512 761 ἔχειν
1559 679 1834 762 ἰσοκρατῆ
1904 681 2048 763 πρὸς
2093 679 2340 764 ἄλληλα,
2408 682 2619 764 γίνεται
2660 681 2857 749 αὐτοῖς
2901 685 3049 747 κατὰ

542 772 646 842 τὰς
689 774 1002 858 ποιότητάς
1046 800 1110 840 τε
1154 779 1252 840 καὶ
1295 780 1566 861 δυνάμεις
1611 779 1838 855 ἕνωσις,
1884 779 2029 864 ὅπερ
2076 781 2229 845 ἐστὶν
2276 785 2313 864 ἡ
2346 789 2564 866 κρᾶσις.
2641 785 2911 867 ἑκάτερον
2942 786 3051 870 γὰρ

469 894 500 942 5
539 881 654 938 τῶν
700 877 887 945 οὕτως
932 877 1190 962 ἐχόντων
1257 881 1355 942 διὰ
1422 881 1527 964 μὲν
1573 882 1677 963 τὴν
1722 881 2167 967 ἐνυπάρχουσαν
2222 885 2283 946 ἐν
2330 884 2525 952 αὐτοῖς
2582 887 2908 950 ἐναντίωσιν
2954 889 3050 950 καὶ
3079 905 3132 948 15

537 980 643 1061 τὴν
689 983 794 1061 τῆς
841 979 982 1062 ὕλης
1024 982 1322 1044 κοινωνίαν
1370 985 1718 1068 μεταβάλλει
1762 1007 1826 1046 τε
1871 987 1966 1047 καὶ
2011 986 2247 1070 πάσχει,
2292 987 2387 1050 διὰ
2432 987 2497 1049 δὲ
2526 989 2632 1070 τὴν
2665 988 2901 1070 ἰσότητα
2931 993 3048 1051 τῶν

540 1080 937 1146 ἐναντιώσεων
983 1083 1089 1147 οὐκ
1132 1083 1230 1146 ἐπὶ
1274 1089 1548 1149 τοσοῦτον
1615 1089 1773 1149 ποιεῖ
1811 1088 1917 1171 τὴν
1964 1089 2310 1171 μεταβολήν,
2380 1091 2462 1156 ὡς
2526 1087 2734 1152 ταύτὸν
2776 1090 3050 1172 γενέσθαι

541 1183 774 1268 θατέρῳ
819 1184 1087 1270 θάτερον.
1165 1187 1522 1273 ἀντιπάσχον
1565 1189 1675 1272 γὰρ
1721 1190 1786 1252 τὸ
1830 1194 2032 1253 ποιοῦν
2079 1191 2191 1252 ὑπὸ
2234 1194 2337 1252 τοῦ
2383 1192 2713 1274 πάσχοντος
2757 1193 2899 1275 πρὸς
2944 1192 3047 1255 αὖ·

541 1291 643 1349 τοῦ
686 1289 784 1350 καὶ
829 1289 912 1371 μὴ
959 1288 1130 1370 μένον
1177 1288 1380 1373 ὅμοιον
1425 1291 1610 1374 αὑτῷ,
1658 1291 1900 1356 παύεται
1943 1296 2047 1354 τοῦ
2091 1295 2274 1354 ποιεῖν
2330 1289 2413 1354 ἔτι
2458 1293 2739 1356 δύνασθαι
2784 1294 2894 1376 πρὸ
2940 1299 3044 1356 τοῦ

435 1409 501 1455 10
536 1393 822 1472 κρατῆσαι
862 1389 1060 1454 τέλεον
1104 1389 1304 1454 αὐτοῦ.
1397 1394 1492 1455 καὶ
1535 1391 1690 1456 τοῦτ’
1746 1395 1901 1457 ἐστὶν
1946 1396 1985 1477 ἡ
2032 1397 2267 1476 κρᾶσις·
2335 1395 2373 1476 ἡ·
2420 1393 2529 1478 γὰρ
2574 1395 2669 1457 διὰ
2712 1399 2815 1457 τοῦ
2861 1401 3045 1458 ποιεῖν
3074 1413 3131 1454 ω

544 1491 640 1554 καὶ
685 1493 933 1576 πάσχειν
976 1497 1096 1554 τῶν
1141 1494 1581 1578 παρακειμένων
1653 1495 1931 1579 ἀλλήλοις
1976 1499 2265 1580 σωμάτων
2333 1496 2427 1558 διὰ
2474 1497 2801 1580 μεταβολῆς
2865 1499 3048 1582 χωρὶς

393 1610 497 1662 xv
544 1593 772 1678 φθορᾶς
815 1594 1007 1658 αὐτῶν
1051 1618 1199 1666 τινος
1231 1597 1454 1666 ἕνωσις.
1545 1597 1822 1682 Συνεργεῖ
1860 1599 1927 1662 δὲ
1968 1604 2089 1668 τοῖς
2132 1599 2325 1681 ὑγροῖς
2368 1599 2511 1682 πρὸς
2553 1601 2658 1682 τὴν
2698 1599 2897 1662 θάττω
2945 1623 3041 1682 με·

532 1697 786 1781 ταβολήν
851 1720 916 1760 τε
980 1698 1079 1762 καὶ
1148 1703 1352 1782 κρᾶσιν
1397 1701 1493 1762 καὶ
1537 1701 1604 1762 τὸ
1649 1699 2021 1785 εὖδιαίρετον.
2112 1704 2437 1784 διαιροῦντα
2500 1700 2609 1784 γὰρ
2663 1699 2890 1784 ἄλληλα
2934 1703 3045 1785 πρὸ

536 1804 640 1883 τῆς
687 1800 957 1868 ἑνώσεως
1003 1801 1098 1863 καὶ
1145 1801 1292 1864 κατὰ
1340 1802 1514 1885 μικρὰ
1560 1802 1995 1886 παρατιθέμενα
2026 1805 2320 1886 ἀλλήλοις,
2366 1803 2507 1887 ῥᾷον
2549 1804 2644 1866 καὶ
2691 1803 2903 1866 θᾶττον
2948 1803 3044 1866 ἀν·
3071 1820 3126 1864 25

433 1923 493 1971 15
533 1905 894 1988 τιπάσχοντα
939 1901 1036 1966 ὑπ’
1095 1903 1390 1986 ἀλλήλων,
1456 1905 1690 1990 ταχέως
1757 1905 1818 1968 ἕν
1864 1930 1918 1969 τι
1961 1907 2173 1988 γίνεται
2219 1911 2395 1987 σῶμα
2446 1906 2545 1968 καὶ
2597 1905 2747 1968 κατὰ
2791 1905 2857 1968 τὸ
2902 1907 3040 1969 ὑπο-

535 2007 798 2088 κείμενον
845 2007 941 2069 καὶ
989 2006 1136 2069 κατὰ
1182 2007 1287 2090 τὴν
1332 2007 1635 2091 ποιότητα,
1691 2009 1949 2092 ἐνεργείᾳ
2016 2008 2120 2092 μὲν
2167 2006 2335 2070 οὐδὲν
2379 2007 2444 2070 ὂν
2488 2011 2605 2070 τῶν
2652 2007 3042 2090 μεμιγμένων,

537 2109 779 2190 δυνάμει
843 2109 910 2171 δὲ
974 2112 1088 2170 πᾶν
1133 2131 1206 2182 τι,
1274 2113 1548 2172 τοσοῦτον
1593 2110 2051 2192 ἀπολειπόμενον
2117 2113 2221 2172 τοῦ
2266 2110 2361 2172 καὶ
2418 2109 2674 2194 ἐνεργείᾳ
2719 2112 2927 2181 σώζειν
2973 2108 3044 2172 τὰ

539 2211 600 2272 ἐν
645 2209 813 2295 αὐτῷ
861 2210 1206 2294 μεμιγμένα,
1275 2209 1412 2274 ὅσον
1483 2212 1576 2274 διὰ
1641 2217 1743 2276 τοῦ
1789 2217 1991 2276 ποιεῖν’
2038 2236 2102 2276 τε
2147 2213 2242 2276 καὶ
2310 2212 2558 2296 πάσχειν
2606 2207 2906 2296 ἀφῄρηται
2950 2211 3044 2274 διὰ
3070 2228 3127 2270 ω

537 2317 642 2396 τῆς
687 2315 992 2394 δυνάμεως
1035 2313 1228 2377 αὐτῶν
1274 2315 1540 2378 ἑκάστου.
1632 2317 1720 2380 διὸ
1790 2317 1887 2379 καὶ
1957 2316 2153 2399 ὀλίγης
2204 2317 2387 2378 δεῖται
2432 2314 2705 2398 βοηθείας
2748 2319 2853 2397 τῆς
2902 2312 3043 2394 πρὸς

431 2435 498 2482 20
535 2417 579 2498 †
609 2416 793 2498 αὐτὴν
823 2416 907 2483 εἰς
935 2415 1150 2500 ταύτην
1198 2418 1526 2501 μεταβολήν
1573 2417 1637 2484 ὃς
1680 2416 1752 2501 ἦν
1797 2441 1863 2500 γε
1908 2417 2101 2480 αὐτῶν
2146 2421 2384 2480 τοιαῦτα
2417 2415 2425 2502 Ι
2457 2421 2649 2503 χωρεῖ
2689 2417 2771 2500 μὴ
2818 2418 3005 2478 πάντα
3050 2421 3147 2478 615

529 2519 796 2604 χωριστὰ
841 2519 912 2582 τὰ
957 2519 1354 2602 πεπραγμένα.
1429 2521 1774 2604 προσθήκης
1817 2519 1923 2603 γὰρ
1971 2521 2159 2583 δεῖταί
2196 2543 2347 2588 τινος
2390 2521 2473 2588 εἰς
2510 2518 2865 2602 τελειότητα,
2910 2516 3029 2580 ἀλλ’

531 2623 600 2686 οὐ
646 2625 964 2690 παντελοῦς
1008 2621 1290 2703 γενέσεώς
1335 2645 1398 2686 τε
1442 2623 1538 2686 καὶ
1585 2623 1930 2708 μεταβολῆς.
2022 2624 2110 2685 διὸ
2150 2619 2253 2685 ’καὶ
2306 2620 2795 2706 προσφερομένων
2841 2620 3037 2688 αὐτοῖς

529 2747 716 2804 τινων,
765 2725 804 2788 ἃ
846 2725 991 2808 πρὸς
1034 2726 1140 2807 τὴν
1185 2725 1457 2808 τοιαύτην
1503 2725 1838 2808 τελειότητα
1882 2728 2177 2807 συνεργεῖν
2224 2723 2376 2788 ἐστιν
2408 2725 2506 2787 οἷά
2549 2747 2633 2798 τε,
2681 2723 2895 2806 ῥᾳδίως
2940 2722 3037 2784 ἐπὶ

522 2829 628 2910 τὴν
673 2827 886 2891 οἰκείαν
933 2826 1241 2911 ἀνατρέχει
1286 2827 1476 2909 φύσιν,
1523 2827 1592 2889 οὐ
1637 2833 1740 2890 τοῦ
1787 2827 2069 2912 πρότερον
2116 2825 2281 2895 ὄντος
2338 2828 2543 2895 ὕδατος
2588 2827 2627 2909 ἢ
2674 2824 2833 2888 οἴνου
2882 2823 3037 2908 [τοῦ]
3093 2840 3121 2882 5

417 2949 482 2996 25
525 2929 934 3012 ἐκκρινομένου
981 2929 1152 2991 πάλιν
1218 2927 1388 3009 (οὐδὲ
1430 2927 1536 3012 γὰρ
1583 2931 1688 3012 τὴν
1736 2930 1928 3014 ἀρχὴν
1975 2930 2229 3000 ἐσώζετο
2278 2929 2337 2991 ἐν
2382 2933 2467 3014 τῷ
2527 2931 2783 3013 μίγματι,
2852 2926 3033 3009 παρά-

527 3032 686 3100 θεσις
729 3032 842 3116 γὰρ
886 3030 976 3106 ἄν,
1023 3029 1092 3093 οὔ
1138 3033 1340 3114 κρᾶσις
1386 3029 1484 3114 ἧν·
1556 3031 1618 3093 ἐν
1661 3030 1770 3115 γὰρ
1814 3036 1937 3099 τοῖς
1982 3030 2359 3114 κεκραμένοις
2404 3032 2463 3094 ἕν
2509 3054 2575 3094 τε
2618 3031 2715 3093 καὶ
2762 3029 3032 3112 ὁμοιομε-

527 3135 621 3217 ρὲς
664 3139 780 3197 πᾶν
825 3135 890 3198 τὸ
936 3135 1172 3216 γεγονὸς
1214 3135 1283 3196 ἐκ
1327 3139 1432 3216 τῆς
1476 3133 1788 3218 κράσεως),
1846 3135 1999 3197 ἀλλὰ
2045 3135 2362 3217 δυναμένου
2411 3133 2583 3218 [ἀπὸ]
2631 3137 2734 3196 τοῦ
2779 3131 3038 3194 τοιούτου

526 3239 816 3320 κράματος
857 3239 940 3304 εἰς
986 3237 1142 3320 ὕδωρ
1189 3237 1292 3317 μὲν
1327 3237 1540 3320 ῥᾳδίως
1572 3237 1951 3321 μεταβάλλειν
1981 3237 2025 3318 †
2051 3235 2477 3320 μεταβαλόντος
2506 3237 2588 3304 εἰς
2617 3239 2785 3299 τοῦτο
2820 3235 3033 3318 ἀρχήν,
3062 3249 3117 3292 ιο

527 3339 609 3422 μὴ
657 3339 872 3424 μιχθὲν
917 3339 986 3402 ἐκ
1028 3339 1304 3402 τοιούτων
1349 3339 1444 3401 ἐπὶ
1490 3340 1758 3423 τοιαύτης
1803 3338 2130 3424 ποιότητος.
2206 3342 2287 3406 ὡς
2320 3337 2430 3421 γὰρ
2460 3337 2555 3400 ἐπὶ
2602 3341 2705 3399 τοῦ
2750 3337 3032 3418 γάλακτος

413 3459 483 3508 3ο
521 3440 681 3510 ὄντος
726 3442 1114 3526 ὁμοιομεροός
1157 3444 1447 3523 σώματος,
1494 3439 1736 3526 ἔχοντος
1781 3443 1847 3504 δὲ
1892 3441 1952 3504 ἐν
2000 3443 2161 3526 αὐτῷ
2198 3441 2303 3522 [τι]
2337 3441 2575 3522 δυνάμει
2620 3440 2719 3502 καὶ
2764 3437 2935 3521 ὑγρόν
2979 3461 3032 3500 τι

522 3545 615 3607 καὶ
661 3543 914 3628 στερεόν,
961 3543 992 3605 ὁ
1037 3542 1454 3626 πεπυρωμένος
1499 3545 1818 3629 ἐμβληθεὶς
1860 3545 2025 3612 λίθος
2070 3545 2343 3628 ἑκάτερον
2386 3542 2580 3606 αὐτῶν
2626 3541 2687 3610 ἐξ
2730 3539 2908 3604 αὐτοῦ
2955 3541 3030 3602 δι-

523 3647 710 3731 έκρινε
753 3648 1031 3729 γεννήσας
1075 3643 1288 3729 τρόπον
1332 3647 1476 3720 τινά,
1523 3648 1620 3709 καὶ
1664 3647 1730 3708 τὸ
1780 3647 1882 3728 μὲν
1918 3645 2097 3708 αὐτοῦ’
2127 3647 2299 3729 τυρὸν
2333 3646 2596 3728 ἐποίησε,
2644 3644 2708 3707 τὸ
2740 3645 2805 3708 δὲ
2836 3643 3030 3726 ὀρρόν,
3060 3658 3113 3702 15

517 3749 588 3813 οὐ
633 3749 808 3833 μέρος
853 3773 906 3811 τι
950 3750 1282 3833 ἐνυπάρχον
1329 3748 1491 3833 αὐτῷ·
1541 3747 1795 3832 ἐνεργείᾳ
1841 3747 2123 3832 χωρίσας,
2192 3745 2313 3809 ἀλλ’
2370 3747 2487 3809 ἀπὸ
2553 3747 2766 3814 παντὸς
2824 3745 3029 3828 μορίου

409 4006 444 4058 3
478 4005 712 4077 προσήκῃ
750 4006 961 4074 scripsi:
1016 4008 1243 4075 προσῆκε
1281 4005 1401 4058 libri
1617 4004 1744 4074 ἄλλη
1783 4007 1863 4058 Ra
2082 4003 2143 4055 11
2196 4001 2559 4075 περικειμένων
2594 4004 2678 4054 Ra
2895 3999 2956 4052 12
3011 3995 3133 4052 θᾶτ-

405 4109 493 4146 τον
531 4091 606 4144 A²
837 4091 901 4144 13
939 4090 1244 4164 διαιροῦντα]
1285 4090 1500 4163 διαιροῦν
1539 4095 1620 4145 Ra
1827 4090 1923 4159 πρὸ
1961 4091 2165 4143 BCRS:
2204 4090 2328 4159 πρὸς
2362 4093 2495 4142 ΔΡε
2686 4089 2749 4140 14
2786 4083 3134 4155 περιτιθέμινα

404 4183 484 4232 Ra
701 4180 762 4232 17
802 4184 901 4230 πᾶν
938 4197 986 4231 τι
1011 4178 1202 4232 Ideler:
1248 4180 1396 4231 παντὶ
1431 4179 1551 4231 libri
1763 4183 2006 4231 τοσοῦτον
2041 4180 2244 4231 BCPS:
2291 4176 2349 4228 τὸ
2395 4178 2544 4228 σοῦτο
2580 4176 2681 4227 A¹=
2737 4170 2993 4226 τοσούτων
3031 4169 3129 4223 A²=

403 4264 628 4336 τοσούτῳ
665 4270 744 4320 Ra
921 4270 1012 4318 τοῦ
1049 4266 1232 4333 Apelt:
1283 4264 1342 4318 τὸ
1381 4266 1524 4317 libri:
1573 4268 1648 4334 τῷ
1687 4265 1854 4318 ΙᾱοΙΘι·
2035 4265 2098 4317 19
2148 4265 2317 4316 αὐτῶν
2358 4279 2455 4315 om.
2494 4265 2622 4315 Plu
2800 4258 2991 4329 ὀλίγης]
3029 4257 3131 4310 ὀλι-

402 4355 548 4422 γάκις
581 4357 683 4407 Ra:
739 4353 911 4424 ὀλίγης
946 4353 1076 4412 τινὸς
1113 4353 1272 4420 Apelt
1515 4353 1594 4404 19.
1634 4351 1702 4403 20
1753 4350 1878 4422 πρὸς
1914 4351 1977 4403 αὖ
2016 4352 2108 4421 την
2148 4352 2303 4417 Apelt
2514 4349 2585 4400 20
2636 4345 2692 4405 ὃς
2739 4346 2803 4416 ἦν
2852 4363 2908 4414 γε
2959 4345 3131 4398 αὑτῶν

403 4443 654 4495 ABCPS:
697 4439 752 4499 ὃς
785 4441 849 4510 ἠν
883 4458 940 4510 γε
975 4444 1075 4493 Ra:
1123 4439 1186 4510 ἥν
1224 4458 1278 4508 γε
1319 4439 1498 4504 Melet,
1537 4441 1626 4505 qui
1664 4444 1786 4490 ante
1822 4437 1886 4508 ἥν
1924 4438 2164 4491 lacunam
2203 4453 2317 4490 esse
2362 4437 2575 4488 statuit:
2632 4433 2725 4502 ὅση
2770 4451 2825 4503 γε
2862 4433 3021 4500 Apelt

401 4538 580 4601 χωριεῖ
607 4528 768 4596 Apelt
980 4527 1063 4580 20.
1103 4527 1164 4578 21
1209 4529 1370 4596 πάντῃ
1411 4526 1669 4598 ἀχώριστα
1707 4527 1866 4594 Apelt
1902 4532 2039 4578 recte
2063 4531 2122 4576 ut
2158 4525 2378 4588 videtur,
2416 4523 2617 4590 reliqua
2651 4522 2733 4573 ita
2766 4521 3127 4572 constituerim

405 4615 541 4687 [τῆς]
567 4615 690 4688 πρὸς
711 4615 889 4683 (τὴν)
915 4613 1125 4667 αὐτῶν
1161 4612 1228 4670 εἰς
1264 4611 1453 4683 ταύτην
1481 4615 1615 4678 (scil.
1643 4613 1873 4680 δύναμιν)
1901 4611 2205 4682 μεταβολήν,
2243 4609 2358 4664 ὅσα
2394 4627 2449 4678 γε
2472 4608 2645 4662 αὐτῶν
2681 4611 2918 4661 τοιοῦτο
2955 4614 3129 4679 χωρεῖ,

401 4704 593 4767 (ἐπεὶ)
631 4703 700 4773 μὴ
739 4705 904 4772 πάντῃ
943 4702 1204 4775 ἀχώριστα
1240 4701 1304 4752 τὰ
1341 4701 1698 4768 κεκραμένα
1877 4701 1938 4751 21
1980 4700 2045 4751 τὰ
2070 4702 2271 4751 om.Ra
2428 4695 2521 4766 εἰς]
2560 4695 2680 4766 πρὸς
2705 4699 2785 4748 Ra
2944 4694 3013 4746 24
3037 4697 3128 4746 τοῦ

403 4791 780 4858 circumscripsi
925 4789 990 4842 26
1030 4790 1116 4840 καὶ
1142 4787 1200 4839 οὐ
1225 4791 1304 4840 Ra
1466 4786 1530 4838 27
1559 4787 1658 4840 ἀπὸ
1685 4788 2072 4854 circumscripsi
2234 4784 2463 4838 τοιούτου
2501 4800 2629 4836 corr.
2657 4799 2722 4836 ex
2748 4780 2993 4834 τοσούτου
3012 4788 3055 4834 Α

401 4876 470 4929 28
506 4875 904 4950 μεταβάλλοντος
939 4876 1036 4946 (sc.
1061 4879 1150 4927 τοῦ
1188 4873 1367 4948 κράμ.)
1405 4875 1475 4936 εἰς
1511 4873 1580 4926 τὸ
1616 4876 1724 4947 τὴν
1763 4875 1841 4950 ἀρ.
1882 4874 2023 4930 Diels
2203 4873 2273 4928 30
2306 4891 2354 4929 τι
2392 4873 2559 4927 delevi
