3684 5567
558 277 643 342 30
1279 274 1740 333 ΑΛΕΞΑΝΔΡΟΥ
1782 273 2088 332 ΑΠΟΡῙΩΝ
2129 274 2247 331 ΚΑΙ
2289 274 2552 330 ΛΥΣΕΩΝ

664 447 823 533 μένῳ
872 452 993 514 ἐστὶ
1037 456 1113 534 τῇ
1160 454 1389 536 πρώτῃ,
1434 451 1472 533 ἢ
1522 450 1581 513 ἐν
1626 456 1710 534 τῷ
1746 453 1974 531 σώματι
2025 450 2093 513 οὑ
2140 450 2294 517 εἶδός
2332 453 2506 524 ἐστιν,
2554 452 2590 533 ἢ
2637 450 2699 513 ἐν
2744 455 2828 535 τῷ
2872 451 2954 519 εἰς
2997 453 3167 513 τοῦτο

665 554 1081 637 μεταβάλλοντι
1134 556 1381 636 σώματι.
1470 550 1604 615 οὔτε
1652 554 1717 615 δὲ
1771 555 1831 615 ἐν
1885 558 1963 637 τῇ
2019 556 2228 637 πρώτῃ
2286 552 2397 635 ὕλη
2444 551 2566 613 οἷόν
2624 552 2686 615 τέ
2733 576 2784 615 τι
2841 552 2900 615 ἐν
2949 553 3170 616 ὑποκει-
3199 568 3256 611 10

662 652 821 739 μένῳ
869 654 1045 730 εἶναι,
1093 654 1179 718 ὅτι
1226 656 1377 739 μηδὲ
1420 657 1524 738 τὴν
1571 655 1763 739 ἀρχὴν
1810 654 2109 719 ὑπόκειται
2154 658 2192 739 ἡ
2239 656 2476 737 τοιαύτη
2523 655 2632 737 ῦλη
2678 655 2968 737 ἐνεργείᾳ,
3021 656 3174 718 ἀλλὰ

662 756 843 818 δεῖται
890 758 1034 841 πρὸς
1076 758 1142 819 τὸ
1189 756 1335 820 εἶναι
1379 758 1440 819 ἐν
1486 757 1723 841 ὑπάρξει
1768 762 1871 820 τοῦ
1915 756 2111 827 εἴδους
2158 756 2326 840 (οὔτε
2369 757 2477 841 γὰρ
2523 758 2628 840 τὴν
2679 756 2819 839 ὕλην
2866 758 3052 841 χωρὶς
3097 756 3170 819 εἴ·

588 876 618 924 5
658 858 795 927 δους
839 858 960 921 οἷόν
1018 880 1081 921 τε
1139 858 1199 919 ἐν
1256 859 1570 922 ὑποστάσει
1622 860 1769 922 εἶναι
1824 858 1958 923 οὔτε
2011 861 2077 923 τὸ
2123 859 2276 929 εἶδος
2329 858 2465 922 ἄνευ
2521 866 2622 943 τῆς
2669 860 2836 943 ῦλης·
2903 861 3172 941 ἑκάτερον

659 959 767 1042 γὰρ
814 960 1010 1023 αὐτῶν
1064 966 1165 1023 τοῦ
1212 961 1411 1045 ἑτέρου
1470 962 1652 1023 δεῖται
1702 962 1848 1045 πρὸς
1903 964 1970 1025 τὸ
2025 961 2171 1025 εἶναι
2225 961 2481 1045 ἐνεργείᾳ
2535 985 2598 1023 τε
2651 962 2746 1025 καὶ
2799 962 2860 1025 ἐν
2907 961 3169 1044 ὑπάρξει·
3200 976 3254 1018 15

658 1066 752 1125 δεῖ
792 1064 857 1126 δὲ
900 1066 965 1127 τὸ
1012 1065 1073 1127 ἐν
1120 1060 1170 1152 ᾧ
1220 1065 1280 1126 τί
1318 1064 1469 1127 ἐστιν
1526 1067 1607 1131 ὡς
1660 1064 1720 1126 ἐν
1766 1064 2164 1149 ὑποκειμένῳ,
2221 1064 2364 1127 αὐτὸ
2419 1063 2566 1127 εἶναι
2617 1071 2846 1146 πρῶτον
2891 1063 3170 1148 ἐνεργείᾳ,

660 1166 841 1250 μηδὲν
888 1168 1029 1251 πρὸς
1073 1168 1139 1229 τὸ
1183 1165 1328 1229 εἶναι
1376 1165 1407 1228 ὃ
1454 1164 1749 1229 ὑπόκειται
1797 1167 2196 1250 βοηθούμενον
2254 1167 2366 1229 ὑπὸ
2413 1170 2515 1229 τοῦ
2561 1168 2622 1229 ἐν
2669 1166 3034 1251 ὑποκειμένῳ
3083 1164 3168 1228 ὅν-

654 1290 751 1336 τος
797 1268 1011 1352 αὐτῷ),
1059 1267 1179 1331 ἀλλ’
1236 1267 1374 1331 οὐδὲ
1419 1269 1479 1331 ἐν
1526 1266 1577 1353 ᾧ
1626 1269 1747 1332 ἐστι
1792 1271 2023 1349 σώματι
2067 1270 2162 1332 καὶ
2209 1268 2276 1330 οὑ
2323 1267 2479 1337 εἶδός
2523 1268 2706 1343 ἐστιν,
2751 1268 2874 1331 οἷόν
2919 1291 2984 1329 τε
3027 1267 3168 1329 αὐτὸ
3197 1282 3256 1324 2⁰

556 1390 619 1437 10
657 1370 717 1433 ἐν
763 1371 969 1455 ἐκείνῳ
1028 1374 1111 1439 ὥς
1163 1370 1223 1432 ἐν
1268 1370 1635 1454 ὑποκειμένῳ
1688 1370 1854 1433 εἶναι.
1945 1370 2119 1453 μέρος
2172 1372 2280 1455 γάρ
2338 1370 2458 1433 ἐστι
2515 1372 2748 1446 τούτου,
2807 1370 2870 1433 εἶ’
2905 1394 2970 1451 γε
3025 1370 3173 1433 κατὰ

654 1472 809 1537 τοῦτ’
879 1474 1030 1537 ἐστιν
1102 1473 1304 1556 ἐκείνῳ
1364 1473 1430 1535 τὸ
1486 1472 1648 1535 εἶναι.
1748 1472 1879 1535 ἀλλ’
1935 1472 2060 1536 οὐδ’
2117 1474 2176 1535 ἐν
2231 1477 2317 1556 τῷ
2375 1474 2458 1541 εἰς
2523 1478 2692 1535 τοῦτο
2755 1473 3171 1557 μεταβάλλοντι

656 1581 884 1660 σώματι
939 1575 1031 1661 εἴη
1092 1575 1192 1653 ἄν,
1248 1576 1334 1638 ὅτι
1382 1575 1531 1660 μηδέ
1576 1575 1727 1639 ἐστιν
1786 1576 1973 1638 ἐκεῖνο
2019 1575 2124 1659 τὴν
2169 1576 2390 1659 ἀρχήν,
2449 1572 2576 1637 ἀλλ’
2637 1575 2887 1659 ἐφθάρη.
2981 1578 3016 1658 ἢ
3062 1574 3254 1658 γὰρῆ

656 1680 803 1742 κατὰ
857 1679 930 1742 τὰ
988 1678 1117 1763 εἴδη
1170 1684 1287 1741 τῶν
1343 1678 1633 1760 σωμάτων
1691 1679 1986 1762 μεταβολὴ
2041 1680 2256 1761 φθορά.
2360 1677 2527 1740 οὐδὲν
2585 1676 2738 1745 εἶδος
2791 1676 2992 1739 ἔνυλόν
3049 1676 3056 1761 Ι
3113 1702 3166 1740 τι
3213 1686 3280 1742 61

651 1781 753 1843 καί
800 1803 948 1850 τινος
996 1781 1057 1844 ὃν
1105 1780 1227 1843 οἷόν
1281 1802 1345 1842 τε
1400 1779 1548 1841 εἶναι
1599 1780 1658 1841 ἐν
1708 1779 2093 1863 ὑποκειμένῳ.
2183 1779 2237 1841 εἰ
2289 1780 2356 1841 δὲ
2417 1782 2618 1851 τοῦτο,
2672 1777 2827 1847 εἶδος
2881 1780 2946 1841 δὲ
2987 1780 3083 1841 καὶ
3129 1782 3168 1863 ἡ

551 1902 611 1951 15
652 1884 816 1966 ψυχὴ
863 1886 966 1945 τοῦ
1012 1882 1282 1967 ἐμψύχου
1329 1885 1620 1963 σώματος,
1676 1880 1813 1943 οὐδὲ
1869 1881 2016 1963 αὐτὴ
2067 1880 2134 1943 ἄν
2181 1880 2273 1964 εἴη
2321 1881 2381 1943 ἐν
2429 1880 2794 1964 ὑποκειμένῳ
2853 1879 3019 1963 (οὔτε
3062 1882 3170 1964 γὰρ

651 1985 711 2047 ἐν
758 1989 843 2068 τῷ
892 1982 1067 2069 ζῴῳ·
1132 1985 1304 2068 μέρος
1347 1983 1454 2067 γὰρ
1500 1985 1539 2066 ἠ
1596 1985 1758 2068 ψυχὴ
1818 1988 1918 2045 τοῦ
1978 1982 2136 2067 ζῴου
2195 1983 2612 2066 κυριώτατον),
2663 1982 2797 2046 οὔτε
2850 1984 2912 2045 ἐν
2956 1988 3042 2067 τῷ
3089 1986 3172 2053 εἰς
3223 2001 3252 2043 ε

648 2088 715 2149 τὸ
760 2085 1028 2170 ἔμψυχον
1077 2092 1251 2167 σῶμα
1302 2088 1717 2169 μεταβάλλοντι
1761 2088 2010 2167 σώματι.
2099 2090 2226 2153 πῶς
2269 2086 2376 2169 γὰρ
2425 2084 2493 2148 ἂν
2541 2084 2600 2147 ἐν
2649 2090 2733 2169 τῷ
2781 2086 3164 2170 ἐφθαρμένῳ;

648 2189 847 2273 φθορὰ
892 2189 998 2273 γὰρ
1044 2188 1250 2273 ἐκείνῳ
1298 2188 1524 2270 ἐγένετο
1580 2189 1617 2271 ἡ
1664 2188 1746 2256 εἰς
1799 2189 1866 2250 τὸ
1913 2185 2184 2271 ἔμψυχον
2241 2187 2562 2271 μεταβολή.
2654 2186 2806 2255 ὅλως
2858 2210 2920 2251 τε
2965 2189 3169 2251 ἀδύνα-

647 2314 744 2353 τον
790 2290 939 2355 εἶναι
984 2292 1088 2374 τὴν
1133 2292 1328 2375 ψυχὴν
1375 2288 1435 2353 ἔν
1476 2313 1580 2351 τινι
1628 2290 1659 2352 ὃ
1708 2292 1789 2373 μὴ
1836 2291 2036 2375 ψυχὴν
2083 2288 2232 2374 ἔχει.
2302 2290 2334 2351 ὃ
2383 2291 2448 2351 δὲ
2494 2290 2600 2372 τὴν
2645 2290 2838 2373 ἀρχὴν
2886 2292 2967 2373 μὴ
3014 2288 3166 2354 ἔστιν

542 2414 609 2460 20
646 2390 709 2455 ’ἔν
753 2418 889 2467 τινι,
947 2392 1070 2456 οὐδ’
1128 2392 1197 2457 ἂν
1244 2394 1303 2455 ἐν
1350 2393 1718 2476 ὑποκειμένῳ
1765 2392 1926 2475 αὐτῷ
1975 2390 2088 2475 εἴη.
2179 2393 2232 2454 εἰ
2276 2393 2342 2454 δὲ
2389 2393 2447 2453 ἐν
2499 2392 2601 2474 μὲν
2649 2386 2700 2475 ᾧ
2751 2392 2872 2455 ἐστι
2917 2395 3164 2473 σώματι,
3196 2411 3250 2452 ιο

644 2494 802 2564 εἶδός
846 2496 999 2558 ἐστιν
1046 2495 1271 2557 ἐκείνου
1331 2495 1425 2558 καὶ
1472 2495 1674 2578 μέρος,
1732 2494 1791 2556 ἐν
1839 2491 1890 2578 ᾧ
1947 2494 2012 2556 δὲ
2069 2496 2150 2578 μὴ
2199 2493 2320 2558 ἔστι
2374 2495 2478 2576 τὴν
2537 2496 2758 2578 ἀρχήν,
2811 2493 2935 2558 οὐδ’
2991 2496 3062 2558 ἂν
3107 2498 3167 2560 ἐν

646 2598 1017 2683 ὑποκειμένῳ
1064 2597 1227 2683 αὐτῷ
1274 2596 1388 2680 εἴη,
1434 2597 1541 2660 οὐκ
1586 2596 1654 2660 ἂν
1701 2600 1739 2681 ἡ
1789 2598 1957 2681 ψυχὴ
2007 2597 2066 2660 ἐν
2116 2598 2486 2681 ὑποκειμένῳ
2532 2598 2638 2659 τινὶ
2683 2597 2798 2681 εἴη.

644 2819 907 2926 XVssIJ
958 2857 1115 2927 “On
1164 2862 1254 2945 μὴ
1303 2862 1451 2925 οἷόν
1482 2885 1553 2924 τε
1584 2863 1698 2924 τὸν
1744 2861 2009 2946 κόσμον
2053 2862 2416 2946 ἄφθαρτον
2463 2860 2646 2924 εἶναι
2691 2861 2803 2925 διὰ
2844 2862 2963 2943 τὴν
3009 2864 3162 2948 βοὺ-
3192 2881 3244 2922 15

940 2969 1141 3048 λησιν
1191 2970 1311 3027 τοῦ
1358 2966 1555 3043 θεοῦ,
1614 2967 1677 3027 εἰ
1722 2964 1831 3049 εἴη
1878 2967 2195 3049 φθαρτὸς
2239 2970 2322 3049 τῇ
2369 2966 2585 3053 αὑτοῦ
2631 2964 2857 3048 φύσει.

534 3155 599 3205 25
808 3134 892 3199 Τὸ
940 3137 1179 3198 δυνατὸν
1226 3135 1263 3218 ἢ
1311 3134 1456 3197 εἶναι
1506 3135 1543 3217 ἢ
1588 3136 1866 3217 γενέσθαι
1913 3136 2008 3199 ἐπὶ
2051 3135 2272 3199 τούτων
2319 3140 2726 3218 κατηγορεῖται
2770 3134 3017 3217 κυρίως,
3063 3136 3157 3199 ἐπὶ

638 3246 755 3302 τῶν
802 3238 1205 3324 ἐνδεχομένων
1260 3238 1356 3301 καὶ
1403 3239 1485 3320 μὴ
1534 3238 1678 3302 εἶναι
1732 3240 1828 3302 καὶ
1885 3240 1966 3322 μὴ
2021 3239 2291 3321 γενέσθαι
2346 3242 2526 3300 ταῦτα
2582 3237 2620 3299 ἃ
2663 3236 2892 3321 λέγεται
2945 3240 3157 3303 δυνατὰ
3183 3256 3242 3298 2⁰

638 3342 784 3405 εἶναι
838 3342 875 3424 ἢ
934 3341 1223 3423 γενέσθαι.
1317 3339 1558 3422 λέγομεν
1613 3346 1749 3421 γοῦν
1804 3344 2044 3405 δυνατὸν
2100 3341 2247 3405 εἶναι
2294 3341 2415 3403 οἷόν
2473 3364 2536 3403 τε
2590 3340 2734 3403 εἶναι
2787 3341 2828 3424 ἢ
2883 3341 3157 3423 γενέσθαι

640 3444 946 3507 ἀκώλυτον
994 3441 1076 3505 ὅν.
1147 3443 1215 3506 οὐ
1260 3442 1370 3525 γὰρ
1415 3447 1501 3526 τῷ
1537 3444 1767 3513 πάντως
1810 3444 2084 3526 γενέσθαι
2129 3446 2302 3526 ἢτοῦ
2347 3445 2595 3506 δυνατοῦ
2639 3444 2838 3526 κρίσις,
2885 3444 3039 3508 ἀλλὰ
3067 3450 3152 3530 τῷ

638 3546 721 3627 μὴ
768 3545 1141 3608 κεκωλῦσθαι
1195 3544 1468 3627 γενέσθαι
1512 3545 1673 3609 αὐτό.
1765 3548 2008 3609 δυνατὸν
2065 3546 2174 3630 γὰρ
2229 3546 2398 3610 οὐδὲν
2457 3546 2627 3629 ἧττον
2684 3546 2750 3608 τὸ
2808 3548 2890 3630 μὴ
2937 3548 3155 3612 κωλυό-
3182 3565 3238 3609 85

530 3669 598 3715 3ο
640 3670 808 3732 μενον
855 3645 968 3710 ὑπό
1014 3669 1166 3716 τινος
1196 3645 1609 3733 περιΙστάσεως
1654 3648 1924 3731 γενέσθαι
1963 3651 2108 3733 πρὸς
2154 3648 2186 3711 ὃ
2232 3650 2335 3731 τὴν
2368 3650 2806 3732 ἐπιτηδειότητα
2851 3646 3001 3734 ἔχει,
3048 3651 3154 3715 κᾶν
3193 3660 3263 3717 62

638 3750 720 3834 μὴ
766 3750 1018 3833 γένηται.
1106 3752 1345 3819 δυνατὸς
1387 3752 1496 3835 γὰρ
1542 3750 1694 3813 Δίων
1739 3754 2138 3835 γραμματικὸς
2183 3751 2476 3833 γενέσθαι,
2527 3750 2647 3815 ἔστ’
2690 3751 2758 3815 ἂν
2803 3748 2871 3836 ᾖ,
2917 3752 3026 3817 κᾶν
3073 3757 3152 3839 μὴ

632 3853 889 3937 γένηται,
933 3853 987 3914 εἰ
1034 3853 1114 3937 μὴ
1160 3852 1255 3936 εἴη
1301 3855 1366 3915 τὸ
1414 3853 1696 3916 δύνασθαι
1742 3854 2015 3937 γενέσθαι
2058 3858 2456 3939 γραμματικὸν
2503 3855 2677 3919 αὐτὸν
2725 3855 3148 3937 κεκωλυμένον.

529 4164 549 4214 1
597 4179 672 4231 pr.
711 4160 769 4231 ἢ]
806 4161 921 4232 ἤτοι
956 4180 989 4213 a
1191 4160 1221 4213 7
1260 4159 1383 4213 αὑτὸ
1424 4160 1709 4213 v¹GFSLa
1752 4160 1865 4227 Sp.:
1925 4160 2066 4213 αὑτῶ
2108 4161 2221 4214 v²B
2429 4164 2462 4215 8
2499 4162 2654 4233 μηδὲν
2700 4162 2866 4217 B²S²a
2909 4164 3024 4233 Sp.:
3081 4164 3258 4236 μηδενὶ

524 4252 755 4305 VB¹S¹L
932 4247 1081 4299 62v1
1116 4248 1267 4315 (corr.
1300 4246 1394 4313 Ψ)
1562 4248 1592 4299 9
1632 4243 1739 4299 ἀλλ’
1772 4246 1887 4299 οὑδὲ
1923 4248 1976 4300 ἐν
2013 4246 2056 4317 ᾦ
2091 4249 2195 4301 ἐστι
2233 4248 2429 4317 σώματι
2466 4251 2554 4300 καὶ
2590 4249 2648 4301 οὑ
2687 4250 2812 4307 εἶδός
2847 4251 2980 4304 ἐστιν
3006 4251 3079 4304 13²
3113 4256 3256 4322 (post

524 4339 679 4391 verba
704 4354 779 4408 γρ.
806 4334 992 4400 οὕτως)
1019 4334 1114 4389 S²a
1150 4334 1263 4400 Sp.:
1300 4330 1411 4387 ἀλλ’
1449 4330 1531 4403 ὑφ’
1560 4334 1611 4386 ἔν
1651 4336 1753 4387 ἐστι
1791 4336 1879 4387 καὶ
1915 4333 1975 4387 οὑ
2013 4334 2144 4393 εἶδὸς
2181 4336 2314 4388 ἐστιν
2341 4337 2664 4390 VB¹FGS¹I>
2841 4338 2929 4390 καὶ
2965 4338 3064 4391 del.
3093 4338 3182 4407 Sp.

530 4426 585 4477 ll
630 4424 774 4477 οὐδὲν
813 4424 885 4476 V¹
923 4424 1078 4490 (corr.
1116 4420 1213 4489 V²)
1431 4421 1494 4474 13
1540 4420 1684 4473 οὐδὲν
1724 4423 2023 4476 v¹GFS¹L2
2063 4421 2207 4475 οὐδὲν
2244 4421 2296 4474 δὲ
2335 4420 2508 4474 V²B⁹t
2547 4422 2691 4476 οὐδὲν
2729 4424 2828 4495 ἄρα
2865 4424 2962 4479 S²a
2998 4425 3088 4493 Sp.

520 4512 593 4576 τι]
632 4530 685 4563 τε
723 4510 795 4564 B²
1014 4510 1077 4562 14
1115 4509 1303 4563 οἴονται
1338 4512 1409 4563 V¹
1449 4510 1604 4577 (corr.
1643 4509 1738 4577 Ψ)
1953 4529 2008 4563 τε
2047 4513 2261 4563 GFSLa
2296 4510 2414 4577 Sp.:
2452 4510 2505 4561 δὲ
2533 4514 2624 4562 VB
2666 4512 2800 4563 Vict.
3025 4512 3085 4565 15
3122 4510 3250 4582 αὑτὴ

520 4603 601 4651 La
636 4600 752 4666 Sp.:
790 4616 919 4669 αυτη
962 4602 1023 4649 V:
1064 4596 1191 4668 αὕτη
1230 4601 1291 4651 S:
1340 4596 1467 4665 αὐτῆ
1510 4600 1551 4648 F
1765 4599 1860 4667 γὰρ
1900 4614 1997 4649 om.
2037 4618 2092 4649 a:
2148 4597 2368 4649 fortasse
2407 4596 2520 4648 οὐδὲ
2558 4599 2650 4668 γὰρ
2865 4598 2933 4650 24
2987 4600 3032 4651 εἰ
3067 4599 3166 4668 εἴη]
3215 4598 3250 4668 ἣ

522 4686 566 4738 εἰ
600 4704 632 4737 a
842 4684 1000 4737 αὑτοῦ
1039 4688 1162 4738 VB:
1202 4686 1383 4737 ἑαυτοῦ
1418 4686 1535 4736 FSa
1570 4683 1660 4751 Sp.
1702 4688 1753 4736 et
1790 4686 1972 4738 tabula
2203 4684 2269 4736 25
2307 4684 2516 4736 δυνατον
2554 4687 2630 4737 sic
2656 4687 2701 4734 V
2741 4684 2862 4752 (sub
2902 4704 2929 4738 ο
2969 4686 3144 4751 litura)

521 4772 588 4825 27
627 4772 731 4825 οἶόν
769 4776 891 4825 VB:
930 4772 987 4825 τὸ
1035 4772 1139 4825 οἷον
1176 4774 1387 4825 FGSLa
1415 4771 1529 4839 Sp.:
1570 4770 1596 4823 δ
1634 4770 1736 4823 οἷόν
1778 4773 1910 4825 Vict.
2091 4773 2196 4824 οἶόν
2242 4790 2297 4823 τε
2343 4773 2464 4823 εἶναι
2511 4772 2609 4824 dol.
2651 4770 2724 4825 Β2
2901 4773 2968 4826 28
3014 4772 3074 4825 τὸ
3111 4772 3250 4825 ἀκώ-

526 4856 675 4913 λυτον
714 4859 933 4915 v²BS²a
968 4861 1055 4929 Sp.
1268 4859 1339 4913 30
1374 4858 1469 4912 ὑπό
1507 4860 1563 4912 in
1604 4858 1679 4911 lit.
1720 4863 1767 4911 V
1981 4860 2048 4914 32
2087 4858 2190 4931 εἴη]
2231 4878 2264 4931 η
2303 4876 2344 4912 ε.
2373 4876 2420 4911 ν.
2462 4863 2509 4911 V
