3684 5567
600 246 718 309 158
1048 239 1375 313 [ΑΙΙΟΡΙΩΝ
1417 240 1536 296 ΚΑΙ
1575 240 1839 298 ΛΥΣΕΩΝ
1883 240 2162 298 ΒΙΒΛΙΟΝ
2209 239 2580 315 ἸῈΤΑΡΊὈΝ
2627 242 2850 313 18-19]

703 417 919 497 ὁμοίων
972 416 1165 481 οὐσῶν
1221 419 1500 503 ἀλλήλαις
1556 416 1798 486 εἰκότως
1850 419 1889 500 ἡ
1945 417 2124 502 ἀρετὴ
2173 416 2526 501 συνωνύμως
2578 420 3005 500 κατηγορεῖται·
3073 415 3203 479 ταύ-

700 543 801 589 τας
842 520 951 604 γὰρ
996 522 1091 584 καὶ
1136 522 1350 606 κυρίως
1394 522 1605 605 ἀρετάς
1650 542 1859 604 φαμεν.

698 729 924 797 ΧΧΙΧ.
1001 730 1257 817 Ἀλλης
1300 732 1555 802 λέξεως
1600 731 1930 816 ἐξήγησις
1975 731 2051 795 ἐκ
2095 736 2211 795 τοῦ
2257 733 2489 816 τρίτου
2534 737 2664 795 τῶν
2699 729 3197 815 Νικομαχείων
3229 743 3285 787 ιο

692 832 990 898 Ἠθικῶν
1029 832 1592 919 Ἀριστοτέλους,
1646 833 1728 898 δι’
1782 834 1864 919 ἧς
1910 834 2286 910 δείκνυται,
2343 834 2445 898 ὅτι
2492 837 2603 899 καὶ
2657 837 2724 898 αἱ
2772 834 3006 898 κακίαι
3049 838 3203 901 ταῖς

630 956 661 1005 5
1458 938 1743 1023 ἀρεταῖς
1788 937 2050 1019 ὁμοίως
2094 936 2198 1021 ἐφ’
2254 939 2440 1021 ἡμῖν.

858 1106 995 1173 “El
1038 1110 1111 1173 δέ
1156 1133 1255 1179 τις
1284 1110 1480 1193 λέγοι
1525 1108 1629 1173 ὅτι
1662 1111 1912 1178 πάντες
1945 1109 2260 1192 ἐφίενται
2291 1112 2410 1173 τοῦ
2441 1108 2867 1194 φαινομένου
2901 1106 3200 1190 ἀγαθοῦ,

701 1217 824 1297 τῆς
878 1214 950 1275 δὲ
994 1214 1378 1297 φαντασίας
1431 1212 1507 1277 οὐ
1562 1212 1820 1298 κύριοι,
1881 1211 2016 1274 ἀλλ’
2073 1211 2220 1281 οἶός
2267 1208 2423 1275 ποθ’
2481 1211 2776 1278 ἕκαστός
2825 1210 3005 1284 ἐστι,
3067 1231 3201 1270 τοι·
3231 1224 3282 1265 15

702 1319 903 1377 οῦτον
948 1318 1062 1379 καὶ
1106 1318 1181 1380 τὸ
1214 1316 1408 1386 τέλος
1453 1318 1770 1401 φαίνεται
1798 1316 2020 1402 αὐτῷ·
2079 1316 2140 1378 εἰ
2187 1315 2306 1397 μὲν
2355 1312 2469 1377 οὖν
2501 1314 2796 1383 ἕκαστος
2839 1318 2960 1396 τῆς
2989 1311 3200 1382 ἕξεως

702 1417 887 1501 αὑτῷ
935 1418 1085 1481 ἐστί
1128 1443 1271 1488 πως
1314 1417 1565 1494 αἴτιος,
1624 1419 1737 1481 καὶ
1792 1424 1916 1501 τῆς
1967 1418 2352 1503 φαντασίας
2404 1415 2602 1481 ἔσται
2655 1440 2800 1485 πως
2843 1416 3054 1485 αὐτὸς
3095 1413 3196 1479 αἴ-

599 1538 661 1584 10
698 1541 866 1591 τιος,
932 1521 994 1583 εἰ
1060 1522 1131 1584 δὲ
1198 1523 1444 1605 μηδεὶς
1508 1522 1693 1606 αύτῷ
1765 1520 1990 1589 αἴτιος
2056 1525 2174 1584 τοῦ
2241 1520 2422 1584 κακὰ
2487 1524 2747 1595 ποιεῖν,
2815 1516 2948 1582 ἀλλ’
3013 1516 3288 1609 ἤθιὨο

700 1620 986 1703 ἄγνοιαν
1031 1628 1151 1686 τοῦ
1196 1625 1441 1693 τέλους
1501 1629 1721 1687 ταῦτα
1774 1626 2094 1708 πράττει,
2157 1623 2268 1687 διὰ
2326 1624 2589 1687 τούτων
2637 1621 2966 1704 οἰόμενος
3009 1622 3198 1705 αὑτῷ

698 1725 772 1787 τὸ
817 1722 1103 1810 ἄριστον
1149 1725 1455 1792 ἔσεσθαι.
1536 1730 1573 1811 ἡ
1620 1729 1693 1791 δὲ
1737 1726 1745 1815 Ι
1793 1733 1912 1791 τοῦ
1959 1727 2206 1796 τέλους
2249 1725 2486 1811 ἔφεσις
2532 1727 2657 1790 ούκ
2699 1726 3154 1811 αὐθαίρετος,
3200 1732 3312 1789 3θ4

700 1827 875 1890 ἀλλὰ
922 1833 1125 1913 φῦναι
1170 1832 1280 1895 δεῖ
1320 1832 1549 1914 ὥσπερ
1598 1830 1750 1917 ὄψιν
1797 1830 2084 1917 ἔχοντα,
2136 1826 2180 1915 ἧ
2230 1835 2453 1914 κρινεῖ
2495 1833 2724 1899 καλῶς
2768 1831 2882 1893 καὶ
2923 1830 2998 1892 τὸ
3045 1826 3191 1892 κατ’

700 1931 1046 2016 ἀλήθειαν
1092 1934 1360 2017 ἀγαθὸν
1413 1936 1821 2020 αἱρήσεται,
1885 1936 2002 1999 καὶ
2056 1932 2250 1998 ἔστιν
2303 1934 2570 2019 εὐφυὴς
2623 1930 2676 2021 ᾦ
2725 1938 2929 1996 τοῦτο
2975 1936 3205 2001 καλῶς

602 2052 660 2101 15
698 2033 1039 2118 πέφυκεν·
1088 2037 1158 2097 τὸ
1202 2036 1329 2122 γὰρ
1377 2038 1703 2120 μέγιστον
1751 2040 1864 2102 καὶ
1909 2038 2323 2112 κάλλιστον,
2369 2038 2486 2100 καὶ
2531 2036 2563 2099 ὃ
2609 2035 2759 2120 παρ’
2803 2035 3064 2120 ἑτέρων
3111 2036 3199 2119 μὴ
3257 2050 3286 2093 ὅ

702 2138 847 2201 οἷόν
904 2162 973 2201 τε
1024 2140 1266 2223 λαβεῖν
1329 2142 1510 2224 μηδὲ
1564 2142 1860 2224 μαθεῖν,
1921 2138 2059 2203 ἀλλ’
2115 2141 2268 2203 οἷον
2325 2138 2452 2223 ἔφυ
2496 2143 2819 2203 τοιοῦτον
2865 2138 3033 2214 ἕξει,
3091 2142 3204 2203 καὶ

700 2236 774 2302 εὖ
833 2241 947 2303 καὶ
1004 2244 1231 2309 καλῶς
1289 2247 1491 2307 τοῦτο
1552 2243 1948 2329 πεφυκέναι
2010 2244 2049 2325 ἡ
2115 2244 2350 2307 τελεία
2409 2244 2521 2305 καὶ
2583 2243 2891 2327 ἀληθινὴ
2949 2240 3060 2324 εἴη
3121 2240 3198 2304 ἂν

698 2342 1009 2426 εὐφυΐα.”

852 2444 927 2509 Ἢ
986 2448 1051 2509 τὸ
1106 2448 1211 2530 μὲν
1265 2448 1478 2517 πάντας
1530 2448 1799 2532 ἐφίεσθαι
1861 2452 1962 2512 τοῦ
2021 2447 2371 2533 φαινομένου
2429 2448 2622 2518 αὐτοῖς
2681 2448 2908 2529 ἀγαθοῦ
2961 2446 3201 2529 ἀληθές,
3229 2463 3288 2505 ιο

596 2570 663 2616 20
700 2548 804 2613 οὐκ
849 2550 1070 2636 ἀληθὲς
1112 2552 1176 2613 δὲ
1228 2551 1294 2613 τὸ
1338 2556 1443 2635 τῆς
1496 2553 1810 2634 φαντασίας
1868 2553 1948 2635 μὴ
2009 2552 2238 2635 κυρίους
2289 2552 2449 2633 ἡμᾶς
2501 2574 2626 2621 πως
2679 2550 2842 2615 εἶναι.
2933 2550 3052 2618 οἷος
3096 2551 3199 2634 μὲν

699 2656 807 2739 γάρ
852 2675 991 2716 ποτε
1037 2654 1280 2721 ἕκαστός
1310 2652 1453 2729 ἐστι,
1498 2659 1755 2717 τοιοῦτον
1800 2654 1962 2739 αὐτῷ
1996 2654 2093 2717 καὶ
2136 2654 2202 2716 τὸ
2233 2653 2396 2722 τέλος
2440 2654 2720 2737 φαίνεται,
2763 2659 2870 2736 τῆς
2913 2654 2978 2716 δὲ
3007 2652 3200 2729 ἕξεως,

699 2754 833 2820 καθ’
876 2756 945 2839 ἣν
993 2756 1231 2824 ἕκαστος
1274 2757 1445 2838 ἡμῶν
1492 2756 1614 2819 ἐστι
1660 2762 1935 2834 τοιοῦτος,
1983 2758 2176 2825 αὑτοῖς
2219 2757 2393 2841 ἐσμεν
2440 2756 2732 2836 συναίτιοι,
2774 2755 2937 2838 εἴγε
2981 2758 3048 2821 ἐκ
3095 2759 3198 2839 μὲν
3227 2773 3283 2816 15

696 2865 810 2922 τῶν
856 2860 1156 2943 ἐνεργειῶν
1203 2859 1261 2920 αἱ
1306 2858 1468 2933 ἕξεις,
1514 2858 1609 2942 ἐφ’
1648 2860 1787 2942 ἡμῖν
1835 2860 1901 2923 δὲ
1944 2860 2004 2922 αἱ
2051 2859 2348 2944 ἐνέργειαι.
2438 2861 2490 2923 εἰ
2533 2857 2640 2944 γὰρ
2693 2860 2962 2923 ἀκούσιον
3006 2861 3052 2944 †
3094 2863 3198 2945 μὲν

698 2962 764 3025 τό
808 2986 871 3025 τε
926 2962 1020 3046 βίᾳ
1063 2962 1158 3025 καὶ
1199 2962 1265 3023 τὸ
1320 2962 1414 3023 διὰ
1467 2962 1571 3045 τὴν
1627 2968 1741 3024 τῶν
1787 2959 1922 3025 καθ’
1979 2962 2195 3025 ἕκαστα
2250 2961 2480 3043 ἄγνοιαν
2535 2960 2830 3045 γινόμενον
2883 2961 3196 3044 (δέδεικται

596 3084 660 3133 25
698 3065 805 3149 γὰρ
852 3064 939 3127 ὅτι
984 3062 1073 3149 (ἃ)
1118 3065 1453 3145 ἀγνοοῦντες
1503 3064 1846 3149 πράττουσίν
1901 3087 1962 3127 τε
2016 3065 2113 3128 καὶ
2167 3064 2590 3147 ἁμαρτάνουσιν
2639 3068 2718 3134 ὥς
2763 3066 2991 3147 ἀγνοίας
3036 3065 3197 3130 αὐτοὶ
3223 3084 3284 3125 2⁰

700 3167 900 3243 α’ίτιοι,
958 3170 1139 3229 ταῦτα
1181 3164 1316 3229 οὔτε
1361 3167 1603 3230 ἀκούσια
1650 3166 1783 3229 οὔτε
1826 3168 1932 3249 τὴν
1978 3167 2170 3252 ἀρχὴν
2217 3165 2288 3229 δι’
2345 3166 2575 3249 ἄγνοιαν
2619 3168 2862 3251 γίνεται·
2929 3167 3022 3231 διὰ
3065 3169 3192 3233 ταύ-

701 3294 801 3353 την
848 3274 983 3351 γοῦν
1029 3270 1132 3351 τὴν
1178 3268 1359 3332 αἰτίαν
1406 3269 1542 3333 οὐδὲ
1588 3270 1656 3333 τὰ
1702 3269 1861 3353 παρὰ
1905 3270 2005 3338 τὰς
2052 3269 2236 3352 μέθας
2283 3268 2726 3354 ἁμαρτανόμενα
2771 3272 3038 3349 ἀκούσια,
3084 3274 3203 3337 καί·

702 3395 787 3434 τοι
851 3372 963 3435 ὑπὸ
1026 3371 1381 3453 ἀγνοούντων
1442 3372 1678 3453 γίνεται,
1742 3370 1863 3435 ἀλλ’
1925 3371 2054 3435 ἐπεὶ
2115 3372 2312 3440 αὑτοῖς
2373 3373 2427 3435 οἱ
2491 3373 2804 3455 μεθύοντες
2865 3373 3036 3437 αἴτιοι
3094 3380 3202 3460 τῆς
3227 3391 3282 3433 25

700 3476 931 3557 ἀγνοίας
958 3479 1063 3557 τῆς
1093 3474 1249 3559 παρὰ
1287 3476 1388 3558 τὴν
1409 3474 1631 3557 μέθην,
1678 3475 1785 3539 οὐκ
1823 3476 1883 3538 ἐν
1920 3474 1927 3559 Ι
1962 3480 2078 3544 τοῖς
2120 3475 2408 3543 ἀκουσίοις
2438 3475 2927 3558 ἁμαρτανομένοις
2971 3480 3152 3541 ταῦτα
3193 3485 3303 3543 305

598 3600 665 3649 30
701 3578 947 3641 τίθεται·
998 3577 1279 3645 Πιττακὸς
1320 3581 1455 3659 γοῦν
1502 3578 1533 3640 ὁ
1567 3574 1960 3661 Μιτυληναῖος
2004 3580 2178 3641 διπλᾶ
2209 3577 2466 3659 ἐπιτίμια
2495 3578 2701 3661 ὥρισεν
2747 3583 2862 3641 τῶν
2893 3580 3051 3664 παρὰ
3095 3584 3199 3665 τὴν

595 3802 628 3855 3
662 3803 719 3855 ἐκ
756 3805 845 3854 τοῦ
870 3798 1060 3872 τρίτου]
1100 3799 1215 3851 Eth.
1242 3798 1355 3851 Nic.
1384 3798 1473 3863 ΙΙΙ,
1499 3799 1550 3850 ’1.
1592 3798 1839 3852 1114231
2009 3800 2039 3853 6
2080 3806 2198 3867 post
2235 3800 2533 3869 φαινομένου
2570 3800 2687 3852 add.
2724 3798 2894 3859 αὐτοῖς
2930 3801 3005 3855 V²
3039 3802 3096 3856 in
3133 3818 3234 3873 mg.

596 3889 627 3941 7
666 3896 783 3959 post
819 3888 979 3958 κύριοι
1012 3886 1129 3939 add.
1156 3884 1462 3958 ὑπάρχουσιν
1493 3886 1627 3941 vict.
1796 3886 1966 3945 ὁποῖος
2003 3890 2162 3941 Arist.
2329 3885 2379 3938 7.
2405 3886 2439 3939 8
2475 3891 2671 3940 τοιοῦτο
2700 3905 2732 3939 a
2754 3890 2844 3957 Sp.
3021 3890 3070 3943 8.
3099 3890 3130 3943 9
3166 3890 3310 3962 αὑτῷ

595 3983 686 4048 τῆς
721 3978 761 4031 ἔ.
796 3978 957 4029 Arist.
1158 3978 1247 4043 τῆς
1285 3989 1326 4025 s.
1356 3991 1399 4025 v.
1431 3978 1475 4025 V
1658 3973 1723 4026 10
1772 3974 1966 4045 μηδεὶς]
2007 3975 2094 4044 μή,
2143 3973 2307 4031 οὐθεὶς
2337 3977 2494 4027 Arist.
2531 3976 2672 4046 vulg.
2851 3975 2991 4046 αύτῷ
3019 3978 3152 4030 vict.
3187 3980 3304 4046 Sp.:

596 4065 737 4135 αὐτῷ
775 4068 835 4115 V:
873 4062 1029 4116 αὑτοῦ
1065 4065 1287 4115 SFMLa
1463 4060 1591 4115 ἀλλὰ
1626 4061 1697 4113 δι’
1736 4063 1894 4114 Arist.
2079 4064 2134 4114 11
2177 4062 2372 4128 τέλους]
2409 4079 2566 4131 supra
2603 4082 2626 4122 ς
2663 4063 2740 4116 lit.
2768 4068 2817 4113 V
2982 4064 3044 4117 12
3082 4064 3306 4136 ἔσεσθαι]

596 4168 651 4204 eo
688 4168 729 4203 S.
756 4167 802 4201 v.
827 4153 874 4201 V
1056 4150 1119 4203 13
1157 4146 1189 4224 ᾖ
1230 4156 1389 4221 κρινεῖ
1410 4149 1480 4202 13²
1506 4150 1693 4201 Arist:
1738 4168 1771 4219 η
1809 4166 1964 4221 κρινει
2001 4148 2027 4202 ὁ
2057 4150 2143 4202 V¹:
2187 4150 2220 4218 ἢ
2259 4158 2416 4218 κρινεῖ
2443 4148 2613 4202 v²13²z
2651 4148 2684 4221 ἦ
2723 4151 2766 4203 εἰ
2805 4150 2906 4220 (ήει
2932 4154 2978 4205 G
3013 4148 3046 4223 ᾖ
3084 4152 3128 4206 εἰ
3167 4154 3307 4207 Vict.

596 4240 629 4309 ἡ
670 4239 711 4291 εἰ
747 4238 834 4303 L):
872 4236 1027 4307 κρίνει
1066 4239 1301 4291 GMLSF
1337 4238 1473 4289 vict.
1512 4256 1567 4288 a:
1614 4235 1647 4307 ἢ
1685 4236 1837 4307 κρίνει
1875 4239 1963 4303 Sp.
2151 4238 2212 4289 14
2249 4234 2316 4307 ᾧ]
2357 4236 2428 4294 ὡς
2464 4254 2496 4287 a
2671 4236 2843 4306 τοῦτο]
2879 4244 2970 4291 τοῦ
3007 4256 3048 4293 s.
3075 4256 3122 4291 v.
3151 4245 3199 4294 V

605 4326 663 4378 15
702 4326 870 4395 ἑτέρου
910 4327 1067 4377 Arist.
1210 4325 1296 4377 καὶ
1332 4324 1391 4377 τό
1430 4324 1588 4377 Arist.
1739 4324 1797 4375 17
1838 4326 1925 4376 καὶ
1961 4327 2081 4393 (pr.)
2109 4328 2230 4377 VB:
2269 4326 2354 4377 καὶ
2391 4324 2448 4377 τὸ
2485 4326 2620 4377 Vict.
2659 4326 2749 4393 Sp.
2787 4342 2852 4379 ex
2890 4328 3074 4381 Arista
3125 4328 3210 4381 καὶ
3246 4326 3305 4381 τὸ

598 4430 695 4468 om.
732 4416 954 4466 SFMLa
1134 4414 1195 4465 19
1232 4414 1395 4465 πάντα
1431 4430 1463 4463 a
1498 4414 1587 4479 Sp.
1766 4411 1833 4463 22
1872 4410 2042 4464 αὐτυῖσ
2080 4416 2128 4465 V
2305 4410 2372 4464 23
2409 4407 2494 4481 ἐφ’
2533 4412 2652 4481 ἡμῖν
2689 4414 2802 4467 coll.
2845 4418 2963 4482 post
2997 4414 3232 4485 ἐνέργειαι
3267 4432 3304 4468 a

596 4504 687 4568 Sp.
868 4500 920 4553 αἱ
954 4498 1007 4552 δὲ
1045 4518 1077 4551 a
1112 4502 1198 4567 Sp.
1365 4498 1479 4569 μὲν]
1520 4515 1617 4551 om.
1658 4519 1687 4550 a
1725 4502 1839 4566 Sp.:
1891 4499 2106 4551 fortasse
2152 4498 2368 4565 μόνον,
2415 4500 2518 4551 nisi
2557 4500 2862 4553 exciderunt
2899 4502 3152 4555 nonnulla
3187 4506 3308 4571 post

596 4588 849 4657 γινόμενον
888 4586 995 4651 (24)
1174 4586 1241 4637 24
1290 4585 1373 4655 βία
1410 4590 1457 4637 V
1636 4586 1695 4639 τὸ
1734 4584 1813 4639 διὰ
1855 4584 1997 4637 v²13=
2037 4584 2116 4637 διὰ
2152 4584 2212 4639 τὸ
2247 4586 2344 4637 V¹:
2385 4585 2465 4638 διὰ
2501 4588 2619 4639 SFa
2653 4590 2742 4654 Sp.
2905 4588 3039 4642 S²B²
3074 4589 3132 4641 in
3170 4604 3302 4658 mg.:

595 4674 715 4734 ἴσως
759 4672 921 4733 οὕτως
968 4674 1153 4743 ὀφείλει
1196 4672 1377 4743 λέγεινε
1429 4674 1486 4727 τὸ
1523 4674 1617 4746 γὰρ
1654 4670 1724 4726 δι’
1764 4672 1991 4727 ἑκούσιον
2037 4674 2238 4744 ἄγνοιαν
2285 4673 2344 4726 ού
2383 4673 2465 4745 βίᾳ
2511 4672 2626 4725 οὐδὲ
2662 4672 2898 4727 ἀκούσιον
3111 4676 3179 4729 25
3227 4676 3306 4741 (ἃ)

594 4766 885 4833 ἀγνοοῦντες
928 4762 1138 4831 scripsit
1176 4762 1469 4831 ἀγνοοῦντες
1498 4762 1575 4826 (ἃ)
1602 4763 1739 4816 Vict.
1919 4760 1985 4813 27
2024 4762 2136 4833 περὶ
2172 4780 2205 4813 a
2239 4762 2328 4832 Sp.
2523 4760 2590 4813 28
2629 4762 2736 4815 ἐπεὶ
2775 4778 2902 4816 corr.
2940 4780 3005 4817 ex
3045 4764 3124 4817 ἐπὶ
3161 4764 3230 4816 V¹

598 4852 771 4905 αύτοῖσ
812 4852 876 4903 V¹
1069 4850 1135 4901 29
1174 4851 1329 4921 παρὰ]
1366 4850 1477 4921 περὶ
1514 4852 1651 4903 coni.
1689 4853 1777 4917 Sp.
