3684 5567
507 266 629 331 126
997 261 1329 333 [ΑΠΟΡΙΩΝ
1368 262 1489 318 ΚΑΙ
1529 261 1795 317 ΛΥΣΕΩΝ
1836 259 2124 317 ΒΙΒΛῙΟΝ
2165 260 2538 317 ἹῈἸἈΡΤΟΝ
2573 261 2734 332 5—7]

608 437 932 520 φθείρουσα
978 438 1083 521 τὴν
1128 437 1224 499 ἐπὶ
1276 440 1396 506 τοῖς
1439 436 1589 500 κατὰ
1639 436 1807 520 φύσιν
1855 437 2071 519 ἡδονὴν
2125 432 2304 498 οὖσαν
2350 434 2601 516 ἀγαθὸν,
2657 434 2878 516 ὁμοίως
2920 438 2997 517 τῇ
3043 436 3123 497 οἰ·

610 539 737 622 κείᾳ
781 540 959 623 λύπη,
1003 538 1096 623 εἴη
1131 537 1199 601 ἄν
1232 539 1327 603 καὶ
1360 539 1507 622 αὐτὴ
1556 537 1733 601 κακόν
1764 536 1811 618 †
1845 541 1927 605 ὥς
1973 538 2267 622 ὑπερβολὴ
2312 536 2424 621 γὰρ
2467 536 2533 598 τὸ
2579 534 2674 619 ἐφ’
2717 536 2805 605 οἷς
2836 538 2987 621 μηδὲ
3031 560 3118 619 γε·

608 639 881 723 νόμενον,
930 644 1009 710 ὣς
1052 640 1197 704 εἶναι
1241 646 1433 704 πᾶσαν
1482 642 1585 724 μὲν
1631 641 1817 723 λύπην
1863 638 2074 715 κακόν,
2127 645 2242 702 τῶν
2289 639 2344 703 δ’
2399 640 2628 722 ἡδονῶν
2671 637 2772 707 τὰς
2821 639 2924 721 μὲν
2971 638 3120 701 κατὰ
3171 652 3200 695 5

608 741 779 825 φύσιν
823 765 889 805 τε
931 744 1027 805 καὶ
1077 743 1287 826 κυρίως
1328 743 1542 826 ἡδονὰς
1587 746 1668 811 ὡς
1714 742 1910 824 ἀγαθὰ
1955 741 2215 809 ἐναντίας
2259 740 2404 804 εἶναι
2449 747 2575 810 ταῖς
2617 740 2850 817 λύπαις,
2909 740 3010 810 τὰς
3055 742 3120 803 δὲ

540 862 569 911 5
609 845 768 930 παρὰ
813 846 984 930 φύσιν
1032 848 1113 913 ὡς
1158 845 1335 908 κακὸν
1381 849 1567 929 κακῷ.

608 1154 712 1218 VI.
790 1152 931 1219 Ὅτι
977 1160 1061 1237 τῇ
1109 1157 1333 1239 ἡδονῇ
1382 1157 1419 1239 ἡ
1467 1156 1646 1238 λύπη
1693 1154 1885 1217 ἐστὶν
1930 1154 2248 1217 ἐναντίον
2293 1154 2430 1218 ἀλλ’
2485 1155 2562 1218 οὐ
2607 1153 2843 1222 πόνος.

766 1356 837 1423 Ὁ
886 1360 989 1442 μὲν
1033 1360 1142 1445 γὰρ
1188 1358 1363 1428 πόνος
1407 1362 1745 1444 σωματικήν
1795 1383 1920 1423 τινα
1975 1362 2170 1444 θλῐψιν
2215 1360 2500 1444 ἐμφαίνει,
2555 1361 2593 1441 ἡ
2641 1358 2705 1421 δὲ
2749 1357 2903 1441 λύπη
2950 1362 3116 1440 ψυχι-
3150 1372 3205 1414 1⁰

606 1460 715 1542 κὴν
761 1464 1069 1545 συστολήν.
1160 1463 1211 1525 εἰ
1259 1464 1363 1542 μὲν
1409 1460 1507 1524 οὖν
1554 1463 1650 1524 καὶ
1710 1464 1749 1545 ἡ
1794 1465 1979 1545 ἡδονὴ
2026 1467 2186 1525 πᾶσα
2241 1460 2312 1544 ἡν
2369 1461 2430 1523 ἐν
2477 1464 2785 1545 σωματικῇ
2834 1458 3119 1543 διαχύσει,

607 1561 677 1646 ἦν
726 1561 795 1625 ἂν
838 1565 869 1626 ὁ
911 1564 1085 1633 πόνος
1129 1564 1280 1647 αὐτῇ
1328 1564 1598 1641 ἐναντίος,
1645 1562 1772 1626 ἐπεὶ
1818 1563 1871 1625 δ’
1913 1565 2065 1628 ἐστὶν
2111 1565 2292 1647 ἡδονὴ
2340 1565 2605 1649 διάχυσίς
2646 1586 2729 1633 τις
2773 1568 2880 1645 τῆς
2921 1564 3124 1645 ψυχῆς

506 1684 567 1731 10
608 1664 676 1727 οὐ
723 1666 816 1728 διὰ
863 1671 1134 1751 σώματος
1188 1663 1309 1729 οὐδ’
1366 1666 1461 1729 ἐπὶ
1510 1668 1736 1747 σώματι
1780 1666 2052 1749 γινομένη
2101 1665 2294 1750 μόνῳ,
2353 1666 2459 1729 οὐκ
2505 1664 2574 1729 ἂν
2619 1663 2712 1749 εἴη
2757 1670 2832 1746 τῇ
2877 1663 3118 1747 τοιαύτῃ
3147 1678 3200 1720 15

608 1768 793 1849 ἡδονῇ
841 1768 1093 1833 ἐναντίον
1140 1769 1333 1843 πόνος,
1378 1769 1530 1831 ἀλλὰ
1574 1769 1749 1851 λύπη.
1840 1771 1879 1851 ἡ
1927 1769 2033 1849 μὲν
2077 1769 2186 1852 γὰρ
2231 1769 2386 1851 λύπη
2433 1770 2528 1832 καὶ
2573 1768 2670 1829 ἐπὶ
2713 1770 2838 1835 ταῖς
2882 1767 3117 1850 θλίψεσι

610 1874 711 1932 τοῦ
757 1872 1029 1953 σώματος
1075 1872 1172 1934 καὶ
1212 1870 1393 1954 αὐτῆς
1438 1876 1542 1953 τῆς
1587 1876 1785 1955 ψυχῆς
1830 1870 1926 1956 ἐφ’
1981 1872 2190 1954 αὐτῆς,
2237 1872 2438 1953 ὥσπερ
2483 1871 2580 1934 καὶ
2623 1871 2662 1952 ἡ
2709 1870 2925 1952 ἡδονή,
2973 1869 3006 1931 ό
3051 1869 3118 1931 δὲ

606 1970 781 2040 πόνος
825 1974 923 2035 ἐπὶ
968 1978 1195 2057 σώματι
1230 1972 1421 2057 μόνον.
1506 1974 1593 2035 διὸ
1640 1972 1731 2057 εἴη
1780 1971 1850 2035 ἂν
1897 1974 2099 2042 ἁπλῶς
2147 1976 2250 2056 μὲν
2282 1976 2467 2056 ἡδονῇ
2513 1971 2666 2055 λύπη
2713 1972 2960 2047 ἐναντία,
3007 1972 3116 2033 τινὶ
3144 1988 3200 2030 90

603 2075 669 2137 δὲ
710 2076 899 2160 ἡδονῇ
954 2079 993 2159 ἡ
1042 2080 1125 2145 ὡς
1168 2076 1362 2143 πόνος.
1452 2078 1528 2157 τῇ
1577 2075 1685 2159 γὰρ
1732 2081 2039 2159 σωματικῇ
2099 2075 2365 2161 διαχύσει
2417 2078 2514 2139 καὶ
2573 2080 2648 2158 τῇ
2699 2080 2798 2138 τοῦ
2845 2078 3120 2157 σώματος

502 2196 563 2245 15
603 2176 905 2262 εὐσθενείᾳ
959 2179 1054 2241 καὶ
1108 2181 1185 2259 τῇ
1232 2177 1327 2240 ἐπὶ
1374 2177 1594 2245 τούτοις
1645 2179 1833 2260 ἡδονῇ
1891 2176 1983 2260 εἴη
2035 2177 2041 2261 Ι
2094 2177 2160 2241 ἄν
2204 2180 2244 2261 ἡ
2291 2182 2394 2241 τοῦ
2449 2182 2720 2261 σώματος
2777 2178 2973 2261 θλῒψίς
3015 2200 3078 2241 τε
3121 2186 3226 2241 242

605 2281 698 2343 καὶ
756 2280 931 2364 ὀδύνη
990 2280 1236 2343 ἐναντία.
1329 2282 1360 2343 ὁ
1422 2280 1487 2343 δὲ
1538 2280 1635 2341 ἐπὶ
1690 2286 1793 2364 τῆς
1845 2287 2041 2366 ψυχῆς
2095 2280 2405 2363 λεγόμενος
2457 2283 2659 2354 πόνος,
2719 2283 2803 2349 ὡς
2855 2279 3128 2363 λέγονταί

602 2404 747 2451 τινες
792 2382 1124 2467 φιλόπονοι,
1178 2382 1314 2444 οὐδὲ
1358 2382 1463 2464 τὴν
1508 2383 1700 2465 ἀρχὴν
1758 2382 2014 2451 ἐναντίος
2057 2384 2273 2466 ἡδονῇ·
2343 2380 2476 2466 μεθ’
2533 2384 2749 2465 ἡδονῆς
2792 2386 2928 2465 γοῦν
2971 2381 3112 2463 γίνε-

602 2508 712 2548 ται.
802 2486 854 2547 εἰ
900 2484 967 2547 δέ,
1008 2508 1090 2551 τις
1136 2485 1231 2546 ἐπὶ
1283 2488 1367 2569 τῷ
1414 2489 1606 2547 πονεῖν
1654 2488 1919 2560 λυποῖτο,
1979 2487 2018 2568 ἡ
2073 2486 2228 2568 λύπη
2284 2484 2374 2561 ἄν,
2431 2484 2544 2568 οὐχ
2597 2484 2630 2547 ὃ
2687 2484 2860 2553 πόνος
2913 2482 3006 2567 εἴη
3051 2486 3120 2547 τὸ
3171 2503 3201 2544 5

603 2587 853 2649 ἐναντίον
898 2589 975 2667 τῇ
1024 2587 1231 2668 ἡδονῇ.
1320 2586 1501 2671 οὔσης
1554 2587 1619 2649 δὲ
1662 2588 1852 2670 λύπης
1903 2593 1977 2669 τῇ
2031 2589 2218 2671 ἡδονῇ
2277 2587 2532 2656 ἐναντίας
2586 2590 2748 2651 πᾶσα
2803 2586 2906 2670 μὲν
2963 2588 3118 2672 λύπη

496 2710 563 2757 20
600 2690 778 2753 κακὸν
822 2687 1083 2772 εὐλόγως
1128 2688 1197 2751 ἂν
1242 2689 1494 2771 λέγοιτο·
1556 2694 1631 2773 τῇ
1680 2690 1787 2773 γὰρ
1832 2692 2016 2774 αὑτῆς
2067 2691 2238 2775 φύσει
2289 2690 2530 2773 φευκτή.
2621 2690 2660 2771 ἡ
2709 2688 2762 2752 δ’
2817 2690 3002 2773 ἡδονὴ
3049 2690 3118 2753 οὐ

603 2798 765 2855 πᾶσα
822 2790 1070 2872 ἀγαθόν,
1129 2790 1248 2854 ἀλλ’
1305 2791 1437 2855 ὅσαι
1486 2794 1588 2876 μὲν
1644 2796 1758 2855 τῶν
1814 2794 2118 2877 ἐνεργειῶν
2172 2796 2288 2855 τῶν
2333 2790 2429 2876 ἐφ’
2484 2791 2578 2860 αἶς
2621 2794 2660 2875 ἡ
2715 2793 2896 2876 ἡδονὴ
2953 2796 3118 2880 ύπερ-
3147 2810 3202 2853 ιο

600 2894 780 2980 βολὴν
828 2891 1096 2979 ἔχουσιν,
1160 2894 1382 2964 ἕξουσιν
1430 2896 1648 2978 ὁμοίως
1693 2896 1791 2958 καὶ
1835 2896 1896 2958 αἱ
1948 2894 2042 2957 ἐπ’
2099 2895 2301 2965 αὐταῖς
2345 2896 2675 2979 ὑπερβολὴν
2720 2897 2950 2979 ἡδοναί,
3006 2920 3116 2961 τοι·

602 3002 772 3060 αὗται
828 2994 881 3060 δ’
937 2998 996 3058 αἱ
1053 2997 1394 3079 σωματικαί.
1485 2996 1629 3061 διότι
1680 2997 1900 3060 τούτων
1957 2999 2017 3061 αἱ
2077 2999 2181 3082 μὲν
2237 2998 2555 3083 σύμμετροι
2610 2999 2860 3082 αἱρεταί,
2919 3001 3122 3064 ὁποῖαί

598 3101 742 3163 εἰσιν
788 3099 885 3162 καὶ
930 3100 987 3161 αἱ
1036 3102 1165 3183 περὶ
1210 3100 1282 3162 τὰ
1326 3101 1613 3181 ἀναγκαῖα
1656 3098 1729 3161 τὰ
1774 3102 1916 3181 πρὸς
1963 3101 2028 3162 τὸ
2073 3106 2250 3183 σῶμα
2292 3102 2526 3185 (αἱρετὰ
2554 3101 2664 3185 γὰρ
2695 3102 2791 3164 καὶ
2835 3101 2907 3164 τὰ
2953 3103 3116 3184 ἀναγ-

494 3222 559 3270 25
602 3202 798 3283 καῖα),
853 3202 913 3263 αἱ
959 3200 1011 3264 δ’
1068 3203 1535 3287 ὑπερβάλλουσαι
1580 3203 1850 3285 φευκταί,
1905 3204 2106 3265 ὁποῖαί
2145 3204 2289 3267 εἰσιν
2335 3205 2394 3266 αἱ
2437 3207 2554 3266 τῶν
2600 3204 2971 3281 ἀκολάστων,
3017 3207 3114 3268 καὶ
3142 3222 3196 3265 15

600 3304 692 3388 εἴη
742 3303 809 3367 ἂν
856 3303 949 3367 ἐπ’
1006 3304 1201 3367 αὐτῶν
1258 3306 1355 3367 καὶ
1401 3306 1439 3387 ἡ
1487 3303 1639 3388 λύπη
1688 3308 1769 3373 ὡς
1814 3302 2004 3368 ἔνδειοί
2049 3328 2130 3374 τις
2175 3306 2386 3382 κακόν,
2443 3308 2540 3369 καὶ
2585 3309 2622 3390 ἡ
2671 3308 3113 3391 ὑπερβάλλουσα

598 3406 781 3489 ἡδονὴ
838 3408 921 3475 ὥς
978 3405 1271 3491 ὑπερβολή
1318 3430 1426 3482 τις,
1486 3408 1525 3489 ἡ
1584 3408 1649 3469 δὲ
1694 3407 2022 3492 σύμμετρος
2075 3410 2296 3491 ἀγαθὸν
2350 3408 2412 3471 ἐν
2459 3408 2737 3492 μεσότητί
2787 3434 2914 3480 πως
2966 3408 3112 3475 οὖσα

598 3514 713 3573 τῶν
760 3508 1214 3592 προειρημένων.
1306 3510 1389 3571 ὧν
1443 3507 1493 3572 δ’
1551 3510 1776 3592 ἡδονῶν
1833 3512 1914 3594 μὴ
1962 3508 2114 3573 ἔστιν
2160 3512 2452 3596 ὑπερβολή
2501 3512 2788 3589 (τοιαῦται
2841 3512 2894 3576 δ’
2949 3516 3112 3592 εἰσίν,
3139 3530 3196 3573 2⁰

601 3610 735 3674 ὅσαι
788 3610 883 3673 ἐπὶ
940 3610 1245 3693 ἐνεργείαις
1298 3612 1573 3693 γίνονται,
1637 3610 1793 3673 ὅσων
1849 3614 1917 3675 τὸ
1971 3614 2198 3697 αἱρετὸν
2258 3614 2327 3677 ἐκ
2379 3620 2484 3697 τῆς
2536 3614 2858 3684 ἐπιδόσεώς
2908 3640 2972 3680 τε
3017 3621 3111 3681 καὶ

493 3736 563 3783 30
600 3715 943 3800 προσθήκης
989 3710 1249 3789 αὔξεται,
1304 3712 1506 3775 ὁποῖαί
1544 3713 1687 3775 εἰσιν
1740 3714 1799 3775 αἱ
1844 3714 2137 3799 γινόμεναι
2191 3717 2341 3780 κατὰ
2383 3720 2487 3786 τὰς
2531 3718 2796 3801 ἀρετάς),
2850 3718 2944 3781 ἐπὶ
2987 3721 3114 3783 τού-

602 3842 717 3883 των
764 3815 901 3879 ούδὲ
944 3819 1061 3877 τῶν
1108 3816 1335 3897 ἡδονῶν
1382 3813 1544 3878 ἔσται
1588 3838 1668 3884 τις
1716 3816 2038 3901 ὑπερβολή·
2101 3820 2188 3882 διὸ
2235 3820 2294 3882 αἱ
2342 3824 2598 3883 τοιαῦται
2641 3822 2864 3904 αἱρεταί
2906 3844 2970 3885 τε
3015 3824 3110 3887 καὶ
3139 3840 3195 3883 25

598 3920 818 4004 ἀγαθαὶ
861 3922 935 4001 τῇ
984 3919 1171 4001 οἰκείᾳ
1222 3918 1394 4001 φύσει
1438 3922 1639 3981 πᾶσαι.
1694 3919 1700 4003 Ι

494 4230 519 4279 1
559 4228 691 4292 τοῐσ]
727 4232 839 4279 ταῖσ
876 4246 908 4279 a
945 4230 1033 4293 Sp.
1250 4226 1280 4278 2
1319 4225 1480 4279 κακόν
1518 4228 1661 4278 V13¹2
1718 4227 1940 4280 ἐναντίον
1981 4226 2054 4285 ὡς
2091 4229 2252 4281 κακὸν
2290 4233 2444 4299 κακῷ
2481 4230 2582 4283 13²2
2619 4234 2709 4300 Sp.
2923 4234 2982 4287 τὸ
3019 4230 3106 4305 ἐφ’
3145 4236 3219 4294 οἷς

489 4315 619 4385 μηδὲ
656 4316 921 4384 γενόμενον
961 4315 1105 4367 VB¹:
1160 4313 1374 4385 ἐλλείψει
1409 4314 1513 4367 B²a
1549 4318 1637 4379 Sp.
1888 4316 1920 4366 8
1968 4314 2190 4388 διαχύσει
2231 4318 2363 4370 vict.
2403 4319 2624 4386 (ubique
2663 4320 2939 4388 restituit):
2997 4321 3218 4377 διαλύσει

488 4405 608 4456 libri
826 4403 857 4455 9
894 4400 921 4454 ὁ
959 4416 1058 4453 om.
1098 4420 1129 4453 a
1175 4404 1264 4469 Sp.
1488 4401 1621 4475 αύτῇ
1656 4406 1770 4469 Sp.:
1830 4402 1986 4472 αὐτῆς
2033 4404 2151 4458 libri
2376 4406 2594 4463 διάλυσις
2634 4411 2680 4458 V
2900 4409 2978 4463 10.
3033 4412 3093 4462 ll
3149 4415 3218 4482 τῇ

488 4488 691 4559 τοιαύτῃ
750 4488 911 4560 ἡδονῇ
958 4492 1073 4556 Sp.:
1138 4494 1232 4560 τῆς
1283 4490 1517 4559 τοιαύτης
1574 4489 1759 4559 ἡδονῆς
1803 4491 1924 4543 libri
2161 4492 2222 4544 13
2277 4494 2474 4545 ἐναντία
2510 4498 2574 4545 V:
2629 4494 2854 4547 ἐναντίον
2891 4500 2972 4549 Ba

495 4578 557 4629 14
614 4576 826 4629 διαλύσει
866 4582 912 4629 V
1118 4576 1181 4628 19
1227 4580 1289 4647 τῇ
1326 4576 1483 4647 ἡδονῇ
1520 4578 1591 4630 13²
1628 4582 1725 4645 Sp:
1780 4583 1870 4647 τῆς
1908 4578 2093 4648 ἡδονῆς
2127 4580 2246 4633 libri
2284 4582 2365 4634 bis
2556 4582 2620 4635 ‘21
2671 4581 2782 4635 ὅσαι
2817 4582 2920 4637 13²2
2959 4588 3073 4651 Spa
3125 4584 3218 4639 ὅσα

488 4663 609 4717 libri
824 4665 889 4716 22
928 4664 1121 4730 αὐταῖς]
1160 4682 1189 4716 υ
1228 4667 1282 4717 in
1322 4664 1399 4717 lit.
1427 4669 1474 4716 V
1690 4666 1757 4718 23
1795 4665 1871 4718 διό
1908 4668 2044 4719 coni.
2079 4670 2170 4735 Sp.
2383 4668 2446 4721 31
2490 4677 2607 4737 post
2643 4676 2747 4722 τῶν
2784 4670 2902 4723 add.
2939 4673 3214 4744 ἐνεργειῶν,

488 4750 531 4803 εἰ
568 4749 621 4803 δὲ
656 4756 761 4803 τῶν
798 4750 938 4803 3²2:
983 4757 1089 4804 τῶν
1126 4753 1406 4822 (ἐνεργειῶν
1444 4752 1665 4822 ἡδονῶν)
1703 4756 1840 4807 coni.
1880 4756 1969 4820 Sp.
