3684 5567
1460 312 1743 371 BIBAION
1782 312 2036 369 'l'Pl'l'ON
2086 316 2282 367 13-14
3105 312 3225 377 109

625 489 1073 574 προηγουμένως
1114 488 1427 572 γινομένων
1467 490 1613 554 κατὰ
1658 490 1847 575 φύσιν,
1893 490 1990 552 καὶ
2034 490 2129 552 ἐπὶ
2161 488 2381 558 τούτοις
2427 488 2755 561 ἀποδιδούς,
2802 488 2858 550 τί
2896 489 3048 563 ἐστιν
3080 486 3118 567 ἡ

634 592 817 677 ἁπλῆ
846 616 923 656 τε
966 594 1080 656 καὶ
1123 595 1161 677 ἡ
1208 593 1473 677 φυσικὴ
1519 592 1814 675 γένεσις,
1863 591 1949 653 ὅτι
1979 592 2088 675 γὰρ
2121 593 2469 677 μεταβολὴ
2503 592 2629 653 ὑπὸ
2661 596 2776 653 τῶν
2807 594 3118 674 ποιητικῶν

631 695 993 780 δυνάμεων
1041 694 1396 781 θερμότητός
1438 718 1499 757 τε
1532 696 1627 759 καὶ
1661 694 2024 780 ψυχρότητος
2054 699 2158 776 τῆς
2189 693 2566 776 ὑποκειμένης
2610 695 2751 777 ὕλης
2793 695 2852 757 ἐν
2898 693 3118 774 ἑκάστῃ
3149 706 3200 747 1⁰

630 798 798 881 φύσει
828 800 972 863 κατὰ
1004 799 1106 868 τὰς
1134 800 1403 882 δυνάμεις
1430 798 1533 867 τὰς
1555 798 1900 882 παθητικοῖς,
1921 796 2204 881 Εηρότητά
2235 820 2297 859 τε
2327 799 2420 860 καὶ
2453 796 2756 881 ὑγρότητα,
2777 796 2910 859 ὅταν
2936 794 3121 881 ἔχωσι

555 919 585 969 5
621 901 790 985 λόγον
820 903 963 985 πρὸς
994 903 1271 986 ἀλλήλας,
1318 905 1399 970 ὡς
1432 900 1712 965 δύνασθαι
1743 900 1844 969 τὰς
1876 901 1978 982 μὲν
2025 904 2210 963 ποιεῖν
2249 923 2312 963 τε
2348 902 2445 963 καὶ
2477 900 2874 984 μεταβάλλειν,
2919 900 3021 967 τὰς
3054 898 3118 961 δὲ

623 1004 1091 1089 μεταβάλλεσθαί
1126 1028 1189 1068 τε
1230 1006 1325 1068 καὶ
1364 1006 1609 1088 πάσχειν
1655 1024 1695 1064 ἐ
1739 1024 1781 1064 «κ-
1824 1024 1886 1067 x.
1963 1010 2264 1087 γεννῶσι
2307 1006 2414 1087 γὰρ
2459 1004 2536 1067 τὸ
2576 1004 2837 1086 θερμὸν
2883 1003 3000 1066 καὶ
3044 1002 3118 1064 τὸ
3147 1018 3200 1059 15

620 1109 891 1192 ψυχρὸν
920 1108 991 1171 τὰ
1024 1106 1119 1171 ὑπ’
1160 1108 1353 1171 αὐτῶν
1385 1108 1533 1171 κατὰ
1562 1110 1741 1170 ταῦτα
1770 1108 2119 1189 γεννώμενα,
2165 1109 2552 1189 κρατοῦντα
2591 1112 2717 1190 τῆς
2763 1106 2959 1189 ὕλης,
3006 1105 3114 1188 ὕλη

626 1210 689 1274 δέ
734 1211 887 1275 ἐστιν
932 1210 1195 1293 αὐτοῖςῆ
1230 1210 1397 1293 ἑτέρα
1442 1210 1792 1284 ἐναντίωσις,
1845 1212 1884 1295 ἥ
1931 1211 2054 1273 ἐστι
2097 1210 2161 1273 τὸ
2209 1209 2378 1294 ξηρόν
2424 1232 2488 1273 τε
2531 1211 2628 1273 καὶ
2673 1207 2862 1294 ὑγρόν.
2951 1207 3116 1271 ὅταν

626 1314 702 1375 δὲ
748 1314 839 1397 μὴ
883 1317 1103 1398 κρατῇ
1150 1312 1330 1397 μηδὲν
1374 1312 1421 1396 †
1448 1311 1635 1397 τούτῳ
1666 1318 1749 1397 τῷ
1784 1312 1940 1396 λόγῳ
1982 1314 2124 1396 πρὸς
2153 1314 2256 1395 τὴν
2290 1313 2669 1395 ὑποκειμένην
2715 1312 2910 1381 αὐτοῖς
2956 1311 3117 1395 ὕλην,
3145 1326 3200 1369 20

527 1435 591 1483 10
628 1412 717 1501 [ἢ]
766 1417 819 1479 εἰ
865 1417 968 1499 μὲν
1014 1415 1104 1499 εἴη
1151 1414 1299 1480 κατὰ
1345 1414 1493 1500 μέρη
1537 1416 1663 1479 τινὰ
1710 1416 1791 1500 μὴ
1838 1420 2154 1500 κρατοῦντα
2198 1421 2300 1499 τῆς
2346 1415 2728 1499 ὑποκειμένης
2773 1415 2930 1498 ὕλης,
2979 1417 3116 1498 μώ-

622 1520 821 1588 λυσίς
865 1542 937 1581 τε
981 1520 1092 1583 καὶ
1140 1520 1397 1603 ἀπεψία
1442 1518 1735 1601 γίνεται,
1783 1520 1834 1581 εἰ
1863 1516 1914 1581 δ’
1957 1518 2017 1581 ἐν
2048 1521 2123 1602 τῇ
2154 1520 2375 1601 γενέσει
2414 1519 2674 1583 καθόλου
2705 1518 2912 1600 γίνοιτο
2941 1519 2980 1601 ἡ
3012 1541 3119 1580 τοι-

618 1621 763 1705 αύτη
794 1626 910 1685 τῶν
944 1626 1257 1706 ποιητικῶν
1291 1620 1581 1697 ἀσθένεια,
1628 1622 1711 1691 εἰς
1740 1627 1913 1707 σῆψιν
1950 1623 1988 1703 ἢ
2024 1622 2335 1707 μεταβολή.
2402 1618 2494 1705 (ἢ)
2537 1621 2644 1705 γὰρ
2693 1621 2865 1684 κατὰ
2908 1620 3113 1705 φύσιν

618 1730 805 1787 πᾶσα
846 1724 1083 1810 φθορὰ
1126 1726 1287 1794 ὁδός
1330 1705 1515 1788 ἐστιν
1556 1725 1640 1793 εἰς
1678 1730 1884 1810 σῆψιν,
1923 1723 2072 1788 κατὰ
2101 1726 2266 1810 φύσιν
2298 1723 2350 1788 δ’
2391 1726 2430 1809 ἡ
2463 1726 2545 1793 εἰς
2583 1724 2809 1809 φθορὰν
2851 1724 2984 1793 ὁδὸς
3023 1722 3116 1786 διὰ
3143 1738 3195 1779 2⁵3

618 1829 813 1911 γήρως
856 1852 919 1891 τε
963 1828 1060 1892 καὶ
1102 1827 1429 1902 αὐάνσεως,
1481 1824 1489 1913 Ι
1538 1830 1621 1891 ὧν
1664 1830 1705 1911 ἡ
1754 1829 1857 1908 μὲν
1905 1826 2148 1912 ξηρότης
2199 1850 2262 1889 τε
2305 1830 2402 1889 καὶ
2453 1827 2688 1896 αὔανσις
2743 1826 2834 1910 εἴη
2881 1825 2949 1889 ἂν
2995 1826 3090 1888 ἐπὶ
3135 1831 3218 1888 211

520 1950 579 1998 15
614 1936 730 1993 τῶν
775 1934 975 2014 φυτῶν
1020 1932 1365 2014 κυριώτερον
1410 1930 1722 2014 λεγομένη,
1778 1932 1841 1993 τὸ
1889 1932 1952 1993 δὲ
1997 1936 2173 2014 γῆρας
2218 1930 2314 1991 ἐπὶ
2359 1934 2472 1993 τῶν
2519 1929 2708 2015 ζῴων,
2755 1929 2816 1993 εἴ
2852 1952 2916 2012 γε
2963 1928 3108 1992 κατὰ

617 2034 718 2117 μὲν
751 2034 854 2117 τὴν
884 2034 943 2097 ἐν
974 2038 1094 2103 τοῖς
1124 2033 1354 2118 μέρεσιν
1386 2034 1689 2099 ἀσθένειαν
1720 2038 1835 2096 τῶν
1869 2038 2184 2117 ποιητικῶν
2215 2034 2512 2115 δυνάμεων
2538 2051 2575 2091 ae
2598 2050 2638 2091 ξε
2657 2050 2696 2092 -τε
2717 2032 2975 2115 γίνεσθαι
3005 2032 3107 2115 τήν

614 2159 678 2199 τε
722 2138 977 2217 μώλυσιν
1030 2137 1127 2200 καὶ
1180 2138 1454 2223 ἀπεψίαν,
1512 2138 1593 2200 ὧν
1648 2139 1903 2221 μώλυσις
1958 2138 2060 2219 μὲν
2115 2138 2282 2199 πάλιν
2336 2139 2682 2222 κυριώτερον
2738 2136 2809 2200 ἂν
2853 2137 2948 2199 ἐπὶ
2993 2144 3109 2199 τῶν
3164 2151 3192 2193 5

619 2244 807 2323 μερῶν
841 2244 955 2303 τῶν
989 2240 1159 2323 ζῴων
1204 2260 1245 2301 κ
1290 2260 1331 2302 oe-
1375 2262 1435 2304 ιν.
1496 2242 1764 2304 ἁπάντων
1794 2239 1906 2324 γὰρ
1936 2240 2084 2303 κατὰ
2115 2240 2284 2324 φύσιν
2314 2240 2637 2322 γενομένων
2667 2241 2734 2303 τὸ
2764 2239 2912 2303 κατὰ
2941 2239 3110 2324 φύσιν

615 2342 816 2413 τέλος
862 2342 1216 2427 σαπρότης
1268 2366 1329 2405 τε
1374 2344 1469 2406 καὶ
1515 2348 1705 2428 σῆψις.
1796 2342 1864 2407 οὐ
1896 2344 2002 2428 γὰρ
2049 2344 2194 2408 κατὰ
2239 2344 2406 2429 φύσιν
2437 2346 2476 2427 ἢ
2509 2344 2687 2428 βίαιος
2718 2344 2932 2427 φθορά.
3023 2342 3117 2404 διὰ

516 2464 581 2512 20
616 2450 783 2509 τοῦτο
828 2447 935 2529 γὰρ
980 2446 1054 2509 τὰ
1095 2446 1244 2509 κατὰ
1287 2446 1455 2530 φύσιν
1487 2445 1846 2531 φθειρόμενα
1890 2452 2118 2531 πρῶτον
2165 2447 2267 2528 μὲν
2311 2448 2393 2515 εἰς
2436 2445 2718 2530 ὑγρότητα
2767 2444 3114 2530 μεταβάλλει
3143 2460 3196 2502 ιο

615 2552 700 2633 τῷ
748 2548 952 2633 μηκέτι
1007 2553 1231 2633 κρατεῖν
1286 2549 1391 2631 τὴν
1445 2547 1505 2610 ἐν
1560 2547 1755 2619 αὐτοῖς
1810 2548 2144 2634 θερμότητα
2197 2555 2302 2633 τῆς
2358 2549 2700 2634 ὑγρότητος,
2759 2553 2840 2619 ὥς
2891 2549 3114 2611 πέττειν

612 2650 793 2735 αὐτὴν
848 2651 1149 2727 δύνασθαι,
1209 2650 1370 2718 τέλος
1414 2650 1499 2728 δέ,
1554 2657 1657 2734 τῆς
1710 2653 1890 2736 αὐτῆς
1946 2652 2256 2737 ὑγρότητος
2309 2654 2724 2736 διατμηθείσης
2777 2654 2872 2716 καὶ
2919 2672 3112 2715 συνεκ-

612 2754 925 2839 κριθείσης,
982 2752 1389 2839 ἐκκρινομένης
1439 2754 1533 2817 καὶ
1578 2755 2011 2841 διακρινομένης
2053 2760 2128 2839 τῇ
2179 2757 2511 2840 θερμότητι,
2567 2756 2640 2819 τὰ
2684 2754 3116 2839 ὑπολειπόμενα
3143 2770 3195 2813 15

617 2856 779 2941 Εηρά.
868 2860 1079 2940 γίνεται
1122 2857 1233 2941 γὰρ
1278 2861 1394 2920 τῶν
1441 2856 1786 2941 σηπομένων
1832 2858 1995 2927 τέλος
2041 2860 2106 2921 τὸ
2151 2860 2234 2929 εἰς
2275 2864 2455 2923 ταῦτα
2499 2860 2870 2944 διαλυθῆναι,
2923 2858 2983 2927 ἐξ
3027 2859 3108 2921 ὧν

510 2980 573 3028 25
610 2959 836 3043 ἐγένετό
879 2984 943 3023 τε
986 2962 1081 3024 καὶ
1128 2959 1409 3044 συνέστη,
1464 2960 1770 3045 ὁριζόντων
1824 2963 1922 3024 καὶ
1968 2962 2283 3044 μιγνύντων
2328 2966 2416 3047 τῷ
2462 2962 2620 3047 ξηρῷ
2666 2964 2731 3026 τὸ
2776 2964 2944 3047 ὑγρὸν
2989 2966 3106 3024 τῶν

612 3068 945 3149 ποιητικῶν,
978 3064 1017 3127 ἃ
1046 3062 1118 3148 ἧν
1149 3065 1216 3126 τὸ
1248 3064 1464 3147 θερμὸν
1494 3064 1591 3126 καὶ
1622 3063 1867 3148 ψυχρόν.
1937 3065 2198 3147 γίνεται
2230 3062 2278 3128 δ’
2321 3067 2358 3149 ἡ
2389 3054 2624 3150 τοιαύτη
2655 3067 2915 3151 φθορά,
2955 3089 3114 3129 τουτ·
3139 3080 3195 3123 2⁰

609 3168 761 3232 ἐστιν
791 3170 831 3251 ὴ
862 3168 1011 3232 κατὰ
1040 3167 1231 3253 φύσιν,
1278 3165 1438 3229 ὅταν
1478 3166 1589 3229 διὰ
1632 3167 1705 3229 τὸ
1736 3169 2070 3254 περιέχον
2117 3174 2334 3254 κρατῇ
2365 3174 2483 3233 τοῦ
2530 3170 2911 3255 ὁρίζοντος,
2967 3167 3108 3254 ὅπερ

611 3268 683 3355 ἦν
716 3272 781 3335 τὸ
814 3273 1031 3356 θερμὸν
1062 3268 1537 3356 προηγουμένως,
1581 3272 1655 3334 τὸ
1702 3272 2118 3356 ὁριζόμενον
2166 3272 2264 3336 ὑπ’
2305 3274 2484 3336 αὐτοῦ
2530 3273 2562 3336 ὃ
2593 3274 2664 3357 ἧν
2697 3273 2864 3357 ὑγρόν
2909 3296 2970 3335 τε
3015 3274 3111 3336 καὶ

614 3373 805 3458 ξηρόν,
868 3374 1320 3458 ἀναλισκομένου
1368 3373 1479 3435 ὑπὸ
1526 3378 1629 3457 τῆς
1684 3374 1743 3437 ἐν
1788 3379 1874 3459 τῷ
1923 3374 2250 3459 περιέχοντι
2294 3376 2554 3445 πλείονος
2605 3376 2962 3460 θερμότητος
3005 3379 3108 3438 τοῦ

506 3494 573 3543 30
609 3477 669 3539 ἐν
723 3482 845 3547 τοῖς
894 3478 1297 3563 φθειρομένοις
1349 3499 1413 3539 τε
1465 3478 1562 3540 καὶ
1616 3477 1966 3561 σηπομένοις
2018 3480 2242 3563 θερμοῦ
2297 3480 2336 3562 ἡ
2381 3483 2497 3542 τῶν
2551 3479 2899 3565 πασχόντων
2944 3482 3110 3543 πλεο·
3137 3495 3192 3537 25

608 3580 761 3650 νεέία
814 3582 1045 3664 γίνεται.
1136 3579 1392 3645 καθόλου
1441 3578 1449 3667 Ι
1496 3581 1606 3665 γὰρ
1660 3581 1832 3665 σῆψίς
1883 3604 1946 3643 τε
1998 3585 2112 3643 τῶν
2172 3582 2516 3666 σηπομένων
2569 3583 2782 3665 γίνεται
2839 3583 2931 3647 διὰ
2984 3584 3080 3646 τὸν
3124 3590 3216 3646 212

612 3687 913 3769 χωρισμὸν
943 3690 1045 3769 τῆς
1076 3685 1308 3769 φύσεως
1347 3685 1408 3755 ἐξ
1451 3687 1665 3763 αὐτῶν,
1710 3684 1878 3767 φύσις
1922 3682 1974 3747 δ’
2015 3686 2075 3747 ἐν
2105 3686 2336 3769 ἑκάστῳ
2366 3691 2472 3769 τῆς
2501 3687 2782 3770 κινήσεως
2825 3687 2885 3749 ἐν
2917 3686 3113 3755 αὐτοῖς

608 3786 787 3871 ἀρχή,
842 3787 993 3851 ἐστὶν
1047 3786 1099 3850 δ’
1156 3787 1216 3849 ἐν
1262 3792 1403 3851 πᾶσι
1447 3792 1567 3856 τοῖς
1611 3789 1757 3851 κατὰ
1810 3787 1978 3871 φύσιν
2025 3794 2348 3853 συνεστῶσι
2391 3789 2844 3873 προηγουμένως
2885 3794 3110 3853 τοιοῦτο

608 3876 844 3973 θερμόνζ
928 3889 1061 3975 μεθ’
1106 3890 1138 3953 ὃ
1177 3891 1347 3973 λόγον
1392 3890 1661 3954 ἀπέδωκε
1692 3892 1948 3975 σήψεως,
1996 3891 2222 3975 φθορὰν
2269 3891 2447 3975 αὐτὴν
2489 3894 2666 3955 εἰπὼν
2709 3891 2852 3956 εἶναι
2899 3897 3003 3976 τῆς
3048 3894 3107 3956 ἐν
3161 3911 3190 3951 5

502 4010 567 4060 35
605 3993 833 4079 ἑκάστῳ
864 3993 911 4077 †
940 3993 1289 4079 περιέχοντι.
1364 3994 1489 4056 ἐπεὶ
1522 3996 1587 4057 δὲ
1630 3993 1776 4057 κατ’
1831 3991 2101 4057 ἔνδειαν
2150 3996 2414 4079 θερμοῦ
2459 3998 2496 4079 ἡ
2531 4002 2722 4081 σῆψις,
2769 4000 2898 4059 πᾶν
2944 3997 3008 4059 δὲ
3037 3998 3103 4059 τὸ

604 4097 937 4181 τοιαύτης
968 4098 1334 4181 δυνάμεως
1362 4096 1599 4167 ἐνδεὲς
1628 4097 1923 4183 ψυχρόν,
1955 4098 2260 4183 ἀμφότερά
2289 4122 2414 4167 πως
2443 4100 2711 4184 ποιητικὰ
2742 4105 2844 4183 τῆς
2875 4100 3110 4185 σήψεως

504 4320 533 4375 6
568 4322 671 4375 talo
708 4320 834 4391 quid
872 4321 1069 4375 excidit
1102 4326 1195 4389 τῆς
1229 4322 1469 4391 γενέσεως
1504 4324 1591 4375 καὶ
1617 4320 1809 4393 φθορᾶς
1842 4321 1990 4391 λόγον
2025 4322 2260 4375 ἀπέδωκε
2420 4324 2451 4376 9
2489 4325 2738 4393 temptavi
2775 4323 2931 4393 μηδὲν
2967 4323 3210 4376 τούτων

500 4410 575 4478 τῷ
606 4410 723 4480 (μὴ)
758 4408 907 4480 λόγον
944 4410 1021 4477 (ἐν
1056 4410 1463 4480 λόγῳ-εἷναιῗ)
1500 4429 1553 4463 π.
1590 4428 1635 4462 τ.
1681 4410 1729 4463 ὑ.
1765 4411 1813 4463 ἀ.
1853 4408 1898 4462 ὕ.
1937 4410 1962 4463 ἔ
1972 4430 2137 4483 χειν,
2174 4413 2217 4463 εἰ
2255 4412 2317 4463 ef.
2347 4411 2497 4464 Alex.
2535 4412 2597 4464 ad
2637 4414 2795 4465 Arist.
2823 4414 2940 4463 Met.
2969 4412 3140 4465 127r9

506 4496 567 4549 10
602 4496 635 4567 ἢ
673 4498 769 4551 del.
810 4501 900 4565 Sp.
1127 4498 1189 4549 12
1234 4498 1267 4567 ἠ
1309 4497 1427 4550 add.
1472 4498 1603 4550 Viet.
1822 4500 1886 4551 15
1924 4498 2047 4568 εἴγε]
2086 4500 2129 4550 εἰ
2166 4498 2218 4551 δὲ
2257 4502 2346 4566 Sp.
2385 4500 2500 4551 fort.
2541 4506 2676 4551 recte
2881 4500 2944 4552 16
2993 4501 3212 4555 fortasse

499 4583 744 4656 (εὔλογον)
781 4586 875 4655 γίν.
1045 4585 1109 4638 18
1145 4587 1361 4638 fortasse
1396 4585 1547 4657 ζῴων
1587 4585 1817 4655 (λέγοιτο,
1857 4587 2046 4656 ἀπεψία
2083 4586 2136 4639 δὲ
2172 4588 2251 4640 ἐπὶ
2287 4592 2379 4655 τῆς
2413 4592 2603 4657 τροφῆς
2637 4593 2742 4639 τῶν
2781 4582 2952 4657 ζῴων)
2989 4588 3052 4640 cf.
3091 4589 3124 4641 1.
3165 4606 3209 4641 c.

506 4671 707 4726 127116
909 4672 977 4725 22
1034 4672 1105 4732 ὡς
1141 4672 1305 4741 διατμ.
1344 4690 1376 4724 a
1411 4674 1500 4740 Sp.
1703 4674 1769 4726 ⁶24
1818 4674 2116 4744 σηπομένων
2155 4676 2315 4728 vict.=
2365 4674 2744 4743 σημαινομένων
2791 4675 2912 4728 libri
3110 4676 3210 4729 for-

500 4764 633 4813 tasse
666 4758 828 4813 ταύτὰ
970 4760 1036 4813 28
1075 4760 1101 4812 ὃ
1126 4760 1188 4831 ἦν
1216 4761 1427 4827 scripsi:
1466 4760 1497 4827 ἢ
1526 4758 1581 4813 ὃν
1606 4761 1753 4813 libri:
1795 4760 1852 4813 ὂν
1877 4764 1968 4829 Sp.
2113 4762 2178 4814 29
2217 4764 2308 4833 γὰρ
2345 4760 2441 4814 ὑπὸ
2469 4764 2601 4815 vict.
2747 4762 2809 4815 31
2849 4762 2928 4832 τε]
2968 4763 3048 4815 ἐπὶ
3075 4766 3210 4817 coni.

500 4848 585 4913 Sp.
748 4847 815 4901 32
855 4846 1055 4919 φύσεως
1081 4850 1217 4902 vict.
1243 4851 1357 4913 Sp.:
1396 4849 1604 4918 σήψεως
1646 4850 1760 4902 libri
1923 4850 1974 4901 ἐν
2001 4848 2312 4920 θερμότητος
2347 4850 2427 4901 αὑ.
2455 4868 2488 4902 a
2646 4850 2712 4903 35
2750 4848 3083 4921 (θερμότητος
3117 4858 3211 4921 τῆς

500 4934 683 5000 (immo
718 4935 823 5007 τῇ)
863 4934 871 5006 Ι
914 4935 965 4988 ἐν
1002 4936 1100 5006 τῷ)
1136 4954 1245 5007 περ.
1291 4937 1419 4990 vict.
1586 4936 1652 4989 36
1690 4936 1926 5007 τοιαύτης
1962 4938 2172 5006 scripsi:
2209 4942 2302 5007 τῆς
2337 4938 2472 5002 libri,
2511 4936 2576 4990 cf.
2602 4937 2634 4988 l.
2665 4953 2709 4990 c.
2746 4937 2922 4990 127v1
