3684 5567
1344 231 1631 288 BIBAION
1669 232 2032 288 ΔΕΥΤΕΡΌΝ
2072 234 2120 295 3,
2152 236 2248 287 1.2
3065 236 3149 299 49

546 418 661 464 των
706 405 802 466 καὶ
844 406 948 489 τὴν
994 406 1159 468 θείαν
1208 406 1466 489 δύναμιν,
1511 408 1581 491 ἧς
1629 409 2169 492 μεταλαμβάνουσιν
2214 408 2362 471 κατὰ
2409 410 2513 491 τὴν
2557 409 2880 489 γειτνίασιν.
2957 404 3030 468 δι’
3072 420 3125 461 1⁰

539 505 609 588 ἣν
664 506 899 590 δύναμιν
956 508 1149 571 οὐκέτι
1204 514 1385 573 ταῦτα
1440 510 1619 593 μόνης
1672 516 1776 593 τῆς
1821 511 1968 572 κατὰ
2023 512 2128 593 τὴν
2186 512 2369 596 ῥοπὴν
2418 510 2698 593 κινήσεως
2744 512 2934 595 ἀρχὴν
2980 510 3040 571 ἐν

536 610 733 678 αὑτοῖς
762 609 911 696 ἔχει,
957 614 1109 675 ἀλλά
1151 636 1275 675 τινα
1320 613 1419 675 καὶ
1463 615 1715 697 ψυχικὴν
1756 614 2112 697 προσείληφε
2157 616 2260 697 τὴν
2295 616 2483 699 ἀρχὴν
2532 616 2624 677 καὶ
2671 616 2776 697 τὴν
2821 613 3040 695 γένεσιν

537 710 788 797 ἔχουσαν
844 716 959 777 ἀπὸ
1022 721 1127 798 τῆς
1183 716 1347 783 θείας
1401 717 1721 799 δυνάμεως.
1823 718 1948 798 ἥτις
2001 718 2170 799 φύσις
2231 742 2291 780 τε
2348 720 2442 780 καὶ
2504 719 2670 801 ψυχὴ
2733 718 2880 779 κατὰ
2935 717 3041 799 τὴν
3070 732 3123 773 1⁴5

466 834 497 881 5
536 814 831 899 ποσότητα
872 821 989 879 τῶν
1036 819 1239 880 ἁπλῶν
1292 800 1613 898 σωμάτων,
1668 818 1726 887 ἐξ
1771 820 1854 880 ὧν
1901 820 2022 881 ἐστι
2068 821 2132 882 τὸ
2179 818 2316 905 ἔχον
2371 820 2552 903 αὐτὴν
2600 824 2773 901 σῶμα
2816 820 2929 901 (ὧν
2976 821 3039 881 τὸ

538 918 651 1000 μὲν.
688 919 781 981 ἐπὶ
822 920 995 982 πλέον
1045 918 1165 1004 [ὃν]
1212 927 1479 984 κοινωνεῖ
1517 926 1622 1004 τῆς
1660 922 1822 989 θείας
1868 924 2172 1003 ’δυνάμεως
2214 928 2299 1007 τῷ
2335 922 2620 1007 ἐγγυτέρω
2665 946 2728 985 τε
2758 922 2903 985 εἶναι
2945 925 3032 1005 τῷ

535 1022 682 1105 θείῳ
730 1025 956 1103 σώματι
1000 1024 1100 1086 καὶ
1144 1024 1289 1087 εἶναι
1332 1028 1585 1107 λεπτομε
1624 1024 1683 1093 ές
1727 1048 1788 1087 τε
1831 1025 1930 1087 καὶ
1975 1026 2405 1109 καθαρώτερον,
2451 1028 2516 1087 τὸ
2562 1024 2614 1089 δ’
2667 1023 2760 1087 ἐπ’
2802 1024 3036 1087 ἔλαττον
3065 1042 3122 1082 20

534 1126 628 1187 διά
670 1148 733 1187 τε
764 1126 829 1187 τὸ
870 1125 1181 1209 ἀπόστημα
1227 1128 1291 1189 τὸ
1325 1131 1521 1190 πλεῖον
1566 1129 1663 1190 καὶ
1708 1127 1802 1190 διὰ
1848 1130 1950 1210 τὴν
1997 1134 2100 1211 τῆς
2142 1131 2476 1197 συστάσεως
2520 1128 2877 1213 παχύτητα),
2926 1130 3040 1191 διά-

533 1251 712 1310 φορον
758 1230 856 1291 καὶ
908 1229 1056 1313 αὐτὴ
1112 1230 1342 1313 γίνεται.
1435 1230 1546 1293 ὅσα
1592 1232 1693 1312 μὲν
1748 1230 1858 1314 γὰρ
1913 1236 2028 1293 τῶν
2085 1233 2382 1295 συνθέτων
2437 1234 2728 1315 σωμάτιον
2774 1234 2838 1293 τὸ
2887 1234 3039 1293 πλεῖ-

432 1351 495 1398 10
534 1352 665 1395 στον
709 1338 817 1415 γῆς
862 1329 1010 1416 ἔχει,
1055 1332 1100 1415 †
1146 1334 1353 1397 ταύτὸν
1408 1340 1513 1417 γῆς
1560 1357 1710 1401 τινος
1753 1337 2021 1396 κοινωνεῖ
2060 1340 2317 1419 ψυχικῆς
2361 1338 2660 1417 δυνάμεως
2702 1339 2788 1419 τῷ
2835 1336 2929 1396 καὶ
2975 1334 3040 1395 τὸ

532 1436 635 1518 τὴν
681 1435 955 1520 πλείστην
1012 1441 1217 1521 μοῖραν
1272 1442 1377 1520 τῆς
1431 1436 1629 1504 οὐσίας
1682 1436 1875 1499 αὐτῶν
1932 1441 2107 1518 σῶμα
2156 1437 2161 1521 ξ
2213 1437 2446 1502 ἔλαττον
2502 1444 2606 1521 τῆς
2649 1438 2812 1506 θείας
2873 1460 3038 1521 μετα·
3065 1452 3120 1493 25

530 1539 811 1623 λαμβάνει
864 1540 1189 1623 δυνάμεως·
1254 1539 1367 1603 ὅσα
1420 1540 1485 1601 δὲ
1530 1542 1725 1601 πλεῖον
1781 1540 1841 1601 ἐν
1886 1541 2082 1609 αὐτοῖς
2135 1539 2263 1627 ἔχει
2319 1548 2423 1624 τῆς
2477 1543 2779 1625 πυρώδους
2831 1564 2894 1603 τε
2939 1542 3033 1603 καὶ
3083 1548 3139 1603 §ll

530 1644 755 1725 θερμῗς
788 1642 1004 1718 οὐσίας,
1051 1642 1207 1706 ταῦτ’
1252 1640 1413 1706 ἔσται
1458 1648 1653 1726 ψυχῆς
1698 1643 2051 1726 τελειοτέρας
2084 1646 2600 1729 μεταλαμβάνοντα
2645 1648 2728 1728 τῷ
2773 1644 2838 1705 τὸ
2871 1647 3033 1707 πλεο-

529 1746 697 1815 νάζον
732 1751 905 1828 σῶμα
950 1748 1009 1808 ἐν
1049 1745 1243 1814 αὐτοῖς
1289 1746 1385 1808 ἐπὶ
1426 1746 1599 1808 πλέον
1646 1751 1750 1828 τῆς
1794 1746 1956 1814 θείας
1990 1750 2444 1831 μεταλαμβάνειν
2491 1748 2810 1830 δυνάμεως.
2880 1748 3033 1810 οὕτω
3088 1764 3115 1803 fi

426 1867 487 1913 15
529 1845 579 1910 δ’
636 1847 705 1911 ἂν
760 1848 851 1931 εἴη
911 1849 1149 1932 δευτέρα
1204 1849 1399 1932 φύσις,
1462 1850 1533 1928 ἣν
1588 1850 1903 1931 εἰρήκαμεν
1955 1849 2120 1912 θείαν
2175 1850 2412 1933 δύναμιν
2465 1850 2612 1913 εἶναι
2667 1850 3032 1933 ἐγγινομένην

526 1957 647 2019 τοῖς
690 1952 802 2014 ὑπὸ
848 1954 1098 2036 σελήνην
1147 1954 1377 2034 σώμασι
1433 1952 1527 2014 διὰ
1583 1952 1687 2033 τὴν
1734 1953 1876 2035 πρὸς
1931 1952 2163 2035 ἐκείνην
2206 1953 2537 2035 γειτνίασιν,
2597 1956 2678 2021 ὡς
2723 1954 2832 2035 ὕλῃ
2879 1977 3034 2037 χρω-

530 2053 673 2137 μένη
718 2059 852 2144 τοῖς,
884 2056 1085 2124 ἁπλῶς
1136 2058 1403 2139 φυσικοῖς
1456 2057 1693 2136 σώμασι
1748 2056 1890 2137 πρὸς
1947 2057 2050 2136 τὴν
2105 2061 2219 2117 τῶν
2264 2056 2633 2139 τελειοτέρων
2687 2080 2751 2119 τε
2797 2059 2889 2119 καὶ
2936 2058 3031 2139 ἐμ·
3061 2073 3115 2115 ιο

530 2156 737 2241 ψύχων
782 2159 1000 2239 γένεσιν
1049 2160 1357 2239 σωμάτων.
1448 2157 1520 2218 τὰ
1567 2159 1670 2239 μὲν
1717 2156 1818 2220 οὖν
1873 2159 2020 2221 κατὰ
2065 2162 2266 2240 κρᾶσιν
2321 2165 2436 2222 τῶν
2492 2161 2694 2221 ἁπλῶν
2743 2161 3030 2239 σωμάτων

528 2261 626 2322 καὶ
673 2259 796 2323 κατ’
854 2262 1165 2324 ἀλλοίωσιν
1210 2259 1479 2343 γινόμενα
1524 2260 1774 2323 σύνθετα
1825 2264 2071 2341 σώματα
2115 2267 2201 2345 τῷ
2252 2260 2408 2345 ἔχειν
2463 2264 2560 2325 καὶ
2615 2264 2718 2345 τὴν
2763 2262 3029 2345 τοιαύτην

414 2382 485 2428 20
525 2364 763 2444 δύναμιν
809 2364 868 2427 ἐν
914 2368 986 2447 τῇ
1035 2369 1151 2426 τῶν
1197 2363 1454 2447 ἐχόντων
1499 2364 1681 2447 αὐτὴν
1738 2365 2029 2446 σωμάτων
2077 2365 2222 2445 μίξει
2269 2366 2713 2449 συγκρινομένην
2760 2390 2886 2434 πως
2932 2368 3026 2430 καὶ
3057 2384 3111 2425 ir»

526 2468 870 2551 μιγνυμένην
926 2466 1053 2531 κατ’
1110 2467 1292 2550 αὐτὴν
1345 2467 1669 2551 τελειότερα
1722 2468 1934 2549 γίνεται
1988 2471 2234 2549 σώματα
2287 2470 2383 2531 καὶ
2440 2469 2740 2553 θειοτέρας
2795 2469 3027 2553 φύσεως

522 2572 621 2633 καὶ
665 2572 858 2655 ἀρχῆς
908 2571 1389 2653 κεκοινωνηκότα,
1452 2570 1562 2634 ὅσα
1609 2572 1673 2633 δὲ
1720 2570 1993 2633 συνθέσει
2048 2594 2110 2633 τε
2155 2572 2251 2633 καὶ
2297 2572 2618 2656 παραθέσει
2662 2576 2776 2634 τῶν
2823 2574 3025 2635 ἁπλῶν

522 2677 813 2755 σωμάτων
857 2676 1115 2756 γίνεσθαι
1162 2678 1321 2739 δοκεῖ
1365 2677 1609 2756 σώματα
1663 2675 1932 2749 σύνθετα,
1987 2680 2165 2737 ταῦτα
2211 2675 2404 2738 οὐκέτι
2447 2680 2552 2757 τῆς
2602 2675 2869 2758 τοιαύτης
2912 2699 3024 2738 κοι-

516 2782 720 2840 νωνεῖν
767 2780 1068 2860 δυνάμεώς
1111 2802 1175 2839 τε
1220 2779 1314 2840 καὶ
1359 2777 1592 2861 φύσεως
1636 2779 1733 2841 οἷά
1775 2802 1858 2850 τε,
1905 2780 1986 2841 ὧν
2034 2778 2276 2841 ἕκαστον
2323 2783 2437 2840 τῶν
2481 2779 2682 2839 ἁπλῶν
2731 2780 3021 2860 σωμάτων
3050 2797 3106 2837 2⁰

408 2902 477 2950 25
516 2882 775 2966 ἐνεργείᾳ
820 2885 999 2954 σώζει
1046 2882 1151 2963 τὴν
1183 2883 1359 2943 αὑτοῦ
1405 2880 1574 2963 φύσιν
1621 2881 1680 2943 ἐν
1727 2886 1800 2962 τῇ
1834 2882 2072 2963 τοιαύτῃ
2121 2881 2265 2961 μίξει
2311 2883 2406 2943 καὶ
2440 2881 2731 2943 συνθέσει.
2799 2882 2868 2943 οὐ
2914 2882 3021 2966 γὰρ

516 2988 600 3053 εἰς
653 2988 757 3068 τὴν
813 2989 929 3046 τῶν
985 2985 1171 3051 οὕτως
1226 2981 1515 3045 συνθέτων
1574 2985 1863 3065 σωμάτων
1925 2983 2121 3046 οὐσίαν
2183 2986 2220 3066 ἡ
2284 2984 2416 3046 θεία
2473 2983 2710 3064 δύναμις
2762 2988 3026 3047 συντελεῖ

519 3090 771 3172 μένουσα
815 3089 876 3151 ἐν
924 3089 1154 3171 ἑκάστῳ
1198 3086 1413 3161 αὐτῶν,
1461 3088 1633 3149 ὁποία
1677 3087 1773 3149 καὶ
1818 3088 1929 3171 πρὸ
1977 3093 2080 3169 τῆς
2126 3086 2460 3155 συνθέσεως
2505 3087 2716 3151 αὐτῶν.
2771 3101 2774 3146 Ι
3049 3106 3102 3147 25

663 3194 721 3256 2.
754 3190 837 3255 ”H
867 3198 972 3274 τῆς
1004 3192 1149 3274 πρὸς
1177 3188 1404 3274 ἄλληλα
1437 3190 1671 3253 δύναταί
1698 3213 1781 3257 τις
1810 3191 1994 3271 λέγειν
2029 3189 2151 3273 [καὶ
2185 3190 2312 3274 τῆς]
2346 3194 2461 3253 τῶν
2494 3192 2696 3253 ἁπλῶν
2729 3194 3017 3273 σωμάτων
3058 3204 3126 3258 92

512 3296 795 3376 γενέσεως
838 3296 941 3378 τὴν
988 3295 1105 3357 ἀπὸ
1150 3298 1265 3357 τῶν
1314 3295 1491 3355 θείων
1536 3294 1771 3374 δύναμιν
1818 3294 2002 3356 αἰτίαν
2057 3294 2202 3356 εἶναι
2248 3294 2428 3376 αὐτὴν
2473 3296 2774 3378 γινομένην
2821 3296 3012 3358 αὐτῶν

402 3419 474 3466 30
510 3400 664 3468 εἶδός
707 3423 771 3462 τε
802 3400 895 3461 καὶ
926 3399 1115 3483 φύσιν.
1192 3400 1229 3480 ἠ
1276 3398 1385 3479 γὰρ
1432 3399 1539 3479 ὅλη
1585 3396 1676 3481 <ἣ>
1722 3397 1869 3459 κατὰ
1913 3399 2010 3459 τὸν
2058 3397 2273 3480 ἑαυτῆς
2316 3395 2484 3478 λόγον
2532 3396 2735 3465 ἅποιὸς
2780 3422 2840 3460 τε
2871 3398 3018 3475 οὖσα
3071 3420 3098 3458 5

510 3505 606 3566 καὶ
653 3503 1089 3587 ἀσχημάτιστος
1136 3500 1248 3563 ὑπὸ
1295 3505 1397 3583 τῆς
1444 3501 1559 3562 ἀπὸ
1607 3498 1762 3583 <τῆς>
1806 3506 1922 3562 τῶν
1969 3500 2144 3561 θείων
2192 3502 2478 3582 σωμάτων
2525 3503 2825 3583 δυνάμεως
2867 3527 3012 3585 γινο-

510 3605 687 3688 μένης
739 3604 875 3667 ἄνευ
923 3610 1025 3687 τῆς
1082 3604 1369 3687 ἐνεργείας
1426 3609 1601 3686 σῶμα
1655 3600 1777 3666 ἔστι
1834 3627 1896 3665 τε
1947 3604 2042 3666 καὶ
2085 3604 2326 3684 γίνεται,
2387 3604 2761 3667 εἰδοποιεῖταί
2808 3630 2869 3669 τε
2917 3611 3011 3671 καὶ

508 3711 957 3793 σχηματίζεται,
1013 3711 1095 3776 ὡς
1140 3709 1205 3770 τὸ
1253 3709 1357 3789 μὲν
1412 3709 1555 3792 πρὸς
1606 3713 1690 3791 τῷ
1738 3708 1885 3791 θείῳ
1945 3709 2171 3787 σώματι
2225 3706 2406 3789 αὐτῆς
2458 3710 2554 3771 καὶ
2599 3714 2854 3790 γειτνιῶν
2903 3708 3010 3794 [τι]

394 3940 429 3992 3
467 3940 708 3995 abromV
852 3941 883 3992 6
921 3938 977 3991 ὃν
1016 3940 1114 3991 del.
1136 3942 1226 4006 Sp.
1370 3938 1645 4009 ἐγγυτέρω]
1684 3939 1944 4010 ἐγγύτερον
1974 3940 2106 3991 vict.
2129 3942 2217 4006 Sp.
2363 3957 2417 3990 τε
2455 3942 2668 4008 scripsi:
2707 3942 2765 3994 τὸ
2803 3944 2950 3996 libri:
2990 3945 3117 3998 αὐτὸ

396 4046 476 4098 vel
516 4047 613 4097 del.
641 4049 730 4113 Sp.
890 4046 920 4097 9
960 4044 1088 4114 αὐτὴ
1134 4045 1348 4113 scripsi:
1386 4044 1543 4113 αὐτῆς
1578 4046 1698 4096 libri
1883 4046 1946 4096 10
1982 4050 2073 4115 γῆς
2100 4050 2262 4097 HBF:
2301 4032 2362 4098 το
2396 4066 2428 4116 η
2469 4047 2588 4113 (sic.)
2627 4051 2723 4117 γῆσ
2759 4052 2823 4099 V:
2861 4048 2918 4100 τὸ
2956 4049 2987 4119 ἢ
3026 4054 3116 4120 γῆς

394 4136 459 4186 S:
500 4135 561 4186 τὸ
598 4138 687 4203 γῆς
725 4151 756 4184 a
792 4136 881 4199 Sp.
1058 4132 1464 4199 ταύτὸν-τινος]
1492 4133 1709 4184 sortasse
1745 4130 1895 4185 ταῦτ’
1918 4134 1961 4185 εἰ
1999 4135 2085 4186 καί
2119 4152 2251 4191 τινος
2427 4135 2505 4203 τῷ·
2539 4136 2626 4186 καὶ
2662 4134 2743 4203 τὸ]
2780 4136 2999 4189 fortasse
3037 4142 3112 4208 τῷ

391 4222 559 4285 (εἶναι)
593 4222 725 4274 κατὰ
907 4222 963 4273 11
1004 4220 1175 4273 αὐτῶν
1201 4222 1415 4289 scripsi:
1454 4220 1594 4290 αὐτῷ
1624 4223 1910 4273 VHFSBa:
1950 4221 2118 4273 αὐτῶν
2157 4224 2322 4286 (εἶναι)
2353 4224 2487 4274 vict.
2527 4224 2619 4290 Sp.
2814 4224 2890 4274 11.
2923 4224 2986 4275 12
3026 4245 3110 4291 με-

390 4306 727 4377 ταλαμβάνων
764 4310 925 4361 viem
973 4308 1367 4378 μεταλαμβάνειν
1404 4313 1451 4360 11
1656 4310 1717 4361 12
1756 4308 1923 4361 πλεῖον
1962 4312 2097 4361 coni.
2135 4314 2249 4376 Sp.:
2289 4308 2518 4368 πλείονος
2554 4311 2673 4362 libri
2858 4311 2919 4362 13
2959 4311 3107 4363 ‘ca-‘av'

393 4396 528 4449 ἔσται
565 4398 776 4464 scripsi:
814 4395 1005 4469 ταύτησ
1038 4402 1134 4464 τῆσ
1171 4398 1315 4449 libri:
1355 4403 1512 4449 ταῦτα
1548 4401 1639 4467 τῆς
1676 4400 1763 4464 Sp.
1969 4396 2418 4467 μεταλαμβάνοντα
2457 4399 2667 4465 scripsi:
2707 4397 3107 4467 μεταλαμβάνειν

390 4483 533 4536 libri:
574 4484 943 4554 μεταλαμβάνει
980 4488 1068 4551 Sp.
1270 4486 1346 4553 τῷ
1380 4486 1438 4537 τὸ
1477 4487 1611 4537 vict.
1639 4489 1753 4552 Sp.:
1792 4490 1942 4537 τοῦτο
1981 4490 2028 4538 V
2033 4489 2224 4539 FHSa:
2263 4490 2352 4537 τοῦ
2389 4489 2432 4537 Β
2639 4487 2700 4538 14
2738 4486 2926 4555 αὐτοῖς]
2967 4488 3110 4557 αὐτῷ·

390 4574 525 4625 coni.
562 4574 653 4639 Sp.
827 4573 886 4625 15
924 4573 1139 4625 fortasse
1178 4571 1251 4641 εἴη
1290 4574 1367 4643 <ἡ>
1547 4574 1607 4625 21
1651 4569 1771 4625 κατ’
1800 4576 1961 4626 Vict.:
1999 4575 2088 4625 καὶ
2125 4573 2242 4627 libri
2405 4574 2469 4625 24
2509 4574 2605 4641 ὧν]
2647 4573 2770 4625 διότι
2798 4576 2932 4627 vict.
2960 4578 3047 4642 Sp.

390 4675 457 4729 25
493 4676 647 4728 αὐτοῦ
687 4680 735 4727 v
903 4676 971 4727 28
1006 4676 1039 4745 ἢ
1080 4680 1197 4729 GF:
1244 4664 1309 4748 ἦξε
1347 4679 1420 4729 sic
1458 4682 1532 4728 v:
1578 4677 1638 4747 ἧς
1683 4680 1879 4730 sima:
1938 4677 1999 4746 ἦν
2039 4678 2173 4729 vict.
2212 4680 2301 4743 sp.
2481 4677 2547 4729 28
2585 4678 2672 4729 καὶ
2708 4683 2798 4747 τῆς
2836 4680 2998 4731 delevi

389 4764 457 4815 30
508 4764 541 4833 ἣ
600 4764 774 4817 addidi
1025 4764 1087 4816 31
1146 4764 1244 4817 ἀπὸ
1292 4770 1440 4835 (τῆς)
1486 4767 1671 4832 scripsi
1920 4763 2212 4833 δυνάμεως]
2271 4764 2532 4832 δυνάμεων
2583 4784 2614 4817 a
2863 4767 2930 4818 32
2986 4768 3110 4819 ἄνευ

387 4850 500 4921 τῆς]
559 4852 777 4904 fortasse
826 4849 1021 4903 ἄνωθεν
1236 4854 1304 4905 33
1352 4860 1602 4920 γειτνειῶν
1642 4858 1689 4903 V
1902 4871 1950 4905 τι
1987 4853 2084 4905 del.
2124 4856 2212 4918 Sp.

492 4960 641 5009 Suppl.
672 4961 803 4999 Arist.
836 4961 871 4998 11
901 4956 929 4999 ⁸2
984 4961 1106 4999 Alex.
1137 4962 1295 5011 scripta
1326 4963 1502 4999 minora.
2661 4943 2702 5003 4
