3684 5567
1085 272 1156 325 ΙΙΙ
1229 273 1317 325 DE
1357 269 1716 324 CODIGIBUS
1754 270 1937 323 LIBRI
1978 270 2064 323 DE
2101 269 2280 322 FATO
2880 271 3035 310 xxxv

501 443 589 508 Ut
634 442 888 508 Gaselio
933 441 1344 526 Zanettiana‚
1397 443 1490 507 ita
1533 443 1862 508 ANoNYMo
1904 440 2142 506 Aldina
2200 439 2498 507 editionis
2551 438 3034 505 fundamentum

331 561 466 626 fuit.
563 568 904 646 praeterea
953 568 1168 628 autem
1237 569 1302 627 et
1353 562 1468 628 illa
1521 563 1580 628 ei
1635 570 1788 628 nota
1851 558 1971 625 fuit
2024 567 2090 625 et
2142 557 2484 642 Eusebius,
2551 567 2621 624 ut
2671 560 2738 624 in
2792 557 3038 645 praefa-

331 680 507 747 tione
549 680 691 766 ipse
733 679 994 748 fatetur:
1039 703 1197 766 quae
1237 683 1309 743 in
1352 681 1608 744 Aldinis
1650 678 2094 766 exemplaribus
2130 678 2383 745 Graecis
2426 690 2713 744 truncata
2754 691 2898 742 cunt
2928 689 3041 742 aut

333 802 544 885 quovis
585 801 764 863 modo
805 800 1099 864 mutilata
1141 823 1214 864 ea.-
1255 799 1518 865 Eusebio
1553 803 1797 886 partim
1840 823 1913 864 ex
1940 802 2290 864 coniectura
2317 821 2442 862 non
2468 821 2635 863 vana
2664 801 3039 868 restituimus

332 930 390 982 et
429 922 759 983 versionem
801 923 1200 1006 perspicuam
1249 923 1472 1006 maqis.
1499 942 1688 1006 quam
1740 922 2105 984 concinnam
2157 921 2507 984 adiecimm.
2604 924 2671 985 et
2723 917 3042 1004 supplevit

333 1038 589 1122 quidem
635 1059 716 1104 ex
761 1038 1040 1106 Eusebio
1089 1040 1544 1125 166,28—-29,
1605 1041 1874 1105 lacunas
1919 1047 2132 1106 autem
2177 1058 2338 1128 quas
2382 1059 2463 1105 ex
2506 1038 2717 1104 altera
2760 1037 3041 1103 editione

334 1159 572 1225 sarcire
615 1158 820 1245 potuit
863 1158 1117 1226 hiantes
1160 1160 1435 1244 reliquit.
1522 1180 1652 1225 non
1697 1159 1930 1225 desunt
1982 1159 2365 1226 emendandi
2419 1157 2760 1225 conamina
2804 1152 3042 1221 Oaselii

333 1277 704 1362 audaciora,
749 1280 926 1346 velut
972 1280 1184 1364 177,1.
1211 1281 1268 1346 2.
1298 1281 1337 1345 5
1385 1279 1642 1363 180‚16.

449 1473 452 1478 ,
506 1396 774 1464 Onu-Lm
819 1398 1084 1465 editioni
1137 1399 1416 1466 maxime
1459 1397 1699 1483 profuit
1749 1399 1923 1482 quod
1964 1399 2355 1465 Hauniensis
2408 1397 2752 1464 collatione
2780 1396 2896 1462 -uti
2940 1416 3047 1482 po-

335 1516 482 1600 tuit3
547 1536 756 1600 neque
803 1517 1074 1602 Caspari
1120 1515 1342 1584 Orellii
1386 1517 1728 1604 symbolis,
1771 1517 2003 1602 quibus
2045 1517 2272 1584 librum
2321 1519 2601 1602 ornavit,
2656 1517 2795 1584 sine
2837 1515 3047 1582 fructu
3158 1499 3161 1501 i

335 1639 539 1700 utere.
643 1636 783 1720 ipse
833 1643 1049 1703 autem
1104 1659 1222 1704 nec
1275 1636 1654 1705 recensendi
1700 1657 1820 1704 nec
1865 1638 2251 1705 emendandi
2303 1638 2550 1706 muneri
2604 1657 2723 1722 par
2765 1635 2833 1701 id
2876 1634 3049 1720 quod

332 1755 594 1838 ingenio
640 1756 934 1839 peccavit
975 1776 1059 1823 ne
1101 1757 1438 1840 diligentia
1481 1756 1738 1842 quidem
1769 1757 2228 1843 compensavit.
2317 1778 2470 1824 nam
2498 1755 2835 1823 adnotatio
2880 1773 3050 1822 erro-

332 1875 513 1942 ribus
557 1882 782 1942 scatet.

511 1997 664 2061 Post
716 1995 1065 2078 Bagolinos
1122 1997 1600 2080 elegantissime
1648 1997 1881 2064 librum
1948 1999 2146 2064 latine
2198 2000 2657 2084 interpretatus
2710 2003 2809 2062 est
2859 1993 3049 2060 Hneo

335 2115 625 2180 Gnonvs
677 2115 743 2179 in
794 2115 957 2182 libro
1012 2115 1522 2202 Philosophorum
1573 2129 1839 2182 veterum
1890 2120 1963 2183 de
2009 2120 2161 2204 fato
2204 2131 2260 2184 et
2300 2119 2372 2184 de
2413 2139 2478 2183 eo
2522 2117 2688 2203 quod
2727 2119 2798 2180 in
2838 2125 3053 2179 nostra

333 2245 424 2298 ert
466 2245 760 2320 potestate
801 2235 1075 2300 collectae
1115 2240 1360 2322 partim
1403 2249 1460 2302 et
1510 2239 1583 2303 de
1629 2261 1845 2324 qraeeo
1894 2261 2123 2324 versae,
2185 2237 2450 2305 Parisiis
2496 2238 2692 2322 16243
2756 2232 3053 2317 Lugduni

329 2353 733 2418 Batavorum
781 2354 963 2420 1648.
1004 2355 1184 2422 1679.
1251 2358 1618 2440 germanice
1651 2345 2008 2424 Scnvnrnss
2051 2357 2118 2423 in
2166 2357 2327 2424 libro
2358 2355 2700 2421 Bibliothek
2744 2356 2852 2420 der
2888 2355 3054 2441 qrie-

329 2471 608 2536 ehisclzen
651 2473 1056 2561 Philosophen
1100 2476 1169 2540 T.
1216 2477 1303 2543 IV
1361 2501 1419 2564 p.
1464 2479 1588 2544 150
1611 2498 1736 2563 sq.,
1792 2479 2025 2562 gallice
2077 2477 2449 2544 Noumsson
2502 2477 2568 2541 in
2622 2476 2784 2542 libro
2840 2475 2939 2539 De
2992 2475 3057 2538 la

330 2590 547 2656 liberte
584 2603 642 2657 et
683 2594 769 2658 du
809 2593 1044 2658 hasard
1086 2595 1272 2663 Paris
1321 2599 1502 2665 1870.

510 2711 917 2798 Chrysippea
971 2735 1051 2780 ex
1093 2716 1451 2783 Alexandri
1503 2717 1667 2782 libro
1725 2716 1985 2800 collegit
2051 2721 2117 2783 et
2181 2717 2503 2796 recensuit
2554 2718 2632 2783 A.
2680 2715 2946 2781 Gnncxn
2987 2713 3056 2779 in

329 2831 822 2916 Supplementis
875 2835 1202 2899 annalium
1262 2834 1730 2938 philologorum
1787 2835 1942 2901 anni
1996 2836 2161 2902 1885
2218 2858 2280 2922 p.
2325 2836 2447 2901 691
2483 2857 2620 2920 sqq.
2711 2834 3056 2901 nonnullos

325 2953 516 3018 locos
546 2951 848 3018 tractavit
877 2952 1121 3019 Heine
1151 2953 1219 3019 in
1249 2961 1724 3044 programmate
1755 2953 2147 3034 „Stoicorum
2175 2957 2248 3018 de
2274 2955 2424 3039 fato
2453 2956 2777 3020 doctrina“
2820 2955 3056 3020 Naum-

327 3072 526 3156 burgi
576 3073 762 3138 1855.

2575 4971 2669 5037 C*
