3684 5567
1464 232 1747 290 BIBMON
1786 233 2042 291 TPITON
2087 236 2149 288 12
3027 233 3146 297 105

552 406 657 490 γὰρ
697 408 749 469 εἰ
790 409 893 489 μὲν
924 408 989 471 τὸ
1020 408 1451 491 πεπερασμένον
1483 416 1557 494 τῇ
1589 410 1765 473 αὑτοῦ
1797 410 1967 493 φύσει
1997 408 2113 493 <τὸ>
2144 409 2500 491 πεπεράνθαι
2531 407 2676 493 ἔχει,
2711 410 2772 472 τὸ
2804 408 2868 471 δὲ
2899 403 3040 488 πρός
3068 420 3121 462 15

555 534 606 572 τι
636 511 915 594 περαίνειν
964 508 1078 593 [ἐν]
1113 514 1187 593 τῇ
1221 513 1365 595 πρὸς
1402 511 1543 574 ἄλλο
1574 512 1778 597 σχέσει
1805 516 2082 588 τοιοῦτον,
2128 512 2233 574 οὐκ
2264 510 2331 574 ἂν
2369 510 2462 594 εἴη
2509 512 2572 574 τὸ
2605 508 3038 594 πεπερασμένον

557 614 617 675 ἐν
662 618 745 697 τῷ
778 612 1064 698 περαίνειν
1110 614 1251 699 πρός
1303 638 1355 677 τι
1395 614 1458 678 ὂν
1504 616 1671 684 ἐκτὸς
1699 616 1896 679 αὐτοῦ.
1987 616 2105 700 χρὴ
2151 614 2260 698 γὰρ
2303 616 2399 678 τὸν
2441 614 2741 696 εἰσάγοντα
2787 612 2880 674 διὰ
2925 614 3040 673 τῶν

556 714 740 797 λόγων
785 717 953 801 φύσιν
998 718 1185 787 οὕτως
1214 716 1427 781 ἄτοπον
1471 720 1569 782 καὶ
1612 724 1730 788 τοῖς
1774 717 1906 782 οὖσί
1947 742 2008 781 τε
2051 720 2149 781 καὶ
2191 717 2506 800 γινομένοις
2551 714 2912 801 μαχομένην,
2959 718 3122 783 ὡς20

486 838 514 886 5
554 818 877 901 ἐδείξαμεν,
932 821 1037 883 οὐκ
1082 820 1147 883 ἐκ
1194 822 1469 906 βραχείας
1524 820 1905 907 πιθανότητος
1949 822 2240 885 ποιεῖσθαι
2289 821 2393 903 τὴν
2437 819 2794 901 κατασκευήν
2841 840 2904 880 τε
2945 817 3040 879 καὶ

556 923 661 1005 τὴν
706 923 891 986 πίστιν
944 924 1149 1007 αὐτῆς,
1204 923 1339 987 οὐδὲ
1392 924 1508 987 ἀπὸ
1562 925 1996 1010 συμβεβηκότος
2051 923 2201 992 τινός
2252 944 2364 986 τισι
2419 925 2534 984 τῶν
2587 920 3038 1005 πεπερασμένων

552 1026 655 1107 τὴν
700 1026 865 1108 φύσιν
910 1030 1011 1089 τοῦ
1056 1027 1495 1111 πεπερασμένου
1542 1029 1950 1112 λαμβάνοντος.
2027 1026 2157 1090 οὔτε
2202 1027 2308 1108 γὰρ
2355 1024 2551 1087 ἕπεται
2593 1028 2760 1086 τοῦτο
2807 1024 2902 1086 ἐπὶ
2947 1026 3034 1108 τῷ
3063 1037 3117 1080 25

554 1128 771 1211 λέγοντι
816 1128 879 1190 τὸ
925 1132 1038 1191 πᾶν
1083 1129 1226 1192 εἶναι
1255 1130 1706 1213 πεπερασμένον,
1752 1130 1886 1194 οὔτε
1931 1131 1995 1193 ἐκ
2040 1135 2144 1214 τῆς
2185 1128 2519 1211 αἰσθήσεως
2563 1124 2770 1211 ἔχουσί
2810 1150 2862 1189 τι
2907 1128 3035 1210 περὶ

553 1231 729 1294 αὐτοῦ
775 1235 1000 1294 τοιοῦτο
1048 1230 1055 1301 Ι
1104 1231 1317 1314 λέγειν,
1374 1234 1413 1315 ἥ
1459 1255 1522 1295 τε
1564 1232 1680 1295 ἀπὸ
1724 1236 1839 1295 τῶν
1895 1233 2006 1295 ὑπὸ
2060 1233 2165 1315 τὴν
2218 1230 2489 1314 αἴσθησιν
2545 1229 2994 1314 πεπερασμένων
3039 1235 3143 1291 202

453 1355 514 1402 ιο
550 1335 868 1418 παράθεσις
920 1334 1032 1419 οὐχ
1078 1336 1277 1417 ὁμοία,
1333 1334 1493 1417 εἴγε
1548 1340 1723 1398 ταῦτα
1781 1337 1884 1417 μὲν
1939 1336 2301 1416 ὁμολογεῖται
2353 1335 2494 1416 πρὸς
2548 1338 2632 1417 τῷ
2679 1332 3037 1416 πεπεράνθαι

551 1438 667 1520 [τὸ]
711 1438 807 1499 καὶ
854 1436 1003 1520 μέρη
1059 1442 1159 1500 τοῦ
1205 1438 1416 1505 παντὸς
1466 1437 1639 1513 εἶναι,
1698 1440 1764 1501 τὸ
1818 1440 1882 1501 δὲ
1934 1442 2048 1500 πᾶν
2103 1436 2301 1499 οὐκέθ’
2356 1436 2477 1500 οἷόν
2531 1458 2591 1498 τε
2648 1436 2817 1520 μέρος
2869 1434 3034 1503 τινός.
3091 1452 3118 1494 5

546 1540 633 1603 ὅτι
696 1540 759 1603 δὲ
818 1541 898 1623 μὴ
952 1540 1049 1602 ἐπὶ
1102 1542 1329 1603 πάντων
1388 1545 1461 1622 τῇ
1516 1541 1789 1623 αἰσθήσει
1842 1540 2158 1626 χρηστέον,
2221 1540 2380 1604 αὐτοὶ
2435 1541 2574 1623 πρὸς
2628 1538 2724 1609 οὓς
2778 1540 2808 1601 ὃ
2868 1538 3035 1621 λόγος

544 1643 881 1719 δεικνύασιν,
927 1641 1119 1725 ἄτομά
1155 1642 1223 1724 γέ
1267 1666 1389 1705 τινα
1430 1643 1651 1727 μεγέθη
1698 1644 1988 1727 τιθέμενοι
2028 1643 2371 1705 ἐκπίπτοντα
2403 1643 2502 1725 τὴν
2535 1641 2820 1725 αἰσθητὴν
2866 1641 3033 1725 φύσιν

546 1746 639 1809 καὶ
686 1746 847 1809 κενόν
893 1768 947 1807 τι
989 1744 1133 1807 εἶναι
1177 1744 1435 1827 λέγοντες
1478 1747 1574 1809 καὶ
1620 1747 1809 1831 ἀμερῆ
1861 1770 1985 1810 τινα
2030 1747 2125 1809 καὶ
2172 1746 2456 1828 ἀσώματα
2508 1744 2603 1807 καὶ
2647 1746 2898 1828 κινήσεις
2938 1745 3034 1807 καὶ

446 1868 506 1917 15
546 1848 792 1934 χρόνους
834 1846 1215 1931 εἰσαγόμενοι.
3060 1864 3116 1905 ιο

704 1948 802 2019 Ὡς
846 1951 911 2013 δὲ
952 1950 1023 2035 ἦν
1069 1951 1274 2014 τούτου
1320 1954 1421 2013 τοῦ
1467 1950 1642 2034 λόγου
1695 1953 1810 2015 ἀπὸ
1855 1952 2289 2039 συμβεβηκότος
2333 1958 2451 2021 τοῖς
2495 1950 2947 2036 πεπερασμένοις
2990 1952 3028 2035 ἡ

548 2055 924 2139 ἐπιχείρησις,
970 2051 1090 2116 ἀλλ’
1135 2054 1240 2116 οὐκ
1284 2054 1401 2117 ἀπὸ
1433 2059 1537 2137 τῆς
1579 2054 1777 2123 οὐσίας
1821 2060 1923 2118 τοῦ
1955 2056 2410 2139 πεπερασμένου,
2455 2056 2549 2118 καὶ
2583 2056 2698 2117 ἀπὸ
2744 2059 2847 2137 τῆς
2888 2053 3036 2117 κατὰ

540 2157 644 2241 τὴν
689 2156 957 2239 αἴσθησιν
1012 2156 1350 2239 συνηθείας,
1406 2158 1510 2219 οὐκ
1554 2158 1671 2220 ἀπὸ
1728 2163 1835 2240 τῆς
1888 2158 2036 2221 κατὰ
2087 2159 2183 2221 τὸν
2236 2157 2404 2241 λόγον
2448 2158 2824 2233 ἀκολουθίας,
2882 2157 3035 2219 οὕτω
3065 2172 3116 2215 15

545 2260 609 2323 δὲ
652 2262 750 2322 καὶ
793 2260 889 2322 ἐπὶ
932 2264 1033 2322 τοῦ
1078 2258 1369 2343 δευτέρου,
1413 2260 1477 2327 ὃς
1518 2260 1669 2328 ἀξιοῖ
1708 2261 1804 2322 τὸν
1850 2260 1910 2321 ἐν
1956 2265 2039 2345 τῷ
2085 2260 2286 2346 πέρατι
2330 2266 2430 2325 τοῦ
2477 2261 2685 2329 παντὸς
2729 2258 3034 2341 γενόμενον

438 2382 505 2429 20
542 2363 809 2426 ἐκτείνειν
854 2385 917 2425 τε
960 2362 1225 2425 ἐπέκεινα
1267 2366 1370 2427 τοῦ
1414 2361 1725 2447 πέρατοςῆ
1772 2364 2250 2447 κωλυθήσεσθαι,
2297 2363 2641 2448 ἀμφοτέρως
2687 2364 2750 2425 δὲ
2795 2360 3042 2427 ἔσεσθαί

540 2490 591 2529 τι
636 2470 736 2529 τοῦ
766 2466 977 2534 παντὸς
1006 2464 1189 2533 ἐκτός.
1256 2466 1353 2528 καὶ
1396 2466 1500 2549 γὰρ
1532 2466 1699 2535 οὗτος
1730 2467 1846 2530 ἀπὸ
1879 2472 1994 2532 τῶν
2043 2466 2160 2552 [ἐκ]
2197 2474 2386 2553 μερῶν
2431 2466 2886 2550 πεπερασμένων
2930 2467 3032 2549 τὴν
3059 2482 3116 2525 eo

546 2568 905 2653 ἐπιχείρησιν
951 2568 1045 2631 ἐπὶ
1090 2568 1155 2631 τὸ
1187 2572 1299 2631 πᾶν
1347 2568 1659 2653 μεταφέρει
1702 2571 1798 2632 καὶ
1844 2571 1997 2639 ἀξιοῖ
2035 2576 2156 2640 τοῖς
2199 2572 2316 2634 ἀπὸ
2362 2576 2466 2653 τῆς
2509 2570 2639 2653 περὶ
2685 2568 2852 2632 ταῦθ’
2893 2572 3032 2652 ἡμῖν

540 2673 878 2756 αἰσθήσεώς
926 2694 989 2733 τε
1043 2673 1139 2734 καὶ
1182 2670 1283 2733 ἀπ’
1339 2671 1527 2735 αὐτῶν
1582 2672 1896 2755 φαντασίας
1947 2674 2248 2757 γινομένης
2300 2674 2556 2757 χρῆσθαι
2614 2676 2693 2741 ὡς
2747 2672 2841 2735 ἐπὶ
2897 2674 3031 2735 πάν-

544 2798 658 2837 των
706 2775 891 2843 οὕτως
935 2773 1206 2858 ἐχούσης.
1295 2775 1360 2837 τὸ
1406 2770 1455 2837 δ’
1512 2773 1626 2859 οὐχ
1672 2775 1856 2842 οὕτως
1899 2774 2046 2860 ἔχει.
2135 2778 2200 2839 οὐ
2245 2777 2356 2860 γὰρ
2401 2777 2465 2838 τὸ
2509 2775 2852 2859 φαινόμενον
2899 2778 3034 2859 ἀλη-

442 2896 507 2944 25
546 2878 667 2947 θές.
757 2876 824 2939 οὐ
869 2876 977 2960 γὰρ
1020 2876 1072 2939 εἰ
1118 2877 1431 2959 φαντασίαν
1477 2878 1683 2939 ἑαυτοῦ
1736 2901 1819 2945 τις
1873 2880 2042 2963 λάβοι
2097 2878 2256 2947 ὄντος
2309 2876 2368 2940 ἔν
2413 2899 2521 2941 τισι
2569 2880 2791 2954 τόποις,
2845 2878 2906 2941 ἐν
2950 2879 3036 2947 οἷς
3061 2894 3116 2938 25

536 2980 575 3064 ἥ
619 3003 759 3043 ποτε
804 2980 1029 3062 γέγονεν
1076 2981 1113 3062 ἢ
1166 2978 1172 3064 Ι
1222 2980 1359 3043 οὐδὲ
1410 2980 1605 3061 γέγονε
1660 2980 1763 3063 τὴν
1819 2981 2041 3066 ἀρχήν,
2099 2982 2193 3044 διὰ
2245 2986 2410 3044 τοῦτο
2466 2984 2560 3043 καὶ
2612 2978 2762 3044 ἔστιν
2823 2978 2982 3043 ἔνθα.
3031 2988 3135 3046 203

541 3084 687 3166 [οἷόν
732 3084 821 3165 τε]
865 3088 965 3146 τοῦ
1010 3085 1115 3167 γὰρ
1164 3085 1246 3167 μὴ
1292 3086 1404 3145 πᾶν
1449 3082 1515 3145 τὸ
1560 3081 1900 3167 φαινόμενον
1949 3085 2166 3167 ἀληθὲς
2210 3083 2354 3146 εἶναι
2399 3084 2564 3146 ἱκανὰ
2611 3084 2890 3168 μαρτύρια
2935 3084 3030 3147 καὶ

540 3186 611 3249 τὰ
654 3185 1033 3268 κοιμωμένων
1078 3189 1174 3250 καὶ
1205 3186 1597 3270 ἐργηγορότων
1644 3186 1781 3250 κενὰ
1813 3186 2082 3268 γινόμενα
2124 3189 2524 3272 φαντάσματα,
2571 3186 2656 3256 οἷς
2687 3186 2886 3269 ὅμοιον
2935 3190 3028 3251 καὶ
3083 3204 3110 3245 5

544 3290 607 3351 τὸ
640 3288 1021 3353 ὑποτίθεσθαι
1067 3290 1125 3352 ἐν
1173 3294 1255 3373 τῷ
1290 3288 1495 3374 πέρατί
1539 3314 1660 3352 τινα
1691 3290 1950 3372 γίνεσθαι
1996 3295 2097 3353 τοῦ
2127 3292 2338 3359 παντὸς
2379 3295 2496 3353 τῶν
2528 3291 2858 3371 δυναμένων
2904 3290 3030 3353 ἐπέ-

433 3410 501 3459 30
534 3416 691 3455 κεινα
742 3396 843 3455 τοῦ
898 3391 1144 3477 πέρατος
1198 3393 1463 3455 ἐκτείνειν
1518 3417 1571 3456 τι
1622 3394 2026 3477 κρατούμενον.
2117 3393 2172 3455 τί
2218 3394 2326 3478 γὰρ
2387 3394 2642 3477 διαφέρει
2697 3396 2874 3478 τῆσδε
2928 3400 3031 3478 τῆς

536 3495 845 3579 φαντασίας
889 3518 949 3557 τε
1000 3496 1095 3558 καὶ
1144 3496 1483 3564 ὑποθέσεως
1536 3498 1603 3559 τὸ
1649 3498 1708 3559 ἐν
1755 3503 1839 3581 τῷ
1889 3499 1971 3581 μὴ
2019 3495 2134 3559 ὄντι
2181 3498 2384 3559 ἑαυτὸν
2429 3497 2723 3581 γινόμενον
2771 3497 3032 3561 ὑποτίθε-

537 3598 673 3660 σθαι
716 3599 811 3662 καὶ
861 3602 1078 3682 ζητεῖν,
1135 3600 1373 3683 πότερον
1432 3599 1605 3662 αὐτὸν
1651 3602 1960 3684 προσιόντα
2011 3600 2174 3683 αὐτῷ
2230 3599 2602 3683 παραδέξεται
2656 3601 2693 3683 ἢ
2741 3601 2808 3663 οὐ
2853 3624 3031 3685 παρα·
3060 3618 3113 3660 ¹⁰

535 3700 769 3781 δέξεται,
824 3703 919 3766 καὶ
973 3701 1213 3785 πότερον
1271 3704 1566 3785 γινόμενος
1618 3705 1678 3766 ἐν
1721 3704 1885 3788 αὐτῷ
1933 3705 2206 3786 στήσεται
2251 3702 2342 3786 <ἦ>
2386 3704 2554 3767 οὐδὲν
2599 3706 2664 3767 τὸ
2709 3706 3028 3789 ἀντιβαῖνον

534 3802 647 3872 ἕξει
690 3806 786 3867 καὶ
832 3806 1076 3869 ἐκτεῖναι
1124 3807 1226 3889 τὴν
1271 3812 1442 3891 χεῖρα
1488 3809 1797 3891 δυνήσεται
1842 3808 1880 3890 ἢ
1927 3806 2199 3889 ἐμποδὼν
2245 3804 2404 3870 ἔσται
2449 3832 2501 3869 τι
2546 3808 2737 3890 αὐτῷ,
2790 3808 2878 3871 ὅτι
2921 3810 3027 3894 γὰρ

430 3924 495 3973 35
532 3908 747 3970 τούτων
798 3908 1111 3972 ὑποθετέον
1166 3911 1224 3972 τί
1261 3910 1382 3973 ἐστι
1426 3912 1491 3973 τὸ
1540 3912 1622 3994 μὴ
1669 3909 1750 3973 ὄν.
1841 3912 1928 3974 διὸ
1975 3911 2198 3996 βέλτιον
2252 3910 2353 3980 τὰς
2407 3912 2671 3979 τοιαύτας
2715 3912 3031 3997 φαντασίας
3057 3928 3109 3970 15

535 4007 793 4094 ἐλέγχειν
840 4010 1015 4081 οὔσας
1062 4015 1248 4091 κενάς,
1303 4014 1624 4095 ἑπομένους
1666 4018 1791 4084 ταῖς
1835 4014 1928 4077 διὰ
1972 4020 2088 4077 τῶν
2133 4012 2320 4095 λόγων
2367 4014 2688 4083 ἀποδείξεσι
2733 4017 2830 4078 καὶ
2873 4040 3027 4101 χρω-

431 4216 453 4267 1
493 4216 584 4287 γὰρ
622 4232 662 4269 s.
701 4233 749 4267 v.
789 4220 835 4269 V
1036 4217 1189 4270 αὐτοῦ
1229 4224 1277 4273 V
1476 4218 1535 4271 τὸ
1573 4220 1689 4272 add.
1729 4223 1816 4287 Sp.
2020 4220 2124 4290 ἔχει
2160 4218 2223 4273 S2
2258 4223 2370 4287 Sp.:
2412 4221 2544 4293 ἔχειν
2583 4221 2703 4274 libri
2883 4220 2914 4271 2
2955 4221 3007 4272 ἐν
3047 4221 3132 4273 de·

425 4303 525 4355 levi
675 4304 707 4356 3
744 4304 963 4359 fortasse
999 4306 1167 4371 (εἶναι)
1204 4307 1257 4359 ἐν
1398 4306 1547 4363 ἐκτὸς
1581 4306 1737 4359 αὐτοῦ
1774 4309 1982 4375 scripsi:
2023 4309 2080 4360 ἐκ
2118 4306 2358 4360 τοσούτου
2385 4309 2504 4361 libri
2654 4310 2686 4360 4
2722 4309 2992 4376 γινομένοις
3013 4312 3136 4363 BSa

426 4411 541 4476 Sp.:
587 4397 835 4478 γινομένω
871 4412 947 4463 sic
984 4412 1027 4462 V
1205 4412 1235 4461 7
1274 4410 1593 4480 λαμβάνοντα
1630 4411 1888 4464 Schwartz
2066 4412 2166 4480 ἐπὶ]
2213 4414 2430 4465 fortasse
2467 4412 2538 4464 ἔτι
2715 4412 2746 4463 8
2793 4411 2858 4479 τι]
2900 4417 2990 4481 τῆς
3026 4429 3057 4464 a

430 4496 485 4547 11
545 4496 601 4549 τὸ
638 4498 735 4550 del.
772 4496 835 4552 S²
872 4502 960 4566 Sp.
1157 4498 1219 4549 13
1274 4496 1549 4551 δεικνύασιν
1596 4500 1805 4565 scripsi:
1865 4498 2107 4552 δείκνυσιν
2148 4505 2210 4551 V:
2267 4500 2507 4553 δεικνῦσιν
2547 4503 2634 4566 Sp.
2857 4501 2914 4551 16
2971 4499 3022 4551 δὲ
3071 4500 3134 4569 ἠν

425 4586 586 4637 GFSa
622 4586 737 4652 Sp.:
774 4584 827 4637 δε
864 4604 925 4657 ην
965 4587 1039 4638 sic
1060 4590 1123 4637 V:
1162 4585 1280 4655 δέην
1318 4588 1360 4637 Β
1571 4594 1675 4643 τοῖς
1701 4588 1834 4638 vict.
1874 4590 1987 4654 Sp.:
2032 4605 2078 4638 τι
2113 4588 2144 4657 ὴ
2179 4592 2240 4639 V:
2280 4607 2326 4640 τι
2362 4588 2395 4657 ἢ
2435 4588 2500 4639 B:
2538 4596 2586 4641 τι
2621 4588 2653 4657 ἦ
2693 4591 2760 4640 F:
2799 4588 2846 4639 τὶ
2881 4588 2914 4655 ἣ
2957 4590 3030 4639 Sa

423 4668 491 4721 20
525 4670 603 4739 τε]
640 4672 861 4725 fortasse
888 4691 936 4723 τι
1123 4670 1512 4741 κωλυθήσεσθαι
1538 4678 1651 4739 Sp.:
1691 4672 2044 4743 κωλυθήσεται
2085 4678 2200 4728 libri
2383 4677 2442 4727 21
2485 4677 2544 4727 ἐκ
2582 4676 2746 4728 delevi
2929 4675 2996 4727 22
3031 4681 3134 4733 τοῖς

421 4760 536 4824 Sp.:
573 4760 636 4811 τὰ
660 4759 780 4811 libri
959 4758 1021 4810 27
1064 4760 1165 4812 οἶόν
1202 4779 1255 4812 τε
1292 4761 1482 4813 delevi:
1525 4760 1627 4811 οἶον
1665 4762 1745 4813 ταί
1781 4780 1834 4813 τε
1863 4765 1934 4815 G:
1975 4757 2104 4833 ᾤετο
2143 4764 2277 4814 coni.
2307 4766 2393 4828 Sp.
2574 4763 2640 4813 29
2678 4768 2781 4813 τῶν
2819 4761 2948 4831 δυν.]
2988 4762 3132 4815 δυνά-

423 4862 566 4911 μενον
604 4845 862 4899 Schwartz
1042 4846 1109 4899 33
1144 4846 1177 4916 ἢ
1218 4848 1424 4901 addidi=
1470 4848 1556 4899 καὶ
1592 4848 1708 4901 add.
1750 4851 1884 4901 Vict.
2065 4851 2132 4901 34
2167 4850 2199 4916 ἠ
2243 4854 2286 4901 V
2465 4850 2531 4902 35
2569 4850 2788 4903 fortasse
2821 4850 2990 4921 τούτῳ
