3684 5567
531 284 614 348 82
1508 280 1813 337 ΑΠΟΡΙΩΝ
1857 278 1974 336 ΚΑΙ
2016 278 2284 334 ΛΥΣΕΩΝ

642 454 978 539 τελειότητα
1042 454 1289 540 πρόοδος
1346 460 1452 539 τῆς
1501 455 1786 538 γενέσεως
1837 452 2017 517 αὐτοῦ
2075 453 2270 537 μέρος.
2372 449 2583 536 τρόπον
2641 448 2740 513 οὖν
2799 474 2918 513 τινα
2974 450 3146 535 μέρος

644 562 750 640 τῆς
792 558 1077 641 γενέσεως
1120 563 1226 642 τῆς
1252 558 1465 643 τέχνης
1508 561 1605 621 καὶ
1650 560 1688 641 ἡ
1735 558 1853 621 ἀπὸ
1900 562 2002 640 τῆς
2044 556 2220 626 ἕξεως
2264 558 2346 624 εἰς
2390 557 2494 638 τὴν
2525 554 2814 639 ἐνέργειαν
2859 554 3152 639 μεταβολὴ

640 661 914 745 γινομένη
971 660 1065 724 διὰ
1118 662 1405 745 κινήσεών
1460 683 1655 735 τινων,
1710 660 1837 723 ἐπεὶ
1891 660 1988 723 καὶ
2043 663 2207 722 πᾶσα
2259 658 2478 740 γένεσις
2532 660 2697 720 δοκεῖ
2745 657 3006 738 γίνεσθαι
3056 654 3152 718 διὰ

601 790 617 797 ·
642 762 951 845 κινήσεων.
1040 760 1161 825 ἀλλ’
1202 764 1255 825 εἰ
1299 767 1468 825 τοῦτο
1513 762 1609 825 ἐπὶ
1652 766 1769 824 τῶν
1812 766 2038 847 τεχνῶν
2085 763 2204 846 χρὴ
2251 760 2454 843 λέγειν,
2500 758 2618 844 ἆρά
2659 782 2726 840 γε
2771 761 2862 823 δεῖ
2901 759 2970 821 τὸ
3011 757 3152 821 αὐτὸ
3183 772 3236 815 15

567 884 597 933 5
636 869 806 929 τοῦτο
851 864 1033 948 λέγειν
1066 867 1161 929 καὶ
1204 865 1299 928 ἐπὶ
1339 870 1457 928 τῶν
1503 864 1653 927 κατὰ
1698 864 1801 933 τὰς
1833 864 2200 949 θεωρητικὰς
2240 863 2584 946 ἐπιστήμας,
2629 862 2934 945 ἐνεργειῶν
2979 883 3148 923 τινων

641 966 836 1030 οὐσῶν
880 968 976 1031 καὶ
1021 967 1243 1049 αὐτῶν;
1307 966 1456 1031 πολὺ
1501 968 1609 1052 γὰρ
1655 967 1752 1029 ἐπὶ
1794 967 2016 1031 τούτων
2068 966 2458 1049 εὐλογώτερον
2503 966 2568 1028 τὸ
2618 965 2699 1048 μὴ
2743 964 2892 1027 εἶναι
2932 962 3152 1047 κίνησίν

635 1092 778 1135 τινα.
868 1069 990 1133 ἀλλ’
1046 1072 1098 1133 εἰ
1142 1070 1261 1155 χρὴ
1316 1071 1413 1133 καὶ
1466 1074 1648 1133 ταῦτα
1699 1070 1948 1152 γενέσεις
1993 1068 2206 1151 λέγειν,
2259 1072 2422 1131 πᾶσα
2473 1069 2539 1131 δὲ
2591 1067 2812 1149 γένεσις
2854 1066 2954 1130 διὰ
2998 1066 3150 1149 κινή-
3175 1080 3234 1122 so

637 1192 807 1247 σεως,
852 1172 949 1235 διά
991 1194 1161 1235 τινων
1205 1172 1563 1253 κινουμένων
1618 1170 1713 1256 εἴη
1761 1170 1831 1235 ἂν
1875 1171 2146 1256 γινομένη
2202 1172 2400 1235 τοιάδε
2449 1170 2687 1253 γένεσις.
2776 1170 2816 1253 ἦ
2863 1171 2954 1233 δεῖ
2993 1174 3150 1252 πρῶ·

636 1297 731 1337 τον
774 1274 1045 1356 γενέσθαι
1088 1277 1374 1358 γνώριμον
1406 1275 1489 1344 εἰς
1520 1275 1669 1344 τίνος
1698 1273 2032 1357 τελειότητα
2061 1275 2101 1357 ἡ
2141 1275 2338 1337 τοιάδε
2370 1272 2628 1357 ἐνέργεια
2658 1275 2932 1337 συντελεῖ.
3009 1272 3048 1355 ἢ
3087 1272 3148 1335 αἱ

539 1398 597 1443 10
637 1378 741 1460 μὲν
771 1376 921 1441 κατὰ
950 1377 1053 1447 τὰς
1084 1376 1292 1462 τέχνας
1334 1398 1375 1437 «x-
1420 1398 1462 1438 -κ-
1506 1398 1547 1439 κ·
1575 1383 1693 1441 τῶν
1723 1382 1951 1463 τεχνῶν
1983 1378 2079 1441 καὶ
2109 1382 2224 1439 τῶν
2256 1376 2358 1445 τὰς
2387 1376 2596 1461 τέχνας
2627 1375 2906 1459 ἐχόντων,
2933 1373 2941 1459 Ι
2975 1374 3127 1438 καθό
3159 1380 3256 1437 154

635 1482 751 1545 εἰσι
794 1484 1080 1565 τεχνῖται,
1127 1481 1222 1543 ἐπὶ
1267 1481 1333 1543 δὲ
1376 1484 1477 1543 τοῦ
1522 1484 1625 1544 νοῦ
1670 1482 1766 1543 καὶ
1809 1486 1928 1543 τῶν
1973 1481 2198 1563 ἀρετῶν
2245 1480 2341 1542 καὶ
2386 1485 2502 1541 τῶν
2548 1479 2927 1561 θεωρητικῶν
2973 1476 3148 1546 ἕξεων

632 1583 714 1652 εἰς
765 1584 871 1666 τὴν
926 1587 1027 1645 τοῦ
1082 1583 1397 1667 ἀνθρώπου
1454 1582 1522 1645 ἂν
1566 1583 1903 1666 τελειότητα
1960 1585 2226 1659 συντελοῖ
2275 1583 2314 1664 ἡ
2359 1581 2478 1643 ἀπὸ
2531 1584 2650 1642 τῶν
2703 1579 2882 1649 ἕξεων
2926 1578 3143 1643 τούτων

636 1682 917 1768 ἐνέργεια,
962 1682 1125 1767 εἴγε
1167 1685 1265 1747 καὶ
1308 1686 1371 1747 αἱ
1414 1684 1560 1754 ἕξεις
1603 1684 1772 1748 αὗται
1817 1683 2182 1768 τελειότητές
2227 1684 2338 1771 εἰσι
2383 1687 2490 1767 τῆς
2535 1686 2636 1745 τοῦ
2681 1682 3000 1766 ἀνθρώπου
3043 1682 3146 1766 φό-
3199 1696 3228 1738 5

636 1806 814 1865 σεως,
870 1787 1022 1850 καθὸ
1066 1784 1378 1870 ἅνθρωπός
1430 1786 1572 1850 ἐστι.
1663 1788 1876 1871 κυρίως
1929 1786 2040 1871 γὰρ
2092 1785 2400 1869 ἄνθρωπος
2453 1786 2486 1847 ὁ
2531 1784 2635 1853 τὰς
2679 1784 2824 1854 ἕξεις
2879 1780 3036 1869 ἔχων
3081 1806 3145 1846 τε

536 1908 594 1958 15
634 1890 731 1953 καὶ
776 1890 1027 1974 ἐνεργῶν
1080 1888 1229 1953 κατὰ
1283 1890 1523 1966 ταύτας,
1577 1890 1715 1953 καθ’
1769 1890 1839 1959 ἃς
1883 1894 1968 1973 τῷ
2026 1890 2326 1973 ἀνθρώπῳ
2379 1888 2446 1951 τὸ
2493 1888 2748 1971 μάλιστα
2789 1888 2886 1950 καὶ
2930 1887 3146 1970 κυρίως

634 1991 779 2056 εἶναι
824 1993 1145 2077 ἀνθρώπῳ.
1234 1992 1295 2055 αἳ
1348 1994 1421 2075 δὴ
1479 1994 1844 2057 διδασκαλίαι
1895 1992 2148 2074 κινήσεις
2201 2014 2264 2055 τε
2315 1992 2416 2055 καὶ
2469 1992 2812 2058 ἀλλοιώσεις
2861 1990 2973 2053 εἰσὶ
3027 1994 3142 2051 τῶν
3175 2004 3228 2046 m

633 2094 837 2171 ἕξεων,
892 2096 1113 2159 τούτων
1166 2097 1459 2178 ποιητικαὶ
1516 2094 1587 2158 δι’
1645 2098 1727 2158 ὧν
1782 2098 1821 2178 ἡ
1877 2100 1980 2159 τοῦ
2026 2095 2344 2178 ἀνθρώπου
2397 2092 2689 2177 τελειότης
2731 2093 2975 2175 γίνεται,
3029 2091 3142 2154 εἶεν

632 2196 699 2259 ἂν
744 2198 842 2260 καὶ
886 2200 1002 2259 τῶν
1047 2194 1153 2259 ἀπ’
1211 2197 1405 2261 αὐτῶν
1450 2198 1748 2281 ἐνεργειῶν
1802 2197 2008 2272 αἴτιαι,
2061 2196 2125 2261 εἴ
2159 2220 2226 2280 γε
2270 2200 2385 2260 πᾶν
2438 2197 2504 2259 τὸ
2549 2198 2654 2279 τὴν
2709 2194 2822 2265 ἕξιν
2869 2192 3009 2279 ἔχον
3053 2194 3146 2257 εὖ·

632 2298 741 2367 &bc
785 2300 1007 2383 ἐνεργεῖ
1046 2296 1171 2363 κατ’
1226 2300 1428 2384 αὖτήν,
1483 2301 1537 2363 εἰ
1582 2301 1663 2385 μή
1709 2325 1792 2370 τις
1845 2301 2148 2384 ἐμποδίζοι
2190 2305 2307 2363 τῶν
2351 2298 2782 2381 ἐμποδιζόντων
2827 2300 2954 2366 ταῖς
2997 2298 3147 2381 ἐνερ·

524 2421 591 2466 20
628 2402 807 2483 γείαις
850 2402 1139 2486 ἀναίρεσις
1183 2404 1279 2465 καὶ
1323 2402 1472 2487 αὐτὴ
1519 2404 1789 2486 γινομένη
1848 2405 1999 2486 μετά
2039 2426 2190 2473 τινος
2234 2402 2536 2485 κινήσεως.
3173 2415 3228 2457 16

626 2588 739 2653 ΙΙΙ.
828 2588 1099 2658 Λέξεως
1142 2589 1469 2674 ἐξήγησις
1520 2592 1596 2654 ἐκ
1649 2595 1767 2654 τοῦ
1812 2592 2145 2676 δευτέρου
2203 2592 2468 2674 ὁμοίως
2512 2588 2680 2674 Περὶ
2725 2593 2993 2675 ψυχῆς,
3047 2584 3132 2651 δι’

626 2692 707 2775 ἧς
748 2693 905 2776 περὶ
948 2692 1351 2775 αἰσθήσεως
1392 2694 1610 2776 λέγει,
1657 2691 1805 2757 ἔστι
1851 2695 1926 2759 δὲ
1971 2695 2121 2778 ἥδε·
2179 2692 2716 2777 “διωρισμένων
2760 2691 2833 2754 δὲ
2877 2690 3138 2753 τούτων

1092 2794 1409 2878 λέγωμεν
1453 2800 1657 2879 κοινῇ
1700 2797 1858 2880 περὶ
1903 2797 2134 2879 πάσης
2178 2792 2656 2879 αἰσθήσεως”.
3170 2808 3228 2851 2⁰

795 2930 997 2996 Εἰπὼν
1043 2933 1176 3017 περὶ
1218 2936 1323 3016 τῆς
1366 2934 1683 3017 θρεπτικῆς
1730 2934 2032 3017 δυνάμεως
2075 2940 2183 3017 τῆς
2228 2938 2428 3019 ψυχῆς
2472 2933 2570 2996 ἐπὶ
2613 2935 2713 2995 τὸν
2759 2934 2894 3017 περὶ·
2935 2931 3140 3015 αἰσθή·

524 3056 590 3104 25
629 3056 779 3106 σεως
827 3035 1048 3119 μέτεισι
1092 3034 1293 3119 λόγον,
1349 3036 1446 3098 καὶ
1490 3042 1719 3119 πρῶτον
1767 3037 1873 3119 μὲν
1919 3036 2180 3101 καθόλου
2236 3038 2332 3099 καὶ
2378 3040 2584 3104 κοινῶς
2629 3037 2762 3119 περὶ
2806 3034 3145 3118 αἰσθήσεως

630 3139 806 3221 λέγει,
852 3135 1055 3201 ἔπειτα
1100 3135 1227 3221 ἐρεῖ
1252 3136 1558 3221 προελθὼν
1602 3139 1735 3221 περὶ
1765 3140 2017 3223 ἑκάστης
2064 3138 2196 3222 ἰδίᾳ.
2267 3142 2496 3222 πρῶτον
2543 3138 2647 3220 μὲν
2692 3135 2793 3201 οὖν
2837 3118 3141 3221 λαμβάνει,
3169 3154 3226 3193 2⁵

626 3240 714 3303 ὅτι
758 3242 797 3326 ἡ
830 3240 1103 3324 αἴσθησις
1146 3236 1377 3325 γίνεΙται
1422 3240 1483 3303 ἐν
1526 3246 1611 3325 τῷ
1644 3240 1939 3304 κινεῖσθαί
1976 3264 2029 3303 τι
2070 3242 2169 3304 καὶ
2199 3243 2449 3326 πάσχειν
2495 3239 2625 3322 (διὰ
2666 3238 2775 3323 γὰρ
2823 3239 3108 3321 κινήσεώς
3153 3248 3250 3303 155
3275 3286 3306 3317 .

626 3365 776 3411 τινος
820 3344 921 3406 καὶ
960 3343 1188 3411 πάθους
1231 3343 1493 3426 γίνεσθαι
1538 3342 1757 3425 δοκεῖ),
1813 3343 2010 3426 λαβὼν
2055 3344 2121 3406 δὲ
2166 3343 2231 3406 τὸ
2285 3343 2389 3426 τὴν
2434 3341 2708 3426 αἴσθησιν
2763 3339 2838 3404 δι’
2897 3341 3139 3404 ἀλλοιώ-

627 3465 780 3515 σεως
822 3446 921 3509 καὶ
953 3446 1180 3513 πάθους
1222 3445 1483 3526 γίνεσθαι
1514 3444 1915 3529 ἐμνημόνευσε
1959 3448 2062 3507 τοῦ
2103 3446 2335 3514 πάθους
2377 3445 2473 3508 καὶ
2517 3447 2621 3507 τοῦ
2664 3444 2934 3527 πάσχειν,
2983 3442 3144 3513 ὅπως
3196 3461 3224 3501 ε,

519 3566 588 3613 30
625 3547 862 3626 γίνεται,
920 3545 1010 3609 ὅτι
1053 3546 1161 3631 γὰρ
1206 3553 1327 3616 τοῖς
1372 3548 1477 3631 μὲν
1524 3548 1687 3610 δοκεῖ
1740 3548 1804 3611 τὸ
1853 3546 2053 3630 ὅμοιον
2099 3548 2212 3611 ὑπὸ
2269 3552 2371 3611 τοῦ
2423 3548 2632 3631 ὁμοίου
2679 3549 2960 3632 πάσχειν,
3021 3552 3144 3615 τοῖς

628 3650 692 3712 δὲ
737 3650 802 3712 τὸ
849 3648 1101 3711 ἐναντίον
1158 3648 1271 3712 ὑπὸ
1324 3654 1426 3713 τοῦ
1474 3649 1749 3713 ἐναντίου.
1839 3649 2046 3713 τοῦτου
2093 3648 2147 3713 δ’
2203 3648 2664 3733 ἐμνημόνευσεν,
2719 3649 2846 3713 ἐπεὶ
2887 3649 3030 3733 πρὸς
3075 3650 3140 3711 τὸ

625 3752 961 3826 ἀποδοῦναι,
1017 3751 1075 3813 τί
1114 3749 1242 3815 πότ’
1300 3752 1452 3816 ἐστιν
1500 3751 1790 3835 αἴσθησις,
1853 3754 2142 3837 χρήσιμον
2187 3752 2353 3836 αὐτῷ
2400 3752 2466 3815 τὸ
2512 3752 2762 3827 κεῖσθαι,
2825 3752 2938 3815 ὑπὸ
2990 3752 3142 3820 τίνος

626 3853 845 3937 πάσχει
889 3852 963 3914 τὰ
1006 3852 1335 3938 πάσχοντα,
1391 3854 1518 3917 ἐπεὶ
1572 3856 1668 3917 καὶ
1725 3855 1763 3937 ἡ
1810 3851 2086 3939 αἴσθησις
2137 3858 2320 3917 κεῖται
2362 3852 2554 3923 πάθος
2601 3876 2658 3916 τι
2707 3852 2855 3917 εἶναι
2906 3855 3005 3917 καὶ
3048 3854 3144 3917 διὰ
3173 3870 3229 3912 ιο

625 3956 873 4023 πάθους.
966 3957 1077 4041 πρὸ
1124 3957 1189 4019 δὲ
1234 3960 1337 4019 τοῦ
1383 3958 1514 4039 περὶ
1558 3956 1770 4020 τούτου
1816 3956 2180 4041 διαρθρῶσαι
2239 3962 2467 4041 πρῶτον
2513 3956 2819 4041 ἀπορήσας
2863 3958 2994 4041 περὶ
3036 3962 3142 4041 τῆς

520 4076 585 4127 35
626 4058 983 4141 αἰσθήσεως,
1041 4060 1137 4123 διὰ
1180 4060 1251 4135 τί,
1298 4057 1479 4123 ὄντων
1538 4059 1600 4122 ἐν
1644 4064 1763 4129 τοῖς
1812 4059 2214 4144 αἰσθητηρίοις
2256 4066 2374 4123 τῶν
2418 4059 2740 4143 αἰσθητῶν,
2793 4057 2901 4123 οὐκ
2943 4060 3144 4123 αἰσθά-

626 4184 782 4223 νεται
826 4161 865 4243 ἡ
910 4158 1184 4244 αἴσθησις
1228 4160 1479 4239 τοότων,
1535 4160 1687 4225 ἀλλὰ
1728 4166 1848 4225 τῶν
1893 4161 2059 4231 ἐκτὸς
2107 4160 2328 4245 μόνων,
2387 4162 2482 4226 καὶ
2527 4161 2706 4233 λύσας
2749 4162 3144 4248 τὴναπορίαν
3173 4180 3227 4222 15

523 4348 541 4399 1
596 4346 808 4416 πρόοδος
846 4346 1015 4399 Diels:
1064 4347 1307 4417 πρόσοδος
1349 4349 1472 4401 libri
1648 4348 1681 4401 3
1731 4350 1983 4419 κινήσεων
2021 4349 2138 4417 Sp.:
2184 4350 2434 4420 κινήσεως
2471 4350 2592 4403 libri
2769 4350 2804 4402 4
2847 4348 3070 4404 fortasse
3108 4352 3250 4422 κινή-

517 4449 661 4497 σεως,
699 4434 763 4485 cf.
804 4434 901 4485 v.7
1083 4434 1116 4486 8
1153 4435 1491 4504 κινουμένων]
1541 4437 1789 4507 κινήσεων
1825 4437 1966 4489 vict.
2002 4437 2143 4491 unde
2180 4437 2259 4490 διὰ
2295 4439 2447 4491 τίνων
2487 4438 2737 4508 κινήσεων
2775 4438 2914 4489 coni.
2949 4436 3038 4506 Sp.

514 4520 681 4573 τοιαδε
718 4524 767 4572 V
945 4520 977 4588 ἢ
1020 4520 1183 4573 vieta
1222 4523 1265 4573 tl
1302 4522 1420 4575 libri
1606 4524 1671 4577 10
1706 4524 1966 4577 excidisse
2003 4525 2210 4577 videtur
2245 4524 2480 4596 ἐνέργειαι
2517 4524 2586 4582 εἰς
2621 4525 2714 4595 τὴν
2749 4522 3042 4594 τελειότητα
3079 4540 3250 4579 συντε-

516 4607 646 4659 λοῖεν
686 4606 745 4659 ἂν
919 4607 976 4657 ll
1019 4625 1243 4681 τεχνιται
1270 4612 1317 4659 V
1504 4610 1565 4662 12
1604 4610 1662 4662 ἂν
1700 4616 1819 4679 post
1858 4610 2132 4682 ἀνθρώπου
2170 4612 2269 4665 del.
2309 4612 2445 4665 vict.
2484 4612 2573 4680 Sp.
2755 4610 2979 4663 ουντιλοῖ
3021 4612 3056 4682 ἡ
3095 4614 3250 4666 V1G:

516 4694 741 4747 συντελοί
776 4695 808 4764 ἡ
848 4694 945 4745 V²z
983 4694 1209 4749 συντελεῖ
1242 4696 1276 4766 ἡ
1316 4700 1387 4749 B:
1426 4696 1681 4767 συντελοιῆ
1724 4700 1864 4751 Εὸιι
1905 4697 2134 4752 συντελοῖ
2170 4698 2228 4750 ἂν
2262 4699 2296 4769 ἡ
2335 4700 2471 4752 vict.
2513 4700 2602 4767 Sp.
2775 4697 2840 4750 16
2877 4698 2932 4750 αἳ
2961 4698 3250 4752 Schwartz:

516 4781 567 4832 αἱ
602 4782 748 4835 libri:
789 4782 833 4835 εἰ
869 4782 957 4850 Sp.
1109 4784 1169 4835 18
1207 4783 1359 4835 αἰτιαι
1396 4788 1443 4835 V
1594 4784 1654 4835 19
1690 4786 1914 4839 fortasse
1950 4804 1997 4837 τι
2033 4789 2087 4837 et
2121 4784 2212 4843 τὰς
2249 4784 2494 4855 ἐνεργείας
2637 4784 2700 4837 21
2753 4784 3015 4855 δευτέρου]
3063 4786 3130 4839 de
3162 4802 3250 4838 an.

516 4868 582 4932 Π,
612 4868 661 4921 5.
688 4868 911 4919 416b32
1092 4870 1158 4922 26
1196 4876 1311 4940 πρῶ
1334 4870 1423 4923 τὸν
1451 4873 1567 4936 (sic)
1596 4875 1642 4921 V
1822 4872 1887 4923 27
1925 4873 2108 4944 πάσχει
2146 4890 2178 4923 ε
2355 4869 2422 4925 33
2459 4872 2545 4942 τὰ]
2585 4871 2644 4926 τὸ
2680 4890 2738 4927 a:
2779 4870 2806 4926 δ
2845 4871 2981 4925 vict.
