3684 5567
505 223 625 287 132
793 201 801 207 ἡ
952 218 1284 291 [ΑΙΙΟΡΙΩΝ
1324 218 1445 275 ΚΑΙ
1484 216 1750 275 ΑΥΣΕΩΝ
1790 215 2072 273 ΒΙΒΛΙΟΝ
2111 214 2484 272 TETAPTON
2530 216 2756 285 11-13]

607 418 669 457 τε
713 396 817 479 τὴν
862 397 1052 482 ἀρχὴν
1098 394 1257 481 ἔχειν
1300 400 1417 459 τῶν
1464 394 1873 478 πραττομένων
1919 394 2013 457 καὶ
2057 391 2140 456 ἔτι
2186 392 2400 455 εἰδέναι
2443 390 2515 454 τὰ
2557 389 2694 454 καθ’
2737 390 2972 464 ἕκαστα,
3017 390 3100 451 ὧν

610 499 676 560 τὸ
724 499 826 580 μὲν
872 504 973 562 τοῦ
1020 500 1116 585 βίᾳ
1160 498 1515 582 ἀναιρετικόν
1561 497 1711 573 ἐστι,
1766 498 1831 559 τὸ
1887 496 1952 559 δὲ
1995 500 2096 559 τοῦ
2151 494 2225 557 δι’
2282 494 2529 576 ἄγνοιαν.
2620 495 2706 557 διὸ
2753 493 2876 576 ἅμα
2921 492 3106 575 ἀμφο-

606 599 791 685 τέροις
835 608 953 671 τοῖς
991 607 1092 665 τοῦ
1125 601 1404 665 ἀκουσίου
1454 601 1681 683 μέρεσιν
1728 600 2035 663 ἀντίκειται
2082 600 2146 661 τὸ
2179 598 2440 661 ἑκούσιον
2487 596 2720 659 ἐκείνων
2754 597 2902 679 μηδὲ
2948 615 3106 657 συνυ-
3133 610 3187 653 25

606 706 851 789 πάρχειν
886 704 1000 787 ἤδη
1050 703 1397 786 δυναμένων.
1483 703 1550 765 οὐ
1596 702 1704 787 γὰρ
1750 702 1872 766 οἶόν
1917 725 1977 765 τε
2023 703 2120 765 τὸν
2167 702 2261 786 βίᾳ
2305 725 2357 763 τι
2401 705 2675 763 ποιοῦντα
2720 700 2758 783 ἦ
2806 701 3106 784 πάσχοντα

532 826 561 874 5
603 808 698 869 καὶ
730 809 1046 891 ἀγνοοῦντα
1090 808 1163 870 τὰ
1202 805 1335 869 καθ’
1379 807 1595 869 ἕκαστα
1630 807 1994 889 ἁμαρτάνειν.
2071 804 2236 868 οὐδὲν
2281 803 2390 888 γὰρ
2439 801 2446 890 Ι
2493 806 2636 888 πρὸς
2677 804 2742 865 τὸ
2774 802 3060 871 ἀκουσίως
3106 810 3210 866 253

604 916 786 973 ποιεῖν
832 910 965 979 τοὺς
1012 910 1388 995 βιαζομένους
1435 910 1547 971 ὑπό
1592 932 1761 971 τινων
1812 910 2075 971 συντελεῖ
2115 910 2152 992 ἡ
2186 907 2386 989 ἄγνοια
2431 909 2468 991 ἢ
2517 912 2727 988 γνῶσις
2769 910 2886 968 τῶν
2932 904 3102 969 καθέ·

601 1036 803 1077 καστα.
884 1014 989 1077 οὐκ
1036 1016 1351 1098 ἀναιρεῖται
1395 1014 1459 1076 δὲ
1506 1014 1536 1075 6
1585 1012 1760 1081 τόπος
1805 1010 1942 1075 οὐδὲ
1987 1013 2101 1075 ὑπὸ
2145 1014 2248 1073 τοῦ
2293 1011 2358 1072 τὸ
2408 1012 2510 1092 μὲν
2558 1012 2742 1092 φιλεῖν
2789 1012 3102 1093 πολλαχῶς

598 1112 899 1199 λέγεσθαι,
954 1119 1018 1180 τὸ
1065 1118 1129 1180 δὲ
1176 1120 1360 1200 μισεῖν
1418 1116 1668 1179 ἐναντίον
1724 1114 1788 1178 ὃν
1833 1114 1994 1199 αὐτῷ
2053 1113 2257 1198 μηκέτι
2309 1113 2581 1195 λέγεσθαι
2628 1116 2961 1197 πολλαχῶς.
3050 1114 3106 1175 εἰ
3156 1128 3183 1169 5

601 1220 704 1302 μὲν
735 1221 843 1304 γὰρ
888 1220 959 1304 ἧν
1006 1222 1072 1283 τὸ
1107 1224 1291 1302 μισεῖν
1338 1220 1504 1283 παντὶ
1550 1224 1634 1303 τῷ
1682 1222 1867 1303 φιλεῖν
1913 1218 2184 1292 ἐναντίον,
2230 1219 2324 1280 καὶ
2373 1217 2453 1300 μὴ
2488 1219 2804 1301 πολλαχῶς
2847 1214 3098 1297 ἐλέγετο,

498 1342 561 1389 10
600 1324 865 1407 ἀνῃρεῖτο
913 1323 981 1387 ἂν
1030 1325 1059 1387 6
1107 1324 1307 1391 τόπος·
1373 1324 1425 1385 εἰ
1469 1322 1533 1386 δὲ
1578 1323 1641 1385 τὸ
1691 1325 1877 1404 μισεῖν
1936 1320 2096 1405 μόνῳ
2143 1321 2297 1383 ἐστὶν
2352 1320 2602 1383 ἐναντίον
2645 1324 2731 1403 τῷ
2778 1321 2964 1403 φιλεῖν
3010 1322 3098 1403 τῷ

598 1428 746 1491 κατὰ
808 1428 1093 1507 διάθεσιν,
1158 1427 1349 1491 οὐκέτι
1402 1428 1465 1489 δὲ
1533 1425 1627 1488 καὶ
1684 1430 1767 1509 τῷ
1826 1426 2191 1508 καταφιλεῖν,
2261 1423 2327 1486 οὐ
2385 1423 2754 1508 διαβάλλεται
2807 1423 2840 1485 6
2901 1421 3094 1491 τόπος.
3128 1438 3184 1480 ιο

597 1528 726 1593 τότε
778 1530 887 1613 γὰρ
942 1532 1306 1617 ὃιαβάλλοιτο
1363 1527 1462 1605 ἄν,
1518 1529 1570 1591 εἰ
1624 1529 1791 1590 παντὶ
1846 1533 1931 1613 τῷ
1989 1527 2400 1610 σημαινομένῳ
2457 1526 2567 1589 ὑπὸ
2622 1529 2722 1588 τοῦ
2778 1528 3094 1608 πολλαχῶς

594 1632 907 1716 λεγομένου
954 1632 1017 1695 ὃν
1062 1632 1311 1695 ἐναντίον
1356 1656 1410 1694 τι
1464 1632 1543 1715 μὴ
1592 1630 1683 1715 εἴη
1730 1632 1827 1694 καὶ
1883 1630 2023 1693 αὐτὸ
2076 1632 2392 1714 πολλαχῶς
2435 1630 2763 1712 λεγόμενον.
2855 1631 2938 1711 τῷ
2987 1627 3093 1711 γὰρ

592 1739 787 1821 λευκῷ
841 1739 1156 1820 πολλαχῶς
1206 1733 1502 1819 λεγομένῳ
1556 1735 1623 1797 τὸ
1679 1734 1857 1816 μέλαν
1913 1732 2164 1796 ἐναντίον
2219 1732 2282 1795 ὃν
2328 1734 2644 1817 πολλαχῶς
2689 1730 2945 1813 λέγεται,
3007 1729 3094 1794 ὅτι
3121 1746 3174 1789 ιε

491 1859 551 1907 15
590 1844 731 1903 πᾶσι
784 1845 902 1909 τοῖς
954 1837 1400 1921 σημαινομένοις
1454 1838 1565 1900 ὑπὸ
1620 1841 1719 1900 τοῦ
1776 1839 1988 1900 λευκοῦ
2042 1836 2292 1898 ἐναντίον
2338 1835 2518 1899 ἐστίν·
2584 1834 2682 1897 καὶ
2735 1832 2844 1917 γὰρ
2900 1837 2984 1918 τῷ
3031 1834 3090 1897 ἐν

590 1944 858 2027 χρώματι
902 1944 1093 2025 λευκῷ
1147 1942 1244 2004 καὶ
1287 1944 1373 2024 τῷ
1430 1941 1491 2002 ἐν
1537 1945 1706 2024 φωνῇ
1764 1940 2014 2002 ἐναντίον
2067 1940 2132 2001 τὸ
2181 1938 2390 2021 μέλαν,
2447 1942 2528 2005 ὡς
2581 1934 2742 2017 εἴγε
2789 1935 2962 2019 μόνον
3011 1935 3082 2020 ἧν

592 2050 677 2129 τῷ
728 2043 909 2128 ἑτέρῳ
957 2042 1149 2106 αὐτῶν
1196 2042 1469 2118 ἐναντίον,
1517 2039 1640 2106 οὐδ’
1694 2041 1835 2105 αὐτὸ
1884 2040 1951 2104 ἂν
1997 2040 2226 2122 ἐλέγετο
2272 2042 2609 2124 πολλαχῶς.

587 2299 725 2363 XII.
807 2298 877 2363 Ἡ
920 2300 1102 2369 λέξις
1146 2301 1221 2364 ἐκ
1265 2304 1381 2363 τοῦ
1426 2300 1659 2384 τρίτου
1707 2305 1838 2362 τῶν
1891 2299 2408 2384 Νικομαχείων.

743 2468 1069 2537 ωἙοικεν
1116 2473 1196 2555 δὴ
1243 2474 1315 2536 τὸ
1363 2472 1589 2556 βίαιον
1634 2472 1844 2545 εἶναι,
1889 2470 1966 2535 οὗ
2012 2471 2273 2542 ἔξωθεν
2320 2473 2357 2555 ἡ
2405 2471 2618 2555 ἀρχή,
2667 2472 2881 2554 μηδὲν
2927 2491 3091 2552 συμ-

479 2592 546 2639 20
584 2574 1021 2658 βαλλομένου
1066 2579 1185 2637 τοῦ
1232 2572 1722 2659 βιασθέντος”.
3117 2588 3171 2631 25

742 2674 881 2743 “Ort
932 2678 997 2741 τὸ
1057 2677 1129 2739 ἐν
1183 2673 1223 2761 ᾗ
1291 2678 1508 2761 μηδὲν
1573 2678 2090 2761 συμβάλλεξται
2144 2678 2176 2740 6
2221 2678 2541 2760 πράττων
2588 2678 2625 2760 ἢ
2673 2678 2704 2739 6
2751 2680 3040 2760 πάσχων
3085 2686 3193 2742 254

585 2779 742 2843 εἶπεν
800 2783 860 2844 ἐν
924 2786 1043 2850 τοῖς
1110 2778 1441 2864 ἔμπροσθεν
1505 2782 1628 2843 ἀντὶ
1681 2785 1784 2843 τοῦ
1850 2781 1881 2843 6
1938 2780 2222 2865 βιασθείς,
2291 2781 2383 2843 διὰ
2445 2783 2548 2842 τοῦ
2609 2784 2706 2842 νῦν
2777 2781 3085 2863 εἰρημένου

582 2880 791 2952 ἔδειξεν
840 2885 1179 2969 μεταλαβὼν
1226 2884 1322 2947 καὶ
1357 2883 1563 2966 μηκέτι
1606 2884 1786 2947 εἰπὼν
1824 2882 1837 2906 ‘
1859 2885 2038 2967 μηδὲν
2071 2881 2548 2968 συμβαλλομένου
2592 2886 2693 2947 τοῦ
2739 2885 3086 2968 πράττοντος

584 2986 621 3068 ἢ
678 2986 1053 3072 πάσχοντος’,
1127 2986 1275 3049 ἀλλὰ
1338 2987 1461 3048 ἀντὶ
1524 2986 1740 3049 τούτων
1804 2988 1984 3049 εἰπὼν
2042 2990 2161 3048 τοῦ
2237 2986 2678 3071 βιασθέντος.
2777 2987 2918 3049 ποτὲ
2981 2990 3085 3070 μὲν
3139 3004 3167 3047 τι

478 3107 543 3156 25
584 3092 849 3172 πράττειν
905 3090 1165 3172 λέγομεν,
1226 3089 1367 3151 ποτὲ
1423 3090 1487 3151 δὲ
1542 3090 1817 3174 πάσχειν·
1880 3091 1975 3153 καὶ
2022 3090 2130 3172 γὰρ
2167 3088 2460 3173 “βιασθεὶς
2503 3087 2766 3172 ἔπραξεν’
2823 3092 2918 3154 καὶ
2955 3090 3084 3177 εβίοι

583 3190 823 3255 {nafis-:¹2²
880 3192 1138 3276 λέγομεν.
1236 3193 1429 3277 ἀρχὴν
1486 3190 1537 3254 δ’
1600 3190 1666 3254 ἄν
1722 3190 1878 3275 λέγοι
1931 3190 2147 3261 ἔξωθεν
2203 3190 2349 3254 εἶναι
2401 3191 2499 3253 ἐπὶ
2553 3196 2668 3253 τῶν
2725 3194 3082 3277 βιαζομένων

582 3296 685 3376 τὴν
733 3297 1053 3379 ποιητικήν.
1146 3296 1183 3379 ἡ
1232 3296 1335 3377 μὲν
1380 3294 1488 3377 γὰρ
1535 3296 1730 3378 τελικὴ
1778 3296 1872 3358 καὶ
1920 3294 1988 3358 οὖ
2034 3294 2225 3358 ἕνεκεν
2275 3294 2430 3357 αἰτία
2476 3292 2623 3357 οὖσα
2666 3293 2885 3363 ἔξωθέν
2925 3298 3078 3363 ἐστιν
3109 3316 3165 3359 1⁰

581 3397 677 3459 ἐπὶ
734 3400 961 3462 πάντων
1016 3402 1131 3459 τῶν
1189 3391 1639 3482 πρασσομένων,
1694 3396 1855 3479 εἴγε
1908 3402 2021 3465 πᾶς
2076 3399 2108 3461 6
2155 3400 2420 3482 πράττων
2475 3396 2646 3461 ἕνεκά
2691 3422 2790 3461 του
2845 3402 3081 3483 πράττει

580 3499 612 3563 ὃ
670 3507 936 3586 πράττει,
1006 3502 1039 3565 6'
1094 3501 1243 3563 ἐστιν
1313 3500 1478 3568 ἐκτὸς
1540 3500 1736 3563 αὐτοῦ.
1834 3498 1920 3562 ἔτι
1975 3524 2040 3563 τε
2094 3498 2217 3563 οὐδ’
2281 3500 2352 3564 ἂν
2415 3500 2506 3585 εἴη
2579 3501 2638 3564 ἐν
2693 3508 2814 3571 τοῖς
2880 3504 2976 3588 βίᾳ
3029 3528 3082 3568 τι

476 3624 541 3671 30
582 3608 925 3687 πράττουσιν
987 3604 1025 3686 ἢ
1081 3604 1406 3687 πάσχουσιν
1470 3606 1507 3685 ἡ
1566 3608 1645 3672 ὡς
1698 3603 1864 3671 τέλος
1917 3602 2089 3665 αἰτία.
2191 3603 2260 3667 οὐ
2313 3602 2423 3687 γὰρ
2487 3605 2520 3666 6
2578 3605 2914 3690 βιαζόμενος
2967 3606 3078 3671 ὑπό
3107 3625 3161 3667 ιε

577 3730 725 3777 τινος
770 3708 933 3776 τέλος
975 3730 1029 3769 τι
1074 3704 1200 3790 ἔχει
1252 3706 1626 3789 προκείμενον
1670 3707 1854 3791 αὐτῷ,
1913 3706 1979 3769 οὖ
2027 3710 2196 3791 χάριν
2253 3707 2364 3769 ὑπὸ
2427 3711 2527 3770 τοῦ
2573 3708 2917 3792 βιαζομένου
2963 3712 3080 3795 βιά-

579 3814 755 3880 ζεται.
831 3815 914 3895 τῷ
960 3810 1063 3893 μὲν
1108 3808 1217 3893 γὰρ
1262 3808 1588 3893 βιαζομένῳ
1630 3812 1753 3873 τινὰ
1783 3808 1829 3892 †
1864 3798 1958 3873 καὶ
1995 3814 2162 3873 τοῦτο
2195 3812 2441 3894 πράττον
2471 3810 2510 3893 ἣ
2545 3810 2709 3881 τέλος
2751 3836 2804 3875 τι
2857 3813 3080 3897 πρόκει-

574 3936 686 3988 ται,
733 3915 829 3977 καὶ
874 3913 968 3976 διὰ
1014 3917 1183 3977 τοῦτο
1229 3916 1449 3989 τοῦτον,
1497 3911 1560 3975 ὃν
1606 3913 1886 3996 βιάζεται,
1931 3912 2259 3998 <βιάζεται>,
2304 3913 2465 4002 αὐτῷ
2516 3915 2580 3978 δὲ
2635 3915 2818 3979 οὐδέν.
2911 3918 2966 3980 οἱ
3010 3919 3075 3981 δὲ

466 4206 513 4256 2.
553 4204 585 4258 3
624 4206 944 4278 ἀμφοτέροις]
981 4205 1268 4275 ἀμφοτέρας
1305 4223 1337 4257 a
1519 4205 1549 4257 7
1591 4202 1712 4273 ὑπὸ]
1751 4204 1832 4255 ἐπὶ
1870 4222 1901 4255 a
1936 4206 2025 4271 Sp.
2209 4204 2272 4257 10
2308 4206 2385 4275 τῷ
2419 4204 2586 4259 B²S2a
2620 4209 2734 4275 Sp.:
2776 4212 2867 4260 τοῦ
2909 4211 2999 4262 VB
3013 4210 3088 4262 ¹S¹

471 4295 532 4346 14
570 4292 626 4345 ὃν
665 4309 763 4346 om.
804 4314 833 4345 a
871 4297 959 4361 Sp.
1145 4294 1204 4345 16
1242 4292 1341 4363 τῷ]
1379 4292 1437 4345 τὸ
1465 4312 1497 4345 a
1679 4293 1741 4344 18
1778 4292 1988 4344 titulum
2029 4308 2088 4344 ea
2126 4290 2290 4345 forma
2326 4295 2550 4347 reddunt
2577 4296 2712 4347 vict.
2749 4300 2800 4349 et
2838 4296 2927 4363 Sp.
2955 4311 3057 4363 qua
3092 4314 3182 4350 ex-

464 4386 569 4435 stat
605 4383 662 4434 in
687 4383 869 4435 tabula
1044 4382 1103 4433 ἐκ
1140 4386 1232 4433 τοῦ
1258 4379 1451 4451 τρίτου]
1488 4380 1605 4432 Eth.
1634 4380 1750 4432 Nic.
1778 4380 1868 4445 111,
1896 4381 1943 4431 1.
1978 4380 2224 4433 11101215
2404 4382 2466 4434 21
2507 4382 2561 4435 ἐν
2589 4380 2630 4454 ἦ
2656 4382 2756 4435 13²:
2793 4386 2849 4437 iu
2884 4385 2962 4436 lit.
2984 4384 3182 4437 Viet.?=

462 4469 513 4521 ἓν
552 4468 583 4539 ἦ
612 4471 766 4522 VB¹a
790 4473 880 4537 Sp.
1060 4468 1126 4519 ‘22
1165 4469 1215 4521 ἐν
1253 4474 1356 4526 τοῖς
1392 4466 1697 4538 ἔμπροσθεν]
1734 4468 1852 4520 Eth.
1879 4468 1990 4521 Nic.
2018 4468 2109 4533 111,
2141 4469 2186 4520 l.
2218 4470 2433 4523 111022
2628 4470 2696 4523 23
2734 4470 3032 4541 μεταβαλὼν
3073 4473 3184 4535 „vir

464 4556 646 4608 doctus
674 4559 729 4609 in
753 4556 987 4624 exemplo
1017 4557 1141 4609 bibl.
1168 4559 1312 4609 univ.
1338 4557 1569 4609 Monae.“
1596 4559 1686 4624 Sp.
1850 4556 1934 4607 24.
1961 4555 2026 4609 25
2055 4558 2144 4623 μὲν
2173 4558 2264 4628 γὰρ
2288 4559 2520 4629 πράττειν
2545 4576 2576 4610 a
2601 4560 2690 4626 Sp.
2853 4560 2918 4611 25
2953 4556 3180 4629 λεγοίμεν

460 4660 513 4725 (υ
540 4662 649 4713 sive
674 4678 733 4711 ου
760 4677 918 4729 supra
943 4680 969 4711 ν
998 4677 1044 4713 v.
1072 4661 1174 4727 c.?)
1195 4664 1243 4711 V
1388 4660 1455 4713 28
1479 4650 1570 4714 τοῧ
1596 4663 1672 4714 sie
1694 4664 1739 4712 V
1885 4660 1950 4712 29
1979 4662 2179 4731 πράττει
2205 4660 2232 4713 δ
2257 4662 2328 4715 13²
2357 4660 2526 4714 Victa?
2552 4665 2668 4730 Spa
2695 4664 2926 4734 πράττειν
2953 4663 2979 4715 ὃ
3004 4667 3128 4717 VFa

460 4746 615 4800 αὐτοῦ
632 4752 679 4799 V
822 4748 891 4801 30
914 4748 947 4817 ἢ
977 4748 1047 4807 ὡς
1069 4766 1102 4800 a
1244 4748 1305 4802 31
1337 4749 1478 4820 αὐτῷ
1494 4766 1527 4800 a
1546 4752 1633 4816 Sp.
1778 4748 1845 4801 32
1873 4751 2090 4820 πράττον
2116 4749 2147 4819 ἣ
2166 4754 2230 4801 V:
2259 4752 2525 4823 πρέποντι
2545 4752 2626 4805 SB
2649 4754 2791 4815 (ante
2817 4751 2956 4811 τέλος
2981 4756 3180 4817 rasura)

458 4853 489 4886 a
515 4837 633 4903 Sp.:
672 4835 887 4888 fortasse
924 4836 1011 4887 καὶ
1048 4840 1200 4899 <τοῦ>
1238 4841 1387 4889 τοῦτο
1427 4840 1727 4907 πράττειν
1763 4836 1904 4894 τέλος
2049 4837 2114 4889 23
2155 4836 2210 4889 ὃν
2250 4854 2348 4891 om.
2387 4857 2419 4891 a
2443 4841 2530 4906 Sp.
2677 4839 2893 4909 βιάζεται
2930 4842 3109 4895 addidi
