3684 5567
1322 259 1587 319 ΗΘΙΚΩΝ
1624 259 2155 319 ΠΡΟΒΛΗΜΑΤΩΝ
2198 262 2333 316 1-3
3075 260 3192 324 121

579 438 888 523 ἐνεργείαις
930 438 1133 520 ἡδοναὶ
1186 436 1558 518 ἐμποδίζουσι
1601 435 1704 505 τὰς
1742 433 1837 498 ἐπ’
1893 434 2093 503 ἄλλαις
2137 431 2433 517 γινομένας
2482 432 2566 514 (οἱ
2606 437 2743 515 γοῦν
2788 433 3090 518 χαίροντες

574 544 653 623 τῇ
718 540 834 604 ἀπὸ
896 543 1001 603 τοῦ
1064 536 1261 603 αὐλεῖν
1321 540 1511 623 ἡδονῇ
1580 538 1772 603 οὐκέτι
1838 538 2132 615 δύνανται,
2201 536 2432 599 ἐπειδὰν
2491 536 2820 601 ἀκούσωσιν
2883 534 3088 610 αὐλοῦ,
3141 552 3170 593 5

576 643 826 728 ἥδεσθαι
879 647 1003 711 ταῖς
1047 640 1144 705 ἐπὶ
1198 646 1284 727 τῷ
1341 644 1687 725 μυθολογεῖν
1741 639 1871 726 φέρ’
1927 640 2108 704 εἰπεῖν
2161 638 2549 723 γινομέναις),
2602 637 2716 701 εἶεν
2771 637 2840 701 ἂν
2885 638 3090 720 ἡδοναὶ

580 748 806 829 ἡδονῶν
861 744 1193 829 φθαρτικαί.
1300 746 1353 808 εἰ
1412 744 1465 808 δ’
1531 744 1674 808 εἰσὶν
1734 745 1939 828 ἡδοναὶ
1996 745 2224 827 ἡδονῶν
2279 742 2620 825 φθαρτικαί,
2690 740 2796 804 οὐκ
2853 740 2921 803 ἄν
2975 739 3091 803 εἶεν

504 870 535 917 5
574 849 892 931 ὁμοειδεῖς,
946 845 1197 932 ἔχουσαί
1234 871 1300 930 γε
1341 852 1512 912 τοῦτο
1568 849 1710 931 πρὸς
1755 846 2016 928 ἀλλήλας
2069 846 2102 908 ὃ
2147 842 2276 931 ἔχει
2328 843 2600 908 τάναντία
2653 845 2795 928 πρὸς
2839 842 3087 927 ἄλληλα.
3119 859 3173 901 1⁰

576 952 643 1016 οὐ
688 954 833 1035 γάρ,
890 952 1091 1034 ὥσπερ
1136 952 1175 1034 ἡ
1224 950 1373 1035 αὐτὴ
1422 951 1583 1033 ὑγεία
1626 951 1970 1035 περιγίνεται
2023 953 2141 1017 τοῖς
2195 948 2269 1010 τὰ
2311 946 2460 1010 αὐτὰ
2506 947 2931 1031 ἰατρευομένοις
2976 949 3092 1011 δια-

581 1054 797 1139 φόρως,
845 1054 941 1116 καὶ
972 1052 1140 1116 οὐδὲν
1170 1052 1461 1116 κωλύεταί
1500 1077 1585 1123 τις
1629 1054 1734 1136 τὴν
1779 1052 1961 1136 αὐτὴν
1994 1049 2154 1137 ἔχειν
2200 1050 2393 1133 ὑγείαν
2439 1049 2650 1113 ἄλλοτε
2679 1049 2872 1117 ἄλλως
2919 1050 3087 1133 θερα-

577 1156 925 1239 πευόμενος,
983 1155 1167 1224 οὕτως
1214 1156 1279 1218 δὲ
1323 1153 1454 1240 ἔχει
1508 1157 1603 1218 καὶ
1648 1156 1743 1217 ἐπὶ
1788 1160 1906 1218 τῶν
1953 1156 2256 1239 ἐνεργειῶν
2315 1176 2376 1217 τε
2419 1154 2514 1216 καὶ
2571 1157 2686 1215 τῶν
2743 1150 2835 1213 ἐπ’
2892 1152 3092 1220 αὐταῖς
3119 1168 3173 1211 15

577 1260 825 1342 ἡδονῶν.
900 1258 969 1321 οὐ
1012 1256 1122 1341 γὰρ
1168 1255 1289 1320 οἷόν
1336 1280 1399 1320 τε
1444 1258 1551 1340 τὴν
1598 1255 1690 1320 ἐπ’
1734 1257 1888 1339 ἄλλῃ
1936 1260 2042 1320 τινὶ
2086 1256 2343 1341 ἐνεργείᾳ
2386 1256 2603 1339 ἡδονὴν
2648 1254 2949 1338 γινομένην
2997 1255 3093 1317 καὶ

478 1380 540 1428 10
577 1358 667 1423 ἐπ’
724 1360 877 1444 ἄλλῃ
932 1359 1222 1443 γενέσθαί.
1314 1359 1383 1422 οὐ
1436 1358 1548 1443 γὰρ
1601 1360 1723 1423 οἷόν
1776 1382 1841 1422 τε
1893 1361 1994 1428 τὰς
2051 1360 2110 1423 ἐν
2165 1362 2292 1429 ταῖς
2345 1362 2729 1443 σωφρονικαῖς
2784 1357 3093 1441 ἐνεργείαις

579 1464 791 1547 ἡδονὰς
836 1464 934 1527 ἐπὶ
979 1467 1099 1532 τοῖς
1144 1462 1489 1532 ἀκολάστοις
1535 1462 1809 1544 γενέσθαι
1854 1462 2015 1525 ποτέ.

577 1721 690 1785 ΙΙΙ.
766 1717 907 1785 Ὅτι
936 1722 1393 1805 δικαιοσύνης
1437 1722 1551 1784 καὶ
1592 1720 1870 1789 ἀδικίας
1913 1722 2029 1783 καὶ
2077 1720 2256 1789 ὅλως
2302 1721 2558 1805 ἀρετῆς
2601 1742 2670 1782 τε
2701 1720 2814 1782 καὶ
2847 1719 3176 1787 κακίαςὲῠ

1418 1824 1609 1888 ἐστίν
1654 1847 1756 1893 τις
1799 1823 1940 1894 ἕξις
1987 1824 2263 1908 μεταξύ.

744 1992 885 2061 ’Ὀτι
930 1995 1298 2079 δικαιοσύνης
1342 1996 1439 2058 καὶ
1472 1995 1695 2063 ἀδικίας
1738 1996 1833 2059 καὶ
1882 1994 2035 2064 ὅλως
2080 1995 2292 2078 ἀρετῆς
2335 2018 2398 2057 τε
2443 1995 2541 2057 καὶ
2571 1994 2770 2063 κακίας
2817 1993 2966 2057 ἐστίν
3011 2015 3095 2061 τις

481 2119 543 2167 15
581 2097 694 2167 ἕξις
741 2099 973 2181 μεταξύ,
1020 2099 1091 2182 ἢν
1142 2096 1149 2185 Ι
1201 2098 1385 2184 μέσην
1432 2097 1544 2167 ἕξιν
1585 2098 1850 2182 λέγομεν.
1924 2098 1978 2161 εἰ
2021 2100 2059 2181 ἡ
2107 2098 2438 2181 δικαιοσύνη
2487 2098 2582 2160 καὶ
2627 2098 2896 2180 ἡάδικία
2939 2097 3053 2157 δια·
3099 2101 3202 2157 232

582 2202 776 2271 θέσεις
818 2195 943 2265 κατ’
1001 2201 1239 2279 αὐτούς,
1302 2203 1361 2264 αἱ
1416 2202 1482 2264 δὲ
1527 2200 1818 2270 διαθέσεις
1874 2199 2298 2286 ἀναπόβλητοι,
2353 2197 2472 2262 οὔτ’
2531 2198 2599 2262 ἂν
2656 2200 2714 2268 ἐξ
2771 2198 2972 2263 ἀδίκου
3017 2198 3096 2279 γί-

580 2304 765 2387 γνοιτό
821 2328 903 2374 τις
948 2304 1192 2380 δίκαιος,
1247 2302 1382 2366 οὔτε
1426 2304 1493 2367 ἐκ
1549 2304 1772 2366 δικαίου
1821 2302 2037 2372 ἄδικος.
2121 2303 2367 2385 γίνονται
2423 2302 2488 2365 δέ
2543 2325 2688 2370 τινες
2742 2303 2948 2366 δίκαιοι
3004 2302 3100 2364 καὶ

588 2405 775 2470 ἄδικοι
820 2407 887 2470 οὔ
935 2407 1213 2491 πρότερον
1261 2404 1447 2476 ὄντες·
1504 2406 1745 2487 γίνοιντο
1796 2404 1866 2469 ἂν
1915 2404 1982 2468 ἔκ
2027 2429 2176 2474 τινος
2221 2404 2405 2489 ἄλλης
2447 2407 2877 2474 καταστάσεως.
2947 2404 3097 2468 ἀλλὰ
3152 2419 3180 2461 5

590 2511 703 2593 μὴν
749 2514 863 2574 πᾶν
907 2513 975 2573 τὸ
1019 2511 1313 2593 γινόμενον
1360 2510 1399 2593 ἢ
1446 2508 1505 2577 ἐξ
1548 2508 1805 2571 ἐναντίου
1849 2510 2063 2591 γίνεται
2105 2508 2146 2593 ἤ
2191 2531 2339 2578 τινος
2385 2508 2595 2593 μεταξὺ
2643 2508 2805 2577 ὄντος
2849 2513 2964 2570 τῶν
3012 2508 3095 2570 ἐν·

484 2631 551 2679 20
586 2614 813 2675 αντίων.
903 2613 1002 2675 καὶ
1048 2615 1079 2676 6
1127 2614 1345 2681 δίκαιος
1389 2611 1504 2695 ἄρα
1550 2612 1646 2675 καὶ
1694 2614 1725 2674 6
1772 2611 1973 2679 ἄδικος
2017 2612 2056 2695 ἢ
2102 2612 2162 2681 ἐξ
2207 2612 2462 2675 ἐναντίου
2506 2612 2756 2693 γίνονται
2801 2612 2838 2694 ἢ
2887 2611 2953 2675 ἐκ
2995 2615 3099 2673 τοῦ

582 2714 814 2797 μεταξύ.
916 2714 984 2778 οὐ
1037 2715 1281 2797 γίνονται
1335 2715 1401 2777 δὲ
1454 2714 1522 2777 ἐκ
1576 2718 1678 2776 τοῦ
1733 2715 2026 2789 ἐναντίου,
2089 2714 2156 2777 ἐκ
2210 2718 2313 2777 τοῦ
2371 2714 2580 2797 μεταξὺ
2634 2713 2817 2800 (ἄρα).
2915 2712 2976 2783 ἐξ
3030 2714 3101 2798 ἧς
3131 2730 3185 2771 ιο

584 2815 699 2901 (δὲ)
744 2818 1267 2886 καταστάσεως·οἱ
1315 2816 1523 2879 δίκαιοι
1578 2817 1674 2879 καὶ
1730 2817 1785 2877 οἱ
1839 2814 2029 2879 ἄδικοι
2080 2816 2356 2897 γίνονται,
2412 2816 2559 2899 αὕτη
2616 2815 2683 2878 ἄν
2739 2815 2832 2899 εἴη
2887 2815 3100 2896 μεταξὺ

591 2919 958 3002 δικαιοσύνης
999 2920 1099 2982 καὶ
1144 2919 1385 2987 ἀδικίας.
1464 2920 1495 2980 6
1542 2916 1591 2980 δ’
1648 2917 1823 2987 αὐτὸς
1867 2918 2037 3000 λόγος
2081 2920 2178 2981 καὶ
2223 2918 2322 2981 ἐπὶ
2369 2919 2560 3001 πάσης
2605 2919 2818 3001 ἀρετῆς
2865 2919 2959 2982 καὶ
3005 2942 3101 2981 κα-

584 3022 726 3091 κίας.
826 3021 879 3083 εἰ
934 3022 999 3083 δὲ
1054 3020 1274 3103 λέγοιεν
1327 3019 1431 3089 τὰς
1488 3020 1688 3089 κακίας
1745 3022 1827 3103 μὴ
1882 3020 2030 3084 εἶναι
2085 3020 2378 3089 διαθέσεις
2441 3018 2574 3105 μηδ’
2643 3020 3100 3105 ἀναποβλήτους,
3131 3036 3184 3078 15

482 3145 548 3193 25
586 3124 735 3188 ἀλλὰ
768 3123 1149 3207 μεταβάλλειν
1194 3122 1350 3191 τινὰς
1397 3124 1579 3207 μηδὲν
1612 3122 1858 3186 κωλύειν
1904 3122 1964 3191 ἐξ
2010 3123 2232 3191 ἀδικίας
2277 3124 2359 3191 εἰς
2390 3123 2775 3205 δικαιοσύνην,
2823 3125 2920 3185 καὶ
2951 3121 3103 3191 ὅλως

588 3228 656 3291 ἐκ
699 3226 903 3293 κακίας
948 3226 1030 3293 εἰς
1072 3224 1307 3307 ἀρετήν,
1352 3224 1471 3287 ἀλλ’
1514 3224 1598 3293 εἴς
1641 3247 1705 3305 γε
1750 3225 1856 3307 τὴν
1903 3226 2103 3287 κακίαν
2151 3224 2330 3287 πόθεν
2380 3226 2863 3310 μεταβάλλουσιν;
2910 3225 2962 3288 εἰ
2990 3224 3098 3309 γὰρ

588 3331 659 3413 δὴ
706 3330 768 3392 ἐν
814 3334 889 3410 τῇ
936 3328 1109 3412 φύσει
1151 3332 1251 3390 τοῦ
1290 3328 1609 3411 ἀνθρώπου
1654 3328 1759 3410 τὴν
1806 3328 2008 3389 κακίαν
2055 3326 2200 3390 εἶναι
2244 3329 2340 3391 καὶ
2387 3329 2603 3397 πάντας
2645 3327 2961 3410 γεννᾶσθαι
3007 3352 3102 3393 κα·
3129 3344 3186 3386 2⁰

590 3432 746 3509 κούς,
793 3432 889 3494 καὶ
934 3428 1029 3513 εἴη
1075 3428 1143 3490 ἂν
1190 3429 1338 3492 κατὰ
1382 3428 1554 3512 φύσιν
1600 3430 1639 3512 ἡ
1686 3428 1859 3492 κακία
1903 3434 2024 3498 τοῖς
2069 3430 2420 3514 ἀνθρώποις.
2513 3429 2582 3493 οὗ
2628 3431 2693 3493 δὲ
2738 3432 2802 3493 τὸ
2849 3431 3098 3494 ἐναντίον

588 3534 735 3598 κατὰ
785 3534 954 3617 φύσιν
1000 3532 1125 3607 τινί,
1170 3532 1359 3616 τούτῳ
1404 3534 1469 3595 τὸ
1517 3531 1768 3593 ἐναντίον
1816 3530 1975 3613 παρὰ
2019 3533 2214 3616 φύσιν·
2271 3532 2430 3617 παρὰ
2475 3532 2645 3616 φύσιν
2691 3532 2803 3615 ἄρα
2848 3538 2966 3601 τοῖς
3011 3534 3102 3596 ἀν-

488 3658 555 3705 30
591 3639 852 3719 θρώποις
898 3636 934 3719 ἡ
984 3632 1317 3716 δικαιοσύνη
1364 3636 1459 3696 καὶ
1504 3635 1543 3717 ἢ
1591 3633 1790 3718 ἀρετή.
1862 3634 1913 3695 εἰ
1958 3635 2023 3696 δὲ
2067 3640 2236 3698 τοῦτο
2281 3634 2518 3708 ἄτοπον,
2566 3636 2658 3697 δεῖ
2697 3634 2958 3716 γίνεσθαι
3003 3639 3100 3701 τὸν
3127 3652 3182 3695 25

588 3739 785 3804 ἄδικον
832 3738 1052 3813 ἄδικον,
1100 3737 1299 3818 ὥσπερ
1344 3737 1556 3818 γίνεται
1602 3738 1698 3799 καὶ
1746 3738 1776 3799 6
1825 3737 2043 3805 δίκαιος
2088 3735 2376 3821 (δίκαιος.)
2465 3736 2524 3805 ἐξ
2569 3736 2642 3820 ἧς
2687 3736 2752 3799 δὲ
2797 3737 2975 3807 ἕξεως
3021 3740 3104 3810 εἰς

590 3844 695 3926 τὴν
742 3840 965 3905 ἀδικίαν
1011 3841 1051 3921 ἡ
1103 3837 1109 3923 Ι
1161 3839 1486 3924 μεταβολή,
1541 3839 1689 3922 αὕτη
1739 3837 1807 3901 ἂν
1853 3836 1945 3921 εἴη
1989 3840 2029 3921 ἡ
2080 3840 2250 3922 μέση.
2340 3839 2393 3901 εἰ
2437 3839 2503 3901 δὲ
2546 3839 2765 3921 λέγοιεν
2813 3840 3060 3923 μηδέπω
3107 3850 3210 3907 233

588 3946 721 4014 τοὺς
766 3944 975 4010 παῖδας
1018 3941 1284 4025 λογικοῦς
1328 3940 1502 4014 εἶναι,
1560 3941 1647 4003 διὸ
1696 3942 1846 4023 μηδὲ
1893 3942 2150 4011 δικαίους
2204 3942 2354 4025 μηδὲ
2399 3941 2636 4010 ἀδίκους
2686 3941 2952 4024 (λογικοῦ
2994 3943 3105 4027 γὰρ

489 4166 512 4215 l
552 4162 834 4232 γινομέναισ
871 4162 945 4213 V1
980 4162 1131 4229 (corr.
1171 4160 1265 4228 V2)
1458 4162 1487 4213 2
1526 4162 1730 4215 δύναναι
1768 4164 1839 4215 V¹
1879 4164 2032 4229 (corr.
2069 4162 2165 4228 V2)
2381 4160 2538 4213 αὒλοῦ
2577 4162 2775 4214 view:
2828 4161 2983 4214 αὐτοῦ
3021 4163 3143 4217 libri

484 4251 516 4304 3
564 4250 623 4302 ἂν
661 4249 747 4301 οὖν
788 4248 861 4300 V²
1037 4248 1069 4301 5
1116 4248 1143 4301 ὃ
1184 4248 1255 4300 V²
1296 4249 1464 4301 vict?
1513 4253 1627 4315 Sp.:
1680 4252 1711 4302 ἃ
1751 4252 1847 4303 V¹:
1896 4251 1954 4309 ἃς
1989 4254 2105 4303 SFa
2283 4250 2332 4302 6.
2371 4251 2399 4301 7
2452 4250 2704 4321 διαφόρως
2738 4250 2907 4303 B²S²a
2951 4256 3062 4321 Sp.:
3111 4253 3213 4306 δια-

482 4336 651 4409 φόροις
698 4338 925 4390 VFB¹S¹
1095 4337 1153 4388 11
1196 4336 1323 4405 τοῖς]
1362 4344 1469 4395 ταῖς
1494 4340 1584 4405 Sp.
1776 4338 1841 4389 12
1879 4355 1956 4406 pr.
1995 4339 2104 4405 καὶ]
2141 4358 2198 4391 τε
2235 4339 2322 4391 καὶ
2352 4356 2384 4389 a
2408 4339 2497 4404 Sp.
2683 4338 2746 4389 14
2783 4355 2860 4406 pr.
2887 4342 2996 4404 καὶ]
3033 4358 3088 4393 τε
3126 4342 3214 4393 καὶ

482 4443 515 4477 a
538 4427 627 4491 Sp.
796 4424 857 4477 18
896 4423 955 4476 ἂν
986 4422 1073 4479 οὖν
1101 4440 1133 4476 a
1158 4426 1246 4491 Sp.
1417 4424 1477 4475 19
1514 4424 1699 4492 γίνεται
1723 4428 1838 4493 Sp.:
1878 4426 2061 4494 γίνοιτο
2089 4427 2209 4480 libri
2373 4424 2456 4477 21.
2485 4424 2551 4477 22
2576 4428 2668 4477 τοῦ
2695 4423 2881 4493 μεταξὺ
2912 4426 3024 4495 ἄρα.
3075 4426 3127 4488 ἐξ
3153 4428 3212 4498 ἧς

484 4511 535 4564 δὲ
570 4510 673 4564 Βή
710 4511 823 4577 (sed
861 4516 952 4581 τῆς
988 4512 1043 4577 a)
1082 4514 1194 4578 Sp.:
1257 4515 1353 4580 τῆσ
1390 4509 1577 4578 μεταξὺ
1615 4510 1734 4581 ἐξῆσ
1776 4510 1850 4580 (ἐξ
1887 4512 1947 4583 ἧς
1981 4512 2064 4579 S')
2093 4513 2278 4565 VS¹L:
2335 4516 2428 4581 τῆς
2466 4510 2653 4580 μεταξὺ
2692 4512 2780 4564 οὖν
2818 4512 2868 4573 ἐξ
2905 4514 2965 4584 ἧς
3003 4513 3056 4565 δὲ
3081 4515 3213 4567 δ’·’Βε

481 4603 572 4669 τῆς
607 4598 695 4653 οὖν
735 4597 921 4667 μεταξὺ
959 4598 1010 4659 ἐξ
1047 4599 1107 4669 ἧς
1144 4599 1239 4670 ἄρα
1276 4603 1343 4651 F:
1393 4602 1484 4668 τῆς
1522 4598 1709 4667 μεταξὺ
1749 4598 1864 4669 ἑξῆς
1904 4600 2000 4671 ἄρα
2039 4603 2085 4653 G
2299 4598 2381 4651 26.
2424 4599 2488 4650 27
2528 4600 2570 4650 εἰ
2608 4600 2700 4670 γὰρ
2739 4598 2823 4669 δὴ]
2865 4601 2906 4652 εἰ
2941 4603 3034 4670 γὰρ
3074 4600 3148 4653 δεῖ
3170 4606 3212 4653 L

484 4688 647 4739 vict.:
684 4684 717 4756 ἢ
752 4686 846 4756 γὰρ
884 4686 959 4739 δεῖ
979 4685 1143 4741 8²3²„
1184 4686 1285 4751 (,,εἰ
1324 4686 1368 4738 si
1396 4702 1591 4751 verum,
1631 4688 1715 4739 καὶ
1740 4695 1864 4740 ante
1902 4687 1978 4756 εἴη
2019 4686 2146 4738 del.“
2174 4686 2288 4753 Sp.)
2468 4685 2535 4737 28
2573 4684 2688 4737 οὔδε
2713 4690 2772 4737 V:
2815 4683 2856 4755 ᾦ
2897 4687 2950 4738 δὲ
2975 4689 3142 4739 vien?

484 4772 547 4825 31
588 4773 763 4826 ἄδικον
800 4774 892 4827 alt.
932 4774 1010 4826 m¹
1048 4775 1105 4827 in
1145 4790 1247 4843 mg.
1287 4778 1335 4825 V
1548 4772 1738 4831 δίκαιος
1775 4774 1899 4826 add.
1937 4776 2026 4841 Sp.
2242 4772 2294 4825 δὲ
2331 4773 2417 4824 καὶ
2455 4771 2607 4832 ἕξεως
2643 4776 2686 4823 Β
2889 4773 2957 4825 33
2995 4774 3213 4827 fortasse

486 4860 613 4931 μήτε
631 4862 835 4934 -μήτε
