3684 5567
1342 256 1501 315 ΠΕΡΙ
1542 256 2010 315 ΕΙΜΑΡΜΕΝΗΣ
2050 262 2251 314 14-15
3027 262 3147 326 185

552 432 649 495 ἐπὶ
712 440 797 517 τῷ
868 434 1166 519 ἀνθρώπῳ
1230 434 1377 497 εἶναι
1440 438 1527 519 τῷ
1591 436 1675 518 μὴ
1728 436 2006 499 δύνασθαι
2060 434 2255 503 ἄλλως
2307 460 2358 498 τι
2405 434 2474 499 δι’
2532 437 2710 500 αὐτοῦ
2761 434 3039 519 γίνεσθαι.
3067 451 3124 493 2⁰

558 534 730 613 ὥστ’,
778 538 830 599 εἰ
874 537 945 599 τὰ
990 538 1093 618 μὲν
1142 538 1609 621 βουλευσάμενοι,
1654 538 1725 601 τὰ
1769 539 1833 601 δὲ
1879 539 1962 621 μὴ
2009 540 2459 623 βουλευσάμενοι
2493 544 2786 619 ποιοῦμεν,
2834 534 3029 600 οὐκέθ’

555 638 739 707 οὕτως
784 639 857 703 τὰ
899 638 971 703 δι’
1028 642 1198 723 ἡμῶν
1241 639 1509 723 γινόμενα
1554 642 1755 709 ἁπλῶς
1798 641 2030 722 γίνεται,
2076 645 2157 711 ὡς
2199 644 2271 706 τὰ
2313 643 2581 726 γινόμενα
2627 643 2722 705 διὰ
2765 646 2879 705 τῶν
2928 636 3038 723 ζῴ-

550 766 631 803 ων
675 742 714 825 ἦ
761 742 855 805 διὰ
898 747 999 806 τοῦ
1044 745 1227 827 πυρὸς
1271 744 1310 828 ἢ
1357 744 1451 807 διὰ
1496 748 1611 805 τῶν
1656 742 1880 829 βαρέων
1926 744 2028 807 δύο
2073 749 2379 829 σωμάτων.
2471 747 2523 808 εἰ
2577 744 2627 809 δ’
2683 742 2898 829 ἔχομεν
2944 745 3040 806 καὶ

481 864 513 913 5
550 848 651 908 τοῦ
718 846 1170 929 βουλευσάμενοί
1212 870 1265 909 τι
1310 852 1493 911 ποιεῖν
1538 845 1696 929 παρὰ
1739 852 1844 930 τῆς
1905 847 2138 929 φύσεως
2201 850 2306 933 τὴν
2373 848 2650 920 ἐξουσίαν,
2718 848 2893 929 δῆλον
2961 848 3042 913 ὡς
3067 862 3122 904 εει

549 946 785 1033 ἔχοιμεν
816 947 937 1033 (ἄν)
968 950 1224 1020 ἐξουσίαν
1257 950 1351 1012 καὶ
1382 953 1483 1011 τοῦ
1528 948 1623 1011 διὰ
1665 952 1765 1011 τοῦ
1812 950 2240 1032 βουλεύσασθαι
2271 951 2412 1015 ἄλλο
2451 975 2503 1013 τι
2535 950 2766 1035 πρᾶξαι,
2812 950 2906 1013 καὶ
2953 949 3035 1031 μὴ

548 1054 775 1119 πάντως
818 1056 986 1115 τοῦτο
1026 1051 1059 1113 ὃ
1104 1054 1197 1115 καὶ
1244 1052 1688 1137 βουλευσάμενοι
1716 1051 1765 1133 †
1794 1051 1865 1137 ἧν
1911 1052 1980 1115 ἄν
2027 1055 2466 1139 βουλευοίμεθα.
2517 1054 2523 1137 Ι
2573 1055 2638 1117 τὸ
2685 1053 2734 1117 δ’
2789 1053 3032 1136 ἐποχου·
3071 1055 3141 1113 54
3185 1055 3282 1107 XV

552 1155 761 1237 μένους
804 1160 887 1239 τῷ
945 1153 1028 1219 ἐἰ
1072 1156 1145 1237 δὴ
1198 1160 1315 1217 τῶν
1360 1154 1553 1218 αὐτῶν
1595 1159 1996 1239 περιεστώτων
2059 1158 2158 1220 ὁτὲ
2215 1158 2318 1242 μὲν
2373 1157 2558 1225 οὕτως
2601 1158 2698 1219 ὁτὲ
2744 1157 2809 1219 δὲ
2853 1155 3045 1222 ἄλλως

520 1257 845 1341 ,ἐνεργήσει
911 1280 1013 1337 τις,
1078 1258 1323 1321 ἀναίτιον
1388 1258 1607 1341 κίνησιν
1672 1256 2028 1339 εἰσάγεσθαι’
2104 1260 2198 1322 διὰ
2265 1264 2434 1323 τοῦτο
2488 1260 2670 1343 λέγειν
2738 1261 2818 1342 μὴ
2881 1257 3042 1320 δύνα-

448 1380 513 1425 10
550 1360 688 1423 σθαι
754 1360 821 1423 οὔ
866 1360 1066 1444 πράξει
1134 1383 1215 1428 τις
1268 1359 1477 1443 πρᾶξαι
1519 1361 1585 1423 τὸ
1631 1360 2037 1442 ἀντικείμενον,
2103 1364 2330 1445 μήποτε
2385 1364 2482 1426 καὶ
2525 1362 2667 1425 αὐτὸ
2733 1365 2844 1425 τῶν
2891 1361 3044 1441 ὁμοί·
3097 1376 3125 1417 ⁵

552 1488 633 1533 ως
676 1470 795 1531 τοῖς
840 1462 1277 1547 προειρημένοις
1320 1463 1771 1547 παρορωμένων.
1847 1464 1914 1526 οὐ
1959 1464 2066 1549 γὰρ
2113 1467 2340 1535 πάντως
2371 1466 2462 1529 ἀεὶ
2492 1466 2563 1528 τὰ
2596 1466 2866 1548 γινόμενα
2899 1463 3044 1527 κατὰ

548 1567 731 1630 αἰτίαν
775 1565 995 1637 ἔξωθεν
1040 1565 1169 1652 ἔχει
1212 1570 1313 1629 τοῦ
1356 1565 1613 1648 γίνεσθαι
1657 1567 1762 1650 τὴν
1805 1566 2010 1630 αἰτίαν.
2102 1568 2197 1631 διὰ
2239 1569 2348 1653 γὰρ
2405 1569 2512 1651 τὴν
2577 1568 2844 1650 τοιαύτην
2889 1566 3044 1636 &Eou-

548 1671 671 1733 σίαν
717 1670 844 1733 ἐστι’
883 1694 935 1733 τι
982 1668 1074 1753 ἐφ’
1130 1670 1289 1752 ἡμῖν,
1336 1667 1425 1732 ὅτι
1468 1673 1586 1731 τῶν
1632 1671 1818 1737 οὕτως
1861 1669 2178 1753 γινομένων
2225 1671 2397 1753 ἡμεῖς
2443 1670 2618 1752 ἐσμεν
2664 1670 2866 1754 κύριοι,
2910 1668 3029 1731 ἀλλ’

545 1772 653 1835 οὐκ
696 1771 915 1841 ἔξωθέν
960 1796 1043 1841 τις
1086 1772 1257 1835 αἰτία.
1347 1772 1435 1835 διὸ
1479 1770 1637 1855 (οὐκ)
1682 1772 1948 1841 ἀναιτίως
1992 1772 2064 1835 τὰ
2109 1773 2262 1836 οὕτω
2307 1772 2574 1855 γινόμενα
2617 1774 2851 1854 γίνεται,
2896 1770 3030 1856 παρ’
3075 1790 3124 1831 ιο

460 1897 519 1943 15
557 1878 727 1959 ἡμῶν
772 1877 877 1959 τὴν
922 1876 1105 1939 αἰτίαν
1150 1872 1381 1959 ἔχοντα.
1458 1876 1490 1937 ὁ
1536 1875 1643 1957 γὰρ
1688 1874 1999 1958 ἄνθρωπος
2045 1876 2202 1960 α’ρχὴ
2248 1877 2343 1939 καὶ
2388 1876 2542 1939 αἰτία
2583 1881 2698 1939 τῶν
2744 1874 2816 1938 δι’
2865 1874 3042 1939 αὐτοῦ

543 1978 855 2061 γινομένων
888 1978 1169 2063 πράξεων,
1216 1979 1312 2041 καὶ
1340 1975 1511 2040 τοῦτό
1546 1978 1669 2041 ἐστι
1698 1980 1764 2040 τὸ
1796 1976 1943 2041 εἶναι
1973 1979 2270 2063 ἀνθρώπῳ
2303 1980 2368 2041 τὸ
2401 1983 2500 2041 τοῦ
2545 1980 2810 2062 πράττειν
2857 1979 3040 2045 οὕτως

548 2083 651 2165 τὴν
682 2082 873 2165 ἀρχὴν
898 2079 1059 2165 ἔχειν
1082 2081 1145 2143 ἐν
1166 2081 1351 2164 αὑτῷ,
1384 2083 1467 2149 ὡς
1510 2102 1550 2141 x·
1595 2102 1634 2141 9⁶
1678 2102 1721 2143 x·
1750 2084 1825 2164 τῇ
1853 2082 2070 2167 σφαίρᾳ
2099 2083 2165 2145 τὸ
2195 2082 2343 2145 κατὰ
2371 2086 2474 2145 τοῦ
2505 2086 2756 2166 πρανοῦς
2785 2081 3046 2163 κυλιομέ-
3077 2098 3127 2139 15

546 2208 619 2267 νῃ
650 2186 951 2269 φέρεσθαι.
1040 2186 1129 2247 διὸ
1176 2188 1291 2246 τῶν
1336 2184 1440 2266 μὲν
1484 2183 1679 2246 ἄλλων
1724 2184 1968 2249 ἕκαστον
2013 2185 2210 2247 ἕπεται
2255 2189 2378 2254 ταῖς
2421 2183 2637 2254 ἔξωθεν
2683 2184 2848 2269 αὐτῷ
2894 2206 3046 2268 περι-

546 2291 829 2358 εστώσαις
897 2288 1120 2362 αἰτίαις,
1188 2288 1221 2348 ὁ
1266 2285 1320 2349 δ’
1376 2286 1685 2369 ἄνθρωπος
1728 2286 1863 2372 οὔχ,
1933 2286 2020 2351 ὅτι
2085 2288 2238 2349 ἐστὶν
2305 2287 2465 2371 αὐτῷ
2533 2288 2598 2351 τὸ
2651 2287 2795 2352 εἶναι
2853 2288 2914 2350 ἐν
2959 2292 3043 2371 τῷ

439 2412 509 2459 20
546 2389 703 2477 ἔχειν
736 2393 927 2476 ἀρχήν
957 2414 1019 2454 τε
1050 2392 1145 2455 καὶ
1178 2390 1359 2453 αἰτίαν
1391 2390 1454 2453 ἐν
1489 2389 1671 2474 αὐτῷ,
1702 2390 1836 2475 (ὡς)
1869 2392 1950 2475 μὴ
1983 2392 2213 2460 πάντως
2243 2390 2488 2455 ἕπεσθαι
2519 2396 2638 2460 τοῖς
2669 2394 3044 2475 περιεστῶσιν

549 2495 769 2566 ἔξωθεν
812 2495 996 2579 αὐτῷ.
1086 2494 1182 2557 καὶ
1246 2493 1353 2577 γὰρ
1400 2492 1505 2577 (εἰ)
1548 2493 1619 2577 ἧν
1664 2484 1805 2577 ἡμῖν
1849 2496 1888 2578 ἡ
1935 2496 2066 2579 περὶ
2123 2499 2238 2558 τῶν
2293 2494 2598 2590 πρακτέων
2663 2496 2842 2578 κρίσις
2905 2493 3046 2575 πρὸς
3073 2510 3128 2550 2⁰

554 2599 657 2663 ἕνα
697 2598 969 2681 γινομένη
1014 2598 1253 2671 σκοπόν,
1322 2596 1460 2666 ἴσως
1502 2595 1626 2681 (ἄν)
1668 2596 1799 2683 εἶχέ
1844 2620 1966 2661 τινα
2011 2596 2179 2679 λόγον
2249 2600 2313 2660 τὸ
2359 2598 2448 2660 ἀεὶ
2495 2598 2626 2682 περὶ
2673 2602 2788 2659 τῶν
2851 2596 3044 2659 αὐτῶν

548 2704 749 2785 ὁμοίας
815 2705 953 2785 ἡμῖν
1019 2700 1281 2783 γίνεσθαι
1344 2700 1445 2771 τὰς
1502 2702 1733 2785 κρίσεις.
1822 2702 1954 2765 ἐπεὶ
1999 2701 2050 2765 δ’
2106 2702 2218 2786 οὐχ
2272 2701 2457 2770 οὕτως
2511 2699 2638 2785 ἔχει
2690 2699 3045 2783 (αἱρούμεθα

546 2806 673 2889 γάρ,
720 2806 759 2868 ἃ
804 2805 1148 2889 αἱρούμεθα,
1208 2805 1351 2867 ποτὲ
1396 2803 1501 2886 μὲν
1548 2788 1644 2868 ὃὶἁ
1686 2805 1752 2867 τὸ
1799 2804 1975 2867 καλόν
2019 2826 2092 2880 τι,
2164 2805 2304 2867 ποτὲ
2347 2804 2412 2867 δὲ
2457 2802 2552 2866 διὰ
2594 2803 2660 2865 τὸ
2704 2802 2836 2886 ἡδύ,
2905 2802 3046 2863 ποτὲ

446 2930 513 2978 25
550 2912 617 2973 δὲ
660 2910 757 2973 διὰ
801 2912 867 2972 τὸ
912 2909 1229 2993 σύμφορον,
1298 2909 1393 2971 καὶ
1440 2907 1509 2970 οἰ)
1552 2906 1734 2971 ταύτὰ
1778 2908 1996 2971 τούτων
2041 2907 2364 2991 ποιητικά),
2435 2906 2732 2991 ἐνδέχεται
2798 2910 2894 2968 νῦν
2939 2905 3044 2987 μὲν
3072 2922 3127 2963 25

547 3015 642 3077 ἐπὶ
666 3015 731 3077 τὸ
760 3014 934 3075 καλὸν
959 3011 1296 3095 κινηθέντας
1318 3013 1475 3095 ἡμᾶς
1496 3033 1537 3072 ει-
1582 3034 1622 3073 ave·
1666 3033 1707 3072 αι
1754 3011 1892 3073 τάδε
1913 3016 2028 3073 τῶν
2054 3014 2452 3092 περιεστώτων
2483 3011 2849 3093 προκείμενα,
2880 3008 3050 3076 αὖθις

550 3119 613 3181 δὲ
658 3116 825 3191 ἄλλα,
894 3118 1037 3200 πρὸς
1082 3117 1147 3177 τὸ
1193 3116 1303 3198 ἡδύ
1351 3116 1387 3197 ἢ
1435 3116 1501 3178 τὸ
1548 3114 1844 3199 συμφέρον
1911 3116 2014 3197 τὴν
2066 3114 2361 3198 ἀναφορὰν
2421 3120 2524 3198 τῆς
2571 3114 2810 3195 κρίσεως
2854 3134 3046 3173 ποιου-

550 3220 773 3305 μένους.
848 3223 926 3288 ὡς
970 3220 1079 3303 γὰρ
1112 3220 1179 3282 οὐ
1216 3223 1500 3302 ζητοῦμεν
1537 3217 1719 3301 ἄλλην
1763 3217 1888 3280 τινὰ
1932 3218 2135 3294 αἰτίαν,
2182 3215 2255 3280 δι’
2311 3216 2382 3299 ἢν
2429 3216 2575 3278 κατὰ
2606 3216 2898 3300 βαρύτητα
2941 3216 3044 3297 τὴν
3071 3232 3128 3273 εο

550 3325 611 3387 ἐν
654 3323 805 3406 αὐτῇ
854 3325 891 3405 ἡ
936 3327 1013 3405 γῆ
1058 3322 1294 3406 φέρεται
1337 3324 1517 3397 κάτω,
1564 3321 1601 3403 ἢ
1649 3319 1722 3383 δι’
1779 3321 1852 3403 ἣν
1883 3320 2086 3394 αἰτίαν,
2133 3319 2171 3381 ἃ
2203 3320 2446 3402 πράσσει
2477 3319 2542 3381 τὸ
2577 3322 2753 3402 ζῷον,
2801 3319 3046 3401 πράσσει

443 3448 511 3495 30
548 3425 691 3490 καθ’
751 3427 959 3511 ὁρμήν,
1028 3430 1111 3508 τῷ
1160 3424 1371 3508 ταύτην
1419 3422 1662 3487 ἕκαστον
1706 3423 1898 3486 αὐτῶν
1944 3423 2048 3505 τὴν
2093 3422 2275 3485 αἰτίαν
2343 3420 2404 3489 ἐξ
2447 3422 2624 3483 αὐτοῦ
2670 3422 2814 3504 πρὸς
2856 3421 2926 3482 τὰ
2971 3444 3046 3501 γι-

546 3530 758 3611 νόμενα
810 3530 1117 3602 συντελεῖν,
1184 3530 1439 3589 τοιοῦτον
1489 3524 1497 3607 Ι
1556 3524 1619 3589 ὃν
1671 3527 1775 3609 τὴν
1830 3525 2022 3609 φύσιν,
2087 3525 2274 3593 οὕτως
2325 3522 2450 3587 οὐδ’
2519 3524 2610 3586 ἐπὶ
2665 3528 2780 3587 τῶν
2835 3521 3031 3587 ἄλλοτ’
3082 3530 3152 3587 56

448 3813 469 3863 1
511 3810 650 3875 (οὐκ)
676 3812 754 3864 ἐπὶ
780 3810 1078 3864 Schulthess
1268 3811 1345 3880 τῷ
1380 3808 1635 3880 ἀνθρώπῳ
1662 3808 1823 3862 Lond.
1853 3812 1916 3863 0:
1953 3815 2059 3861 τῶν
2085 3807 2371 3878 ἀνθρώπων
2400 3807 2548 3861 Va¹²z
2588 3817 2692 3866 τοῖς
2716 3806 2998 3875 ἀνθρώποις
3017 3808 3086 3861 13²

440 3896 665 3968 γινεσθαι
700 3903 747 3948 V
914 3898 946 3950 3
984 3896 1057 3956 ὡς
1092 3893 1142 3949 δ’
1172 3900 1217 3951 Ο
1396 3898 1427 3951 5
1464 3916 1512 3950 τι
1546 3898 1657 3961 (καὶ
1680 3902 1771 3949 τοῦ
1797 3898 1869 3966 μὴ
1899 3895 2306 3967 βουλευσάμενοι)
2331 3896 2586 3949 Schwartz
2753 3899 2783 3949 6
2823 3897 2882 3949 ἂν
2909 3898 3082 3950 addidi

440 3988 558 4057 (μὴ)
596 3984 955 4055 βουλεύσασθαι
993 3984 1293 4038 Schulthess
1471 3985 1500 4037 7
1541 3983 1953 4054 βουλευσαμένων
1981 3986 2098 4038 Cas,
2121 3988 2165 4038 O
2345 3984 2407 4053 ἠν
2447 3983 2505 4035 ἂν
2532 3984 2632 4036 a¹²t
2671 4004 2732 4053 ην
2769 4004 2830 4035 αν
2857 3986 2972 4048 (sic)
2996 3990 3056 4036 V:
3093 4004 3154 4053 ην

442 4076 501 4127 ἂν
528 4078 601 4127 sie
622 4078 683 4126 B:
722 4072 785 4143 ἣν
812 4072 871 4125 ἂν
898 4078 946 4125 Κ
1145 4070 1506 4142 βουλευώμεθα
1544 4072 1599 4124 a²
1798 4073 1888 4124 καὶ
1923 4072 2040 4141 (μὴ)
2079 4072 2471 4141 βουλευσάμενοι
2505 4071 2588 4135 <bv
2625 4070 2930 4143 ἐπράξαμεν·
2969 4075 3154 4142 μάτ>ην

440 4164 577 4234 (γὰρ)
615 4160 673 4213 ἂν
712 4161 756 4231 β.
798 4162 1057 4214 Schwartz
1218 4160 1265 4211 7.
1293 4161 1327 4213 8
1364 4160 1734 4230 ἐποχουμένους
1763 4161 1966 4227 seu-ipsi,
2005 4160 2068 4212 cf.
2102 4160 2312 4225 196,15:
2353 4160 2704 4231 ἐποχουμένων
2730 4161 2848 4212 libri
3011 4162 3044 4213 8
3080 4164 3154 4229 τῷ

440 4250 483 4302 εἰ
519 4248 580 4319 δὴ
608 4250 891 4302 Schwartz:
928 4248 1140 4302 τωιειδει
1168 4254 1231 4301 V:
1268 4250 1343 4318 τῷ
1379 4247 1497 4300 εἴδει
1521 4246 1623 4299 ³¹²:
1661 4251 1736 4317 τῷ
1776 4248 1818 4299 εἰ
1858 4248 2010 4315 Casp.
2039 4250 2084 4301 O
2246 4245 2326 4299 ὅτε
2355 4288 2366 4299 .
2392 4286 2403 4298 .
2430 4245 2512 4298 ὅτε
2549 4246 2713 4299 Lond.
2743 4250 2788 4301 O
2949 4246 2980 4298 9
3016 4248 3154 4315 νομί-

442 4338 537 4399 ζειν
574 4338 764 4407 κίνησιν
788 4338 859 4390 13²
999 4338 1129 4401 (καὶ)
1164 4336 1244 4389 διὰ
1268 4336 1337 4388 3²
1362 4336 1477 4388 Cas.
1506 4336 1703 4389 Gercke
1855 4336 1914 4387 12
1953 4336 2080 4407 ἔχει]
2119 4354 2196 4407 χει
2221 4336 2279 4387 in
2305 4336 2382 4387 lit.
2409 4340 2458 4387 V
2606 4334 2668 4387 13
2705 4334 2832 4403 ἐστί]
2871 4334 2942 4387 ἔτι
2969 4336 3083 4388 Cas.

447 4426 509 4477 14
546 4426 635 4477 alt.
674 4424 769 4477 οὒκ
794 4424 913 4476 add.
941 4424 1204 4477 Schultess
1233 4427 1277 4477 Ο
1458 4422 1693 4482 ἀναιτίως
1730 4426 1856 4487 (τῶν
1895 4420 2105 4486 {emin-v>
2144 4422 2258 4474 CaS.
2443 4422 2504 4474 15
2541 4422 2635 4490 τὴν
2676 4438 2832 4489 supra
2867 4438 2998 4473 vers.
3026 4426 3071 4472 V

442 4512 597 4566 αὺτου
616 4517 661 4563 V
814 4512 873 4563 17
914 4512 1149 4564 lacunam
1178 4512 1409 4564 indicavi
1554 4510 1621 4563 20
1646 4510 1761 4575 (ὡς)
1787 4511 1858 4579 μὴ
1888 4512 2099 4578 scripsi:
2140 4509 2211 4579 μὴ
2236 4509 2386 4561 Va¹²z
2423 4508 2483 4560 τὸ
2508 4509 2580 4578 μὴ
2603 4514 2668 4561 H:
2706 4511 2780 4577 τῷ
2819 4510 2888 4578 μὴ
2917 4512 3029 4563 SO:
3067 4514 3156 4560 τοῦ

444 4601 513 4670 μὴ
550 4604 595 4651 Ε
739 4599 801 4650 21
844 4598 953 4667 καὶ]
994 4600 1035 4651 εἰ
1074 4603 1119 4652 Ο
1282 4600 1323 4651 εἰ
1361 4598 1539 4651 addidi
1681 4598 1743 4669 ἠν
1782 4614 1882 4650 om.
1922 4598 2001 4649 8¹²
2162 4597 2228 4648 22
2267 4596 2325 4648 ἂν
2361 4597 2538 4650 addidi
2689 4598 2794 4669 εἶχέ
2831 4598 3076 4650 Lond.O:
3114 4597 3158 4648 εἰ

443 4686 495 4739 δὲ
519 4686 643 4739 Va¹²
787 4692 893 4738 τῶν
919 4702 1021 4738 om.
1048 4688 1145 4739 ΗΟ
1289 4686 1355 4738 23
1392 4685 1581 4753 ὁμοίως
1605 4685 1685 4737 ⁸¹²
1827 4686 1894 4739 25
1933 4685 2188 4754 σύμφορον
2214 4686 2339 4736 132¹:
2377 4699 2633 4753 συμφορον
2654 4689 2718 4737 V:
2757 4685 3005 4754 συμφέρον
3032 4684 3088 4736 a²

444 4774 511 4827 26
539 4774 775 4827 lacunam
801 4774 1029 4825 indicavi
1173 4774 1237 4825 27
1277 4772 1405 4825 ἄλλα
1431 4770 1714 4843 (αἱρεῖσθαι)
1736 4773 2000 4825 Schultess
2022 4776 2067 4825 Ο
2212 4772 2278 4824 28
2315 4772 2448 4823 κατὰ
2471 4773 2563 4841 τὴν
2581 4774 2651 4825 13²
2793 4772 2858 4823 29
2885 4771 3014 4840 αὺτῃ
3039 4775 3083 4822 V

443 4862 671 4932 πράσσει]
718 4876 820 4913 σσει
866 4862 919 4913 in
958 4860 1035 4912 lit.
1075 4865 1119 4911 V
1312 4860 1381 4913 30
1417 4860 1577 4932 ὁρμην
1606 4864 1651 4911 V
1830 4860 2047 4913 fortasse
2084 4863 2159 4929 τῷ
2194 4858 2316 4924 (διὰ)
2352 4859 2539 4929 ταύτην
