3684 5567
580 1454 1121 1523 ΑΛΕΞΑΝΔΡΟΥ
1196 1454 1355 1523 ΤΟΥ
1419 1454 1956 1523 ΑΦΡΟΔΙΣΙΕΩΣ
2032 1457 2342 1525 ,ΗΘΙΚΩΝ
2412 1456 3041 1527 ΠΡΟΒΛΗΜΑΤΩΝ
3095 1473 3198 1528 226

1596 1574 1926 1643 ΒΙΒΛΙΟΝ
1995 1576 2071 1643 Α.

632 1806 1095 1865 ΑΛΕΞΑΝΔΡΟΥ
1130 1805 1488 1864 ΣΧΟΛΙΚΩΝ
1530 1806 1794 1864 ΗΘΙΚΩΝ
1832 1806 2143 1865 ΑΠΟΡΙΩΝ
2192 1806 2312 1863 ΚΑΙ
2352 1807 2618 1864 ΛΥΣΕΩΝ
2659 1808 3024 1867 ΚΕΦΑΛΑΙΑ

619 2112 675 2151 α.
760 2085 1029 2171 Ἀπορίαι
1071 2088 1216 2170 πρὸς
1258 2088 1393 2155 τοὺς
1436 2087 1503 2149 τὸ
1552 2090 1656 2169 ζῆν
1702 2084 1860 2171 (οὐκ)
1906 2086 2126 2167 ἀγαθὸν
2172 2086 2316 2149 εἶναι
2359 2085 2649 2168 λέγοντας.
3127 2092 3160 2147 8

500 2210 531 2258 5
617 2192 669 2274 β.
746 2184 871 2254 Ὅτι
917 2192 1000 2274 μὴ
1048 2190 1335 2271 ὁμοειδεῖς
1380 2190 1439 2251 αἱ
1487 2188 1709 2271 ἡδοναί.
3143 2202 3172 2243 5

626 2313 679 2372 γ.
756 2285 882 2357 Ὅτι
927 2291 1298 2376 δικαιοσύνης
1341 2292 1438 2354 καὶ
1469 2290 1695 2359 ἀδικίας
1738 2292 1834 2354 καὶ
1868 2290 2022 2359 ὅλως
2066 2292 2277 2375 ἀρετῆς
2323 2291 2419 2353 καὶ
2452 2292 2653 2359 κακίας
2698 2291 2827 2353 ἐστί
2849 2314 2935 2359 τις
2978 2289 3091 2359 ἕξις

870 2393 1103 2477 μεταξύ.

612 2498 661 2561 δ.
746 2494 1025 2581 Ἀπορίας
1054 2497 1213 2566 λύσις
1244 2502 1350 2581 τῆς
1393 2496 1675 2580 λεγούσης
1706 2496 1936 2581 ὀργάνῳ
1985 2495 2089 2575 μὲν
2122 2496 2304 2579 μηδὲν
2350 2494 2497 2558 εἶναι
2528 2495 2805 2570 ἐναντίον,
2851 2496 3086 2579 πλούτῳ

872 2600 939 2663 δὲ
984 2600 1182 2663 πενίαν
1227 2598 1373 2663 εἶναι
1418 2600 1691 2674 ἐναντίον,
1740 2600 1826 2660 διὸ
1877 2597 1959 2680 μὴ
2006 2596 2152 2659 εἶναι
2196 2598 2295 2660 τὸν
2341 2601 2590 2661 πλοῦτον
2637 2595 2897 2680 ὄργανον.
3117 2614 3172 2655 ιο

463 2719 531 2767 10
627 2725 679 2764 ε.
764 2700 1015 2786 Ἀπορία
1058 2700 1147 2764 ὅτι
1191 2702 1230 2783 ἡ
1272 2703 1435 2784 κοινὴ
1483 2702 1666 2784 ἡδονὴ
1714 2704 1796 2768 ὥς
1832 2700 1996 2782 γένος
2039 2700 2454 2784 λαμβανομένη
2502 2698 2624 2762 οὔτ’
2668 2700 2888 2781 ἀγαθόν
2936 2700 3088 2763 ἐστιν

863 2804 999 2868 οὔτε
1044 2805 1223 2867 κακὸν
1268 2801 1393 2866 οὔτ’
1449 2803 1785 2884 ἀδιάφορον.
2834 2821 2844 2829 -

617 2931 668 2977 ς.
746 2903 871 2972 Ὅτι
915 2913 989 2989 τῇ
1037 2908 1225 2991 ἡδονῇ
1271 2908 1311 2989 ἡ
1356 2905 1511 2986 λύπη
1558 2904 1713 2967 ἐστὶν
1760 2904 2038 2979 ἐναντίον,
2094 2904 2212 2967 ἀλλ’
2271 2904 2338 2968 οὐ
2384 2903 2578 2973 πύνος.
3115 2918 3170 2961 15

619 3013 666 3081 ζ.
756 3010 867 3074 Διὰ
909 3010 995 3087 τί,
1042 3010 1095 3072 εἰ
1138 3011 1177 3093 ἡ
1223 3009 1379 3093 λύπη
1426 3010 1588 3070 πᾶσα
1632 3007 1811 3068 κακὸν
1857 3011 1932 3088 τῇ
1981 3007 2191 3091 ἑαυτῆς
2237 3008 2436 3092 φύσει,
2490 3007 2626 3090 οὐχὶ
2673 3008 2769 3070 καὶ
2815 3008 2852 3089 ἡ
2900 3006 3082 3090 ἡδονὴ

858 3117 1021 3175 πᾶσα
1068 3112 1289 3194 ἀγαθὸν
1334 3108 1497 3174 ἔσται
1542 3113 1617 3192 τῇ
1666 3109 1881 3192 ἑαυτῆς
1925 3108 2119 3192 φύσει.
3107 3098 3112 3103 ’

463 3232 525 3280 15
606 3237 667 3297 η.
744 3210 871 3279 Ὅτι
917 3216 956 3299 ἣ
1004 3216 1181 3297 ἀρετὴ
1227 3212 1361 3277 οὔτε
1403 3212 1565 3295 γένος
1610 3208 1744 3273 οὔτε
1790 3209 1948 3273 ὅλον.

612 3318 668 3379 θ.
746 3312 873 3381 Ὅτι
920 3318 1002 3399 μὴ
1048 3318 1258 3384 πάντες
1302 3316 1356 3378 οῖ
1404 3316 1824 3398 ἁμαρτάνοντες
1872 3313 2073 3397 ἀγνοίᾳ
2125 3318 2228 3376 τοῦ
2273 3313 2425 3377 κακὰ
2479 3312 2625 3376 εἶναι
2679 3314 2775 3376 καὶ
2824 3314 3083 3399 βλαβερὰ
3110 3330 3166 3371 2⁰

859 3418 898 3481 ἃ
943 3421 1308 3502 πράττουσιν,
1356 3417 1805 3499 ἁμαρτάνουσιν.

633 3543 667 3581 ι.
747 3517 871 3585 Ὅτι
916 3522 948 3585 ὁ
995 3521 1306 3607 ἄνθρωπος
1348 3523 1464 3580 τῶν
1512 3519 1735 3602 ἀρετῶν
1781 3520 1976 3603 χάριν,
2021 3516 2142 3580 ἀλλ’
2199 3518 2306 3581 οὐκ
2345 3516 2612 3602 ἔμπαλιν.

593 3645 669 3686 ια.
749 3620 873 3689 Ὅτι
918 3624 1001 3707 μὴ
1048 3626 1367 3707 πολλαχῶς
1410 3622 1477 3683 τὸ
1525 3621 1815 3696 ἀκούσιον,
1862 3621 1990 3683 ἐπεὶ
2035 3621 2130 3682 καὶ
2179 3621 2274 3705 βίᾳ
2319 3621 2413 3683 καὶ
2458 3616 2528 3683 δι’
2587 3619 2843 3703 ἄγνοιαν.
2893 3629 2900 3707 ι
3110 3639 3166 3681 25

456 3744 523 3791 20
590 3726 664 3811 ιβ.
760 3725 990 3795 ΛέΕεώς
1022 3747 1172 3793 τινος
1202 3724 1473 3807 ἐξήγησις
1502 3723 1569 3786 ἐκ
1598 3728 1702 3787 τοῦ
1732 3722 1923 3807 τρίτου
1956 3726 2072 3784 τῶν
2107 3720 2522 3808 Νικομαχείων
2555 3725 2782 3808 ἠθικῶν
2824 3723 3082 3809 Ἀριστο-
3119 3734 3152 3789 9

857 3827 1079 3897 τέλους.

591 3955 661 4013 ιγ.
736 3928 859 3995 Ὅτι
904 3930 1089 3995 οἰκεία
1134 3931 1173 4013 ἡ
1219 3929 1403 4012 ἡδονὴ
1449 3932 1525 4012 τῇ
1573 3930 1834 4013 ἐνεργείᾳ
1880 3927 1975 4012 ἐφ’
2030 3924 2074 4012 ἦ
2121 3929 2353 4010 γίνεται.

592 4035 662 4096 ιδ.
756 4032 893 4102 Πῶς
939 4032 1276 4115 σωθήσεται
1320 4032 1386 4094 τὸ
1433 4030 1586 4094 εἶναί
1622 4030 1725 4115 <τι>
1774 4030 1983 4113 μεταξὺ
2030 4032 2246 4114 ἡδονῆς
2290 4031 2386 4094 καὶ
2433 4031 2639 4115 λύπης.
3133 4050 3161 4091 5

590 4158 660 4198 ιε.
736 4132 860 4199 Ὅτι
905 4136 944 4219 ἢ
985 4135 1285 4219 ἀφροσύνη
1317 4134 1535 4197 τούτων
1568 4132 1731 4197 ἔσται
1762 4132 1980 4215 ἄγνοια,
2029 4134 2110 4195 ὧν
2158 4134 2311 4196 ἐστιν
2357 4134 2396 4217 ἡ
2429 4132 2706 4217 φρόνησις
2753 4134 3074 4220 ἐπιστήμη·

452 4256 517 4306 25
862 4236 985 4300 ἔστι
1030 4237 1095 4299 δὲ
1141 4238 1179 4320 ἡ
1225 4234 1503 4319 φρόνησις
1548 4235 1846 4320 ἐπιστήμη
1890 4235 2177 4319 ποιητέων
2223 4258 2286 4298 τε
2331 4237 2428 4298 καὶ
2473 4235 2541 4298 οὐ
2588 4236 2900 4320 ποιητέων.

451 4494 483 4544 4
520 4491 614 4546 οὐκ
652 4492 771 4545 add.
798 4491 935 4544 vict.
964 4486 1103 4557 (οὔτ’
1133 4488 1323 4559 ἀγαθὸν
1360 4490 1477 4544 οὔτε
1507 4489 1670 4543 κακόν
1693 4490 1787 4557 13²)
1969 4492 2002 4544 8
2040 4490 2262 4544 ἐναντίον
2300 4490 2489 4543 ἁπλοῦν
2525 4494 2604 4559 τῷ·
2629 4490 2682 4543 δὲ
2717 4486 2920 4561 πλούτῳ
2949 4510 3004 4545 a:
3044 4495 3182 4547 ἐναν-

450 4580 553 4632 τίον
587 4580 667 4647 τῷ
702 4578 755 4631 δὲ
792 4576 999 4647 πλούτῳ
1041 4578 1179 4631 vict.
1216 4580 1304 4645 Sp.
1524 4578 1553 4630 9
1593 4576 1645 4629 δὲ
1684 4594 1783 4629 om.
1822 4596 1855 4629 a
1891 4580 1979 4645 Sp.
2193 4578 2316 4630 εἶναι
2355 4593 2453 4629 om.
2493 4579 2574 4629 tit.
2795 4580 2860 4631 10
2897 4579 2990 4648 ὡς]
3029 4582 3062 4651 ἡ
3102 4582 3175 4640 ὡς

451 4669 531 4719 tit.
748 4665 811 4717 15
850 4664 910 4718 οὔ
944 4666 1089 4733 γένος
1124 4666 1208 4717 tit.
1428 4666 1487 4716 17
1530 4666 1561 4716 ἃ
1602 4680 1701 4717 om.
1740 4682 1772 4717 a
1988 4665 2070 4717 20.
2111 4666 2172 4717 21
2215 4666 2248 4735 ἡ
2296 4664 2425 4725 λέξις
2469 4666 2528 4717 ἐκ
2578 4670 2670 4718 τοῦ
2709 4675 2738 4735 Ῠ
2775 4672 2881 4718 τῶν
2919 4664 2986 4721 Ν.
3025 4670 3108 4721 tit.

451 4750 785 4825 Νικομαχιῶν
814 4756 858 4805 V
896 4754 1145 4821 (semper)
1315 4751 1383 4805 22
1418 4753 1531 4821 περὶ
1567 4752 1753 4821 ἡδονῆς
1790 4754 1872 4806 tit.
2041 4752 2106 4804 23
2144 4750 2354 4822 θήσεται
2378 4771 2411 4804 a
2435 4755 2525 4819 Sp.
2693 4753 2760 4806 23
2796 4772 2844 4807 τι
2881 4755 2998 4808 add.
3023 4758 3106 4810 tit.

452 4840 517 4893 24
554 4841 683 4894 ἐστιν
721 4856 823 4893 om.
862 4840 945 4892 tit.
1162 4838 1227 4892 25
1275 4840 1715 4911 ἐστι-ἐπιστήμη
1754 4857 1856 4894 om.
1896 4842 1977 4894 tit.
2191 4841 2426 4913 ποιητέον
2466 4842 2592 4909 (bis)
2633 4845 2679 4893 V
