3684 5567
1472 256 1755 314 BlssAloN
1794 256 2074 314 ΠΡΩΤΟΝ
2115 260 2180 312 ‘26
3099 260 3182 324 43

563 428 823 509 λέγοντες
868 432 965 494 τὸν
1016 430 1023 513 1
1076 432 1179 513 μὲν
1225 431 1486 515 περιττὸν
1532 431 1779 515 ἀριθμὸν
1830 432 1914 500 εἰς
1959 431 2127 495 ἄνισα
2170 432 2584 515 διαιρούμενον,
2631 434 2726 496 τὸν
2775 433 2825 497 δ’
2875 433 3070 514 ἄρτιον
3110 436 3182 495 83

564 531 812 613 ἀριθμὸν
857 533 940 601 εἰς
986 533 1084 595 ἴσα
1117 532 1567 616 διαιρούμενον)·
1616 536 1780 596 δοκεῖ
1817 533 1928 617 γὰρ
1957 534 2054 597 καὶ
2096 532 2157 595 ἐν
2188 539 2276 619 τῷ
2308 538 2411 596 τοῦ
2450 535 2652 598 ἐνύλου
2683 534 2871 605 εἴδους
2913 533 3071 617 λόγῳ

564 630 654 715 (ἡ)
699 633 809 717 ὕλη
856 634 1437 719 παραλαμβάνεσθαι,
1483 634 1544 697 ἐν
1588 630 1630 717 ᾖ
1679 635 1819 699 ἐστι.
1911 636 2078 698 παντὶ
2127 636 2232 716 μὲν
2277 636 2382 719 γὰρ
2430 636 2616 720 ἐνύλῳ
2648 635 2795 700 κατὰ
2825 638 2890 699 τὸ
2923 635 3074 705 εἶδος
3127 653 3156 695 5

566 734 595 794 ὁ
628 732 796 815 λόγος
838 734 1015 817 (κατὰ
1058 736 1167 818 γὰρ
1214 735 1369 798 τοῦτ’
1412 735 1573 820 αὐτῷ
1618 737 1685 799 τὸ
1732 737 1787 799 τί
1829 736 1901 821 ἦν
1943 737 2138 819 εἶναι),
2184 738 2252 800 οὐ
2287 738 2402 820 μὴν
2448 738 2596 801 ἀλλὰ
2640 738 2734 802 καὶ
2780 742 2884 821 τῆς
2931 738 3071 821 ὕλης

496 854 525 902 5
564 834 875 917 ἀναγκαῖον
921 837 1301 921 μνημονεύειν
1343 838 1545 900 αὐτόν·
1593 838 1689 901 καὶ
1732 838 1845 922 γὰρ
1892 841 2105 923 σαρκὸς
2149 842 2246 903 καὶ
2298 841 2494 919 ὀστοῦ,
2539 840 2690 903 ἀλλὰ
2733 841 2829 903 καὶ
2873 842 3072 925 χειρὸς

564 938 657 1001 καὶ
704 942 1020 1023 προσώπου
1066 942 1119 1002 οἱ
1165 939 1325 1022 λύγοι
1362 944 1629 1003 τοίοῦτοι.
1698 941 1795 1003 καὶ
1838 940 1944 1023 τὴν
1990 942 2185 1026 ψυχὴν
2233 942 2296 1004 δὲ
2327 939 2654 1024 ὁριζόμενοι
2697 941 2850 1011 εἶδος
2892 940 3074 1007 οὖσαν
3099 959 3154 1001 ιο

563 1038 765 1103 ἔνυλον
810 1040 873 1103 ἐν
916 1046 1003 1125 τῷ
1051 1043 1278 1125 ὁρισμῷ
1336 1042 1518 1125 αὐτῆς
1570 1044 1666 1105 καὶ
1709 1043 1774 1105 τὸ
1822 1042 1892 1104 οὔ
1949 1042 2071 1105 ἐστι
2116 1044 2659 1127 παραλαμβάνομεν.
2747 1048 2916 1107 τοῦτο
2961 1046 3070 1129 γὰρ

569 1142 907 1225 σημαίνεται
952 1143 1065 1204 ὑπὸ
1112 1146 1385 1227 σώματος
1428 1148 1675 1227 φυσικοῦ
1724 1144 2046 1227 ὀργανικοῦ.
2113 1146 2212 1207 καὶ
2258 1148 2339 1213 ὡς
2383 1146 2477 1208 ἐπὶ
2523 1150 2638 1207 τῶν
2685 1146 2952 1230 ἀριθμῶν
2999 1146 3067 1209 οὐ

562 1247 675 1312 πᾶς
729 1244 834 1325 μὲν
890 1244 1139 1328 ἀριθμὸς
1183 1244 1469 1327 περιττός,
1527 1244 1663 1308 οὐδὲ
1716 1245 1829 1316 πᾶς
1890 1246 2137 1330 ἀριθμὸς
2195 1245 2416 1328 ἄρτιος,
2472 1251 2587 1316 πᾶς
2641 1247 2833 1331 μέντοι
2877 1246 3069 1331 ἄρτιος
3098 1266 3150 1307 ιτ.

460 1366 525 1412 10
566 1345 833 1429 ἀριθμός,
894 1347 992 1408 καὶ
1038 1351 1151 1414 πᾶς
1204 1347 1465 1428 περιττὸς
1510 1348 1729 1427 ὁμοίως
1773 1348 2026 1431 ἀριθμὸς
2054 1349 2160 1411 καὶ
2206 1348 2403 1423 οὗτος,
2457 1350 2644 1418 οὕτως
2689 1351 2781 1412 καὶ
2826 1351 2921 1414 ἐπὶ
2967 1355 3070 1414 τοῦ

557 1446 751 1516 εἴδους
797 1449 891 1511 καὶ
936 1454 1041 1530 τῆς
1086 1448 1227 1529 ὕλης
1271 1447 1340 1511 οὐ
1386 1452 1550 1511 πᾶσα
1596 1450 1701 1529 μὲν
1759 1450 1868 1532 ῦλη
1917 1452 2061 1531 μετὰ
2113 1451 2284 1515 τοῦδέ
2327 1475 2478 1521 τινος
2530 1457 2632 1514 τοῦ
2676 1452 2892 1527 εἴδους,
2953 1458 3064 1516 πᾶν

558 1551 623 1613 δὲ
668 1547 866 1612 ἔνυλον
912 1549 1063 1618 εἶδος
1110 1550 1169 1619 ἐν
1212 1550 1345 1631 ὕλῃ,
1392 1550 1487 1611 καὶ
1532 1552 1616 1617 ὡς
1660 1548 1754 1613 ἐπ’
1796 1552 2032 1615 ἐκείνων
2079 1554 2110 1615 ὁ
2159 1554 2262 1634 μὲν
2309 1553 2559 1637 ἀριθμὸς
2603 1554 2708 1617 οὐκ
2752 1555 3068 1618 ἀπόλλυται

558 1652 618 1713 ἐν
664 1656 737 1733 τῇ
785 1652 867 1719 εἰς
921 1652 985 1713 τὸ
1031 1649 1226 1734 ἄρτιον
1282 1651 1321 1733 ἢ
1368 1654 1632 1735 περιττὸν
1687 1654 2014 1738 μεταβολῇ,
2071 1655 2136 1717 τὸ
2193 1652 2244 1716 δ’
2299 1654 2491 1737 ἄρτιον
2545 1658 2639 1719 καὶ
2693 1659 2953 1740 περιττὸν
2999 1658 3060 1720 ἐν
3089 1674 3146 1716 2⁰

554 1754 719 1837 αὐτῷ
766 1752 925 1836 παρὰ
956 1753 1131 1837 μέρος
1170 1754 1468 1837 φθείρεται
1500 1760 1574 1837 τῇ
1608 1756 1691 1823 εἰς
1733 1756 1804 1819 τὰ
1851 1754 1979 1840 εἴδη
2014 1757 2334 1841 μεταβολῇ,
2384 1756 2482 1841 [τὰ
2515 1758 2707 1841 μέντοι
2737 1759 2865 1843 εἴδη
2911 1761 3066 1843 παρὰ

456 1874 516 1921 15
556 1854 731 1938 μέρος
774 1854 1123 1939 φθείρεται.]
1178 1856 1329 1919 οὕτω
1376 1858 1472 1919 καὶ
1517 1858 1555 1940 ἡ
1604 1858 1712 1940 ῦλη
1758 1858 1866 1921 οὐκ
1913 1858 2235 1922 ἀπόλλυται
2281 1860 2341 1922 ἐν
2373 1866 2446 1943 τῇ
2481 1862 2564 1929 εἰς
2606 1860 2678 1923 τὰ
2721 1862 2851 1945 εἴδη
2899 1883 3065 1945 μετα-

554 1957 733 2040 βολῇ,
789 1956 861 2018 τὰ
908 1956 1101 2037 μέντοι
1146 1956 1275 2040 εἴδη
1320 1958 1479 2041 παρὰ
1526 1958 1699 2043 μέρος
1742 1961 2042 2045 φθείρεται
2090 1962 2151 2024 ἐν
2196 1967 2270 2046 τῇ
2317 1967 2422 2045 τῆς
2469 1962 2610 2047 ῦλης
2653 1964 2735 2032 εἰς
2779 1964 2925 2026 αὐτὰ
2969 1988 3062 2047 με·
3091 1982 3146 2023 25

552 2057 795 2141 ταβολῇ.
842 2059 847 2139 Ι

440 2308 475 2362 3
521 2310 553 2378 ἡ
594 2308 829 2364 v²BS²a
867 2312 981 2380 Sp.:
1031 2329 1129 2365 om.
1168 2316 1389 2369 v¹GFL
1613 2318 1645 2369 5
1692 2318 1863 2387 αὐτόν,
1913 2321 2023 2373 scil.
2063 2320 2152 2373 τὸν
2189 2320 2338 2391 λόγον
2377 2323 2586 2390 scripsi:
2645 2323 2814 2376 αὐτῶν
2853 2326 3168 2380 V'GFS‘L:

440 2395 598 2466 αὖτῆς
632 2394 851 2452 v²BS²a
887 2402 975 2467 Sp.
1194 2402 1225 2453 6
1265 2402 1311 2455 οἱ
1348 2402 1484 2471 λόγοι
1520 2409 1738 2458 τοιοῦτοι
1775 2408 2062 2461 V'GFSLa
2096 2408 2212 2476 Sp.:
2253 2410 2348 2462 del.
2389 2408 2486 2462 V²z
2527 2425 2626 2461 om.
2665 2414 2708 2463 B
2920 2412 2972 2465 δὲ
3012 2413 3171 2483 ὁριζό-

440 2500 579 2549 μενοι
615 2482 949 2538 V²GFSBLa
985 2488 1099 2555 Sp.:
1139 2488 1466 2558 διοριζόμενοι
1502 2493 1575 2542 Vl
1792 2493 1858 2545 10
1903 2492 2120 2563 ἀριθμοῦ
2157 2500 2206 2547 V
2421 2500 2507 2550 καὶ
2543 2497 2689 2557 οὗτος
2725 2496 2888 2556 οὕτως
2914 2502 3168 2555 V¹GS¹L2

438 2570 529 2621 καὶ
564 2568 711 2627 οὗτος
749 2570 988 2629 οὗτοςΡι
1030 2576 1115 2627 καὶ
1153 2574 1318 2633 οὕτως
1338 2576 1531 2631 V²S²az
1570 2576 1736 2636 οὕτως
1759 2582 1803 2632 Β
1830 2582 1968 2633 coni.
1993 2580 2083 2650 Sp.
2269 2585 2326 2635 ll
2369 2590 2502 2637 πᾶσα
2541 2584 2655 2652 μὲν]
2694 2603 2724 2637 α
2762 2605 2800 2653 μ
2836 2586 2890 2638 in
2929 2586 3006 2639 lit.
3034 2592 3080 2639 V

445 2655 509 2708 12
549 2654 825 2709 ἀπόλλυται
852 2659 968 2711 v²13
1011 2660 1181 2728 (prius
1217 2661 1247 2713 λ
1284 2664 1339 2715 in
1380 2664 1458 2717 lit.
1498 2664 1529 2716 2
1566 2665 1690 2732 litt.)
1730 2666 1876 2721 G²Sa
1913 2668 2028 2736 Sp.:
2067 2669 2369 2723 ἀπολέλυται
2397 2673 2630 2725 V¹G¹FL
2813 2672 2892 2724 14.
2937 2672 2999 2724 15
3035 2673 3168 2724 ’τὰ-

440 2738 699 2813 φθείρεται
736 2746 1149 2814 eircumscripsit
1184 2748 1443 2802 Schwartz
1457 2770 1471 2815 3
1510 2752 1574 2804 cf.
1613 2768 1660 2803 v.
1695 2751 1757 2805 16
1975 2756 2038 2808 16
2077 2755 2208 2825 εἴδη]
2246 2756 2344 2828 ἤδη
2384 2776 2417 2810 a
