3684 5567
524 271 604 335 74
1050 352 1057 360 ι
1491 246 1793 327 Ariorum
1836 270 1956 325 κΑι
1997 268 2262 325 ,ιι-ΣΕΩΝ

624 443 771 507 διότι
816 445 1069 522 ἕλκεται,
1116 448 1211 509 καὶ
1257 444 1647 531 εὐλογώτερόν
1692 469 1782 527 γε,
1840 447 1920 508 ὧν
1969 447 2119 531 μηδὲ
2165 444 2402 527 ἐμμένει
2447 445 2507 509 ἐν
2553 449 2638 529 τῷ
2685 444 2906 508 ἕλκοντι
2953 442 3124 525 ἰκμὰς

631 548 781 611 ἀλλὰ
828 548 1292 633 παραπέμπεται,
1339 554 1516 613 ταῦτα
1564 552 1783 632 μᾶλλον
1829 550 2131 612 κινεῖσθαι.
2211 550 2308 612 καὶ
2351 548 2462 632 γὰρ
2507 551 2702 610 πλεῖον
2747 548 2865 610 ἀπὸ
2910 548 3128 611 τούτων
3159 562 3210 605 15

625 651 780 719 εἰκὸς
824 652 1100 715 ἕλκεσθαι
1154 657 1238 737 τῷ
1284 654 1349 715 τὸ
1396 651 1705 735 ἑλκόμενον
1760 652 1820 715 ἐν
1878 652 2068 735 ἑαυτῷ
2127 653 2276 734 μηδὲ
2331 651 2729 735 πληρούμενον
2776 649 2872 713 ὑπ’
2927 651 3125 725 αὐτοῦ,

625 752 744 816 ἀλλ’
802 754 1002 837 ὅμοιον
1048 756 1218 837 μένον
1266 755 1471 819 ἕλκειν.
1562 756 1779 837 ὁμοίως
1824 756 1889 818 δὲ
1933 755 2193 818 καθόλου
2241 756 2548 837 ἀναγκαῖον
2600 754 2698 816 τὸν
2743 754 2876 837 περὶ
2921 754 3122 817 τούτου

556 876 585 923 5
625 857 863 940 λέγοντα
909 864 1137 941 πρῶτον
1192 857 1564 941 ἐζητηκέναι,
1620 858 1701 926 τίς
1747 859 1778 920 6
1826 863 1930 941 τῆς
1984 858 2164 941 ὁλκῆς
2214 857 2444 942 τρόπος.
2535 856 2690 919 ἕλκει
2744 855 2852 941 γὰρ
2906 856 2977 918 τὰ
3023 857 3125 939 μὲν
3153 870 3210 913 2⁰

622 960 719 1043 βίᾳ
762 961 857 1021 καὶ
903 961 1058 1043 ἁφῇ·
1106 964 1285 1022 ταῦτα
1317 960 1465 1022 αὐτὰ
1497 960 1801 1042 κινούμενα
1833 965 1994 1023 κινεῖ.
2063 960 2176 1045 οὐχ
2208 961 2392 1029 οὕτως
2437 960 2501 1023 δὲ
2544 961 2582 1043 ἡ
2628 960 2814 1028 λίθος·
2863 960 3129 1041 ἀκίνητος

622 1064 759 1145 γάρ.
817 1064 913 1126 καὶ
958 1060 1091 1125 οὔτε
1135 1068 1235 1125 τοῦ
1283 1064 1521 1148 σιδήρου
1569 1064 1898 1147 ἁπτομένη,
1952 1061 2086 1126 οὔτε
2131 1067 2340 1126 σπῶσα
2386 1064 2481 1125 τὸν
2531 1062 2739 1145 μεταξὺ
2785 1061 2930 1146 ἀέρα
2976 1063 3014 1145 ἢ
3060 1064 3125 1124 τὸ

625 1166 777 1248 ὕδωρ
834 1167 1145 1229 ἐπισπᾶται
1198 1167 1372 1231 αὐτὸν
1429 1167 1502 1230 δι’
1557 1168 1768 1230 αὐτῶν.
1859 1169 1956 1230 καὶ
1998 1168 2119 1251 γὰρ·
2153 1166 2220 1231 ἄν
2275 1168 2345 1229 τὰ
2397 1166 2816 1237 ἐπιπολάζοντα
2859 1166 2920 1229 ἐν
2965 1165 3128 1250 αὐτῷ
3153 1182 3209 1224 εε

620 1270 715 1331 καὶ
760 1270 1087 1354 κουφότερα
1126 1272 1283 1334 ἕλκοι
1332 1272 1338 1353 Ι
1390 1277 1473 1356 τῷ
1505 1271 1862 1336 ἐπισπᾶσθαι
1905 1272 2002 1333 τὸν
2035 1270 2244 1352 μεταξὺ
2275 1270 2439 1352 ἀέρα,
2485 1266 2617 1355 (du)
2645 1273 2730 1353 τῷ
2767 1268 2966 1355 θερμῷ
3001 1272 3085 1353 τῷ
3132 1276 3232 1333 140

520 1394 581 1439 10
618 1372 679 1434 ἐν
736 1373 929 1441 αὐτοῖς
982 1374 1047 1436 τὸ
1104 1374 1377 1457 ἤλεκτρον
1433 1376 1529 1438 καὶ
1582 1376 1620 1457 ἢ
1670 1374 1858 1437 σικύα.
1947 1373 2061 1458 οὐχ
2105 1373 2290 1442 οὕτως
2333 1373 2540 1457 ἐκείνη.
2629 1373 2688 1435 ἐν
2735 1372 2972 1440 ἐκείνοις
3015 1372 3120 1456 γὰρ

618 1478 684 1539 τὸ
740 1481 851 1560 πῦρ
906 1478 1238 1557 κινούμενον
1294 1479 1388 1540 καὶ
1446 1477 1591 1547 ἐξιὸν
1648 1481 1768 1561 σπᾷ
1822 1477 1890 1538 τὸ
1945 1476 2364 1559 παρακείμενον
2421 1476 2590 1560 ὑγρὸν
2646 1476 2744 1539 καὶ
2795 1473 3117 1557 ἁπτόμενον

623 1582 703 1648 ὡς
748 1581 1045 1665 σπώμενῳ
1092 1581 1156 1642 τὸ
1190 1582 1431 1665 συνεχὲς
1478 1580 1801 1664 ἐφέλκεται,
1847 1581 1886 1662 ἡ
1934 1580 1998 1641 δὲ
2029 1579 2192 1647 λίθος
2236 1581 2332 1641 τὸν
2379 1578 2608 1662 σίδηρον
2658 1578 2850 1661 μόνον.
2919 1578 2970 1640 εἰ
3012 1579 3121 1663 γὰρ
3175 1594 3204 1637 ὅ

620 1680 771 1743 ἔσπα
826 1684 922 1745 τὸν
980 1682 1190 1765 μεταξὺ
1246 1682 1421 1765 ἀέρα,
1474 1682 1697 1767 ἐφέρετ’
1755 1682 1823 1745 ἂν
1877 1683 2066 1745 πάντα
2109 1682 2181 1744 τὰ
2225 1682 2285 1744 ἐν
2341 1687 2427 1765 τῷ
2485 1680 2610 1765 ἀέρι
2650 1680 2974 1765 κουφότερα
3017 1686 3119 1744 τοῦ

619 1787 859 1867 σιδήρου
904 1785 999 1847 ἐπὶ
1046 1788 1149 1867 τὴν
1194 1788 1357 1849 λίθον
1404 1790 1607 1869 πρῶτα
1654 1790 1754 1847 τοῦ
1801 1786 2059 1869 σιδήρου.
2137 1784 2325 1847 ἕλκειν
2369 1786 2533 1847 δοκεῖ
2573 1786 2666 1847 καὶ
2713 1786 2748 1867 ἡ
2797 1784 3008 1869 ὑστέρα
3052 1785 3122 1847 τὰ

514 1908 575 1955 15
618 1888 919 1969 σπέρματα
963 1889 1058 1952 καὶ
1104 1890 1163 1950 αἱ
1210 1888 1419 1973 φλέβες
1450 1890 1545 1951 καὶ
1592 1888 1661 1950 τὰ
1708 1888 1858 1971 μέλη
1903 1888 2006 1971 τὴν
2051 1890 2288 1971 τροφήν.
2379 1887 2493 1971 οὐχ
2538 1888 2722 1955 οὕτως
2766 1888 2831 1950 δὲ
2875 1889 2912 1970 ἡ
2959 1887 3122 1957 λίθος
3151 1905 3205 1947 1⁰

615 1990 769 2054 ἕλκει
815 1992 909 2054 τὸν
958 1992 1210 2075 σίδηρον.
1304 1991 1398 2053 καὶ
1443 1990 1550 2073 γὰρ
1596 1990 1816 2053 τούτων
1864 1990 1976 2053 ὅσα
2021 1990 2177 2053 ἕλκει
2229 1995 2311 2073 τῷ
2358 1990 2454 2051 τὸν
2499 1990 2645 2073 ἀέρα
2695 1993 2792 2052 καὶ
2838 1992 2903 2054 τὸ
2949 1992 3118 2076 ὑγρὸν

617 2098 767 2156 σπᾶν
812 2100 1039 2178 πρῶτον
1086 2092 1203 2179 (τὸ)
1250 2093 1459 2175 μεταξὺ
1506 2097 1673 2155 τοῦτο
1718 2098 1876 2156 ποιεῖ
1915 2092 2063 2157 κατὰ
2112 2092 2494 2176 συμβεβηκός.
2585 2094 2772 2157 ἕλκειν
2819 2096 2982 2157 δοκεῖ
3021 2096 3116 2157 καὶ

616 2198 646 2260 6
694 2199 855 2281 ἥλιος
898 2199 964 2260 τὺ
1019 2198 1175 2279 ὕδωρ
1221 2196 1612 2279 (μεταβάλλον
1659 2196 1768 2280 γὰρ
1814 2196 1909 2259 διὰ
1955 2197 2057 2278 τὴν
2103 2196 2218 2257 ἀπὸ
2267 2200 2364 2257 τοῦ
2399 2196 2564 2278 ἡλίου
2611 2196 2944 2281 θερμότητα
2989 2198 3120 2259 ἀνα·
3151 2214 3200 2256 ιε

613 2300 848 2384 φέρεται
893 2302 977 2369 εἰς
1020 2300 1115 2361 τὸν
1162 2299 1307 2363 κατὰ
1354 2298 1519 2383 φύσιν
1565 2298 1756 2361 αὐτῶν
1798 2298 1994 2373 τόπον,
2042 2298 2104 2367 ὅς
2149 2298 2301 2361 ἐστιν
2347 2296 2469 2360 ἅνω
2515 2296 2662 2361 ἔνθα
2708 2300 2802 2361 καὶ
2848 2300 2880 2362 6
2925 2301 3119 2385 ἥλιος)

508 2424 575 2470 20
612 2404 724 2489 οὐχ
772 2410 850 2473 ὡς
895 2404 1152 2486 ἠλίθος·
1210 2402 1277 2464 οὐ
1330 2404 1437 2484 γὰρ
1495 2402 1845 2485 μεταβάλλει
1897 2404 1994 2464 τὸν
2040 2401 2291 2485 σίδηρον.
2383 2400 2538 2463 ἕλκει
2592 2402 2686 2464 καὶ
2741 2402 2844 2485 τὴν
2899 2404 3115 2487 τροφὴν

610 2508 675 2569 τὸ
724 2512 873 2591 ξῷον
918 2507 1013 2568 καὶ
1062 2510 1173 2567 πᾶν
1219 2507 1283 2566 τὸ
1330 2506 1687 2587 ἐπιθυμητὸν
1722 2508 1816 2568 καὶ
1865 2504 2100 2589 ὀρεκτὸν
2133 2504 2201 2566 οὐ
2233 2508 2316 2585 τῷ
2351 2510 2532 2565 ποιεῖν
2577 2506 2642 2567 τὸ
2692 2504 2902 2586 μεταξὺ
2933 2507 3109 2570 αὐτοῦ
3141 2524 3198 2565 ω

612 2610 733 2693 <καὶ
779 2610 905 2693 τοῦ>
951 2608 1301 2694 ὀρεγομένου
1350 2608 1550 2690 ὅμοιον
1597 2608 1788 2691 ἑαυτῷ
1833 2607 1933 2689 (οὐ
1963 2608 2075 2691 γὰρ
2121 2608 2305 2690 τροφὴ
2337 2606 2548 2688 γίνεται
2591 2608 2658 2669 τὸ
2700 2608 2930 2691 μεταξύ,
2976 2608 3100 2672 οὐδ’

523 2740 529 2747 ·
608 2712 835 2776 ἕλκεται
868 2712 1083 2795 τοῦτο),
1132 2711 1281 2774 ἀλλὰ
1314 2712 1547 2793 κινηθὲν
1578 2711 1642 2774 τὸ
1677 2710 1890 2791 μεταξὺ
1923 2710 2034 2771 ὑπὸ
2065 2714 2165 2773 τοῦ
2201 2710 2440 2793 ὀρεκτοῦ
2475 2707 2822 2794 <ὂια>δίὸωσι
2865 2712 2931 2774 τὸ
2963 2712 3112 2781 εἷόος

610 2816 705 2879 ἐπὶ
749 2818 813 2879 τὸ
858 2816 1211 2897 κινούμενον,
1259 2817 1337 2881 ὡς
1370 2814 1467 2875 ἐπὶ
1496 2818 1597 2876 τοῦ
1644 2813 1783 2896 ὁρᾶν
1830 2813 2062 2895 γίνεται.
2146 2813 2332 2880 οὕτως
2377 2814 2471 2875 καὶ
2517 2814 2548 2874 6
2596 2814 2827 2898 σίδηρος
2871 2814 2968 2876 ἐπὶ
3013 2816 3114 2898 τὴν

502 2940 569 2989 25
606 2922 771 2983 λίθον
818 2919 1079 3003 φέρεται,
1134 2918 1247 3001 οὐχ
1304 2916 1583 2979 ἕλκουσαν
1637 2916 1811 2979 αὐτὸν
1859 2915 1956 2999 βίᾳ
2010 2916 2152 2999 πρὸς
2199 2916 2440 2998 ἑαυτήν,
2495 2914 2613 2977 ἀλλ’
2671 2917 2870 3001 ἐφέσει
2913 2919 3115 2981 τούτου
3143 2936 3197 2977 25

609 3022 677 3086 οὖ
744 3023 944 3104 ἐνδεὴς
1011 3020 1113 3103 μέν
1180 3020 1332 3083 ἐστιν
1399 3018 1591 3093 αὑτός,
1658 3018 1785 3101 ἔχει
1841 3018 1895 3081 δ’
1961 3018 2101 3080 αὐτὸ
2168 3020 2206 3101 ἢ
2261 3018 2448 3085 λίθος·
2516 3019 2678 3081 δοκεῖ
2735 3020 2846 3105 γὰρ
2913 3024 3008 3084 καὶ
3073 3024 3112 3105 ἡ

606 3125 768 3193 λίθος
836 3125 1114 3207 σιδηρῖτις
1184 3121 1348 3195 εἶναι,
1413 3122 1419 3201 Ι
1490 3119 1879 3204 ἐξικμασμένη
1950 3121 2142 3203 μέντοι
2209 3119 2323 3203 ἤδη
2393 3120 2524 3203 ἤτοι
2593 3122 2704 3185 ὑπὸ
2764 3121 2983 3208 χρόνου
3048 3125 3216 3209 ἢ141

607 3228 716 3291 ὑπό
792 3250 939 3295 τινος
1012 3226 1195 3308 ἄλλης
1266 3226 1467 3293 αἰτίας.
1578 3224 1645 3287 οὐ
1719 3223 1892 3306 μόνον
1957 3223 2066 3306 γὰρ
2135 3222 2205 3285 τὰ
2273 3222 2546 3307 αἴσθησιν
2612 3223 2824 3310 ἔχοντα
2891 3228 2986 3289 καὶ
3040 3227 3110 3289 τὰ

607 3328 844 3415 ἔμψυχα
912 3329 1133 3413 ἐφίεται
1198 3332 1298 3389 τοῦ
1374 3329 1521 3390 κατὰ
1590 3326 1761 3412 φύσιν
1829 3327 2082 3399 ἑαυτοῖς,
2157 3324 2278 3388 ἀλλ’
2354 3327 2508 3389 οὕτω
2575 3329 2760 3391 πολλὰ
2833 3332 2928 3392 καὶ
2995 3336 3110 3393 τῶν
3163 3346 3192 3389 5

500 3453 566 3501 30
604 3434 850 3517 ἀψύχων
906 3430 1047 3517 ἔχει.

607 3638 828 3702 XXIV.
920 3638 1190 3707 Λέξεως
1245 3637 1570 3719 ἐξήγησις
1626 3636 1701 3699 ἐκ
1758 3640 1874 3699 τοῦ
1921 3636 2254 3719 δευτέρου
2309 3635 2476 3720 Περὶ
2532 3642 2760 3721 ψυχῆς
2798 3636 3108 3722 Ἀριστο·

602 3744 846 3808 τέλους
892 3739 1033 3823 μετ’
1080 3740 1311 3822 ὀλίγον
1358 3745 1481 3823 τῆς
1526 3742 1751 3825 ἀρχῆς
1794 3738 2200 3823 εἰρημένης·
2256 3737 2603 3821 αλέγομεν
2649 3740 2728 3823 δὴ
2782 3742 2978 3823 γένος
3036 3744 3104 3805 ἕν

605 3869 665 3907 τι
724 3851 855 3907 τῶν
910 3842 1137 3905 ἄλλων
1194 3842 1407 3905 ὄντων
1454 3843 1575 3925 τὴν
1628 3842 1897 3915 οὐσίαν,
1959 3842 2212 3925 ταύτης
2257 3842 2332 3904 δὲ
2383 3842 2456 3904 τὸ
2514 3844 2632 3922 μὲν
2689 3847 2778 3912 ὡς
2822 3845 3018 3928 ὕλην,
3071 3846 3102 3908 ὃ
3137 3864 3188 3905 ιο

500 4103 520 4154 1
564 4102 762 4169 ἐμμένει
788 4102 1173 4170 Panzerbieter:
1213 4100 1439 4170 ἐμμένειν
1480 4100 1595 4152 libri
1754 4101 1786 4170 ἡ
1828 4100 1979 4167 ἰκμὰς
2016 4119 2048 4152 a
2074 4101 2160 4167 Sp.
2329 4100 2375 4151 2.
2405 4100 2436 4152 3
2475 4100 2574 4151 ἀπὸ
2610 4098 2806 4152 τούτων
2835 4100 2968 4161 εἰκὸς
2993 4119 3120 4156 corr.
3147 4122 3208 4158 ex

492 4190 629 4248 εἰκὸς
665 4190 764 4242 ἀπὸ
801 4190 995 4243 τούτων
1036 4195 1080 4241 V
1268 4190 1299 4241 3
1336 4190 1503 4257 ἑαυτῷ
1542 4190 1637 4258 (μὴ
1677 4192 1933 4260 κατέχειν>
1971 4190 2231 4241 Schwartz
2409 4190 2441 4239 4
2479 4190 2628 4257 μένον
2667 4188 2780 4257 Sp.:
2820 4191 2983 4257 μένειν
3019 4193 3136 4246 libri

494 4280 525 4331 6
566 4280 647 4349 βία
674 4280 785 4348 Sym
826 4280 906 4348 βία
934 4280 1051 4331 libri
1230 4279 1339 4349 ἁφῇ
1364 4282 1477 4345 Sp.:
1517 4278 1621 4347 ἁφὴ
1652 4282 1712 4330 V:
1752 4278 1856 4347 ἅφη
1887 4298 1916 4329 a
2095 4281 2252 4329 ταῦτα
2289 4276 2441 4329 αὐτὰ
2479 4278 2688 4343 scripsi:
2725 4282 2884 4329 ταῦτα
2921 4280 2981 4331 τὰ
3010 4284 3208 4351 νῦὸᾳι

492 4374 649 4421 ταῦτα
675 4372 740 4419 F:
780 4368 811 4419 ἃ
848 4369 932 4420 καὶ
960 4367 1086 4420 αὐτὰ
1112 4368 1223 4434 Sp.:
1264 4368 1295 4418 ἃ
1322 4365 1461 4434 (dd)
1490 4368 1574 4417 καὶ
1610 4369 1672 4417 τὰ
1706 4368 1836 4417 vict.
1985 4366 2012 4415 7
2053 4366 2082 4435 ἢ
2113 4366 2246 4418 vict.
2276 4366 2388 4432 Sp.:
2429 4366 2495 4423 εἰς
2517 4368 2684 4418 VSBa
2827 4366 2859 4418 8
2893 4367 2952 4418 ἀν
2987 4370 3062 4421 sic
3091 4374 3134 4419 V

493 4458 523 4508 9
562 4456 698 4508 ἕλκοι
726 4458 855 4507 vict.
882 4458 992 4524 Sp.:
1034 4454 1167 4507 ἕλκει
1195 4456 1309 4507 libri
1456 4455 1529 4512 ὡς
1564 4456 1745 4507 addidi
1899 4456 1958 4507 10
1985 4454 2079 4526 οὐχ
2105 4457 2220 4520 Sp.:
2249 4451 2360 4505 οὐδ’
2391 4456 2507 4507 libri
2652 4452 2792 4507 οὕτω
2814 4453 2864 4505 δὲ
2891 4457 3026 4507 coni.
3047 4456 3133 4525 Sp.

492 4545 657 4613 ἐκείνη
698 4544 812 4611 Sp.:
851 4544 1035 4600 ἐκεῖνος
1084 4543 1199 4595 libri
1370 4544 1428 4595 12
1486 4544 1759 4612 σπωμένῳ]
1808 4545 2072 4611 σπώμενον
2119 4562 2150 4593 a
2189 4547 2275 4609 Sp.
2463 4543 2520 4594 17
2559 4543 2618 4595 τὸ
2665 4543 2779 4595 add.
2828 4542 3010 4596 B2s⁹a
3047 4545 3134 4612 Sp.

496 4634 559 4683 19
596 4630 788 4698 αὐτῶν]
828 4632 983 4683 αὑτοῦ
1020 4652 1051 4682 ιι
1090 4636 1175 4698 Sp.
1392 4633 1458 4683 20
1496 4632 1589 4696 ὡς]
1630 4630 1793 4689 οὕτως
1829 4634 1916 4699 Sp.
2115 4632 2174 4681 21
2237 4631 2294 4683 οὔ
2347 4634 2422 4699 τῷ
2471 4639 2627 4683 ποιεῖν
2679 4632 2834 4683 Vict.=
2891 4630 3026 4683 οὕτω
3079 4640 3210 4685 ποιεῖ

489 4719 606 4771 libri
787 4721 852 4770 22>
891 4720 975 4770 καὶ
1014 4720 1129 4770 add.
1172 4719 1332 4771 13²s⁹a
1370 4720 1457 4787 Sp.
1636 4725 1725 4772 τοῦ
1763 4721 1880 4771 add.
1915 4720 2053 4771 Diels
2223 4720 2288 4769 23
2325 4718 2574 4770 διαδίδωσι
2603 4719 2770 4771 Diels:
2809 4718 2978 4771 δίδωσι
3015 4721 3132 4773 libri

492 4808 555 4859 :27
604 4807 843 4877 σιδηρίτισ
882 4812 927 4857 V
1106 4806 1443 4878 ἐΕικμασμένη
1483 4810 1696 4877 scripsi:
1754 4810 2084 4877 ἑξικασμένης
2123 4812 2184 4860 V:
2243 4808 2294 4866 ἐξ
2335 4808 2602 4879 ι’κασμένης
2641 4826 2669 4858 a
2707 4811 2796 4875 Sp.
2973 4806 3033 4858 31
3097 4807 3204 4859 δευ-

490 4893 659 4964 τέρου]
718 4896 779 4946 de
828 4912 913 4946 au.
963 4896 1028 4959 ll,
1076 4898 1117 4946 1.
1156 4896 1336 4948 41226
1517 4898 1583 4949 33
1622 4896 1790 4949 ἄλλων
1828 4897 1926 4949 del.
1971 4898 2120 4962 vict„
2167 4912 2265 4947 om.
2309 4898 2463 4947 Arist.
2505 4898 2591 4963 Sp.
