3684 5567
602 240 701 281 xxv
1758 232 2149 286 PRAEFATIO

603 428 686 475 ex
740 426 979 489 genere
1032 414 1131 472 est
1191 407 1757 490 collectaneorum3
1808 405 2004 488 igitur
2045 404 2296 488 incipit:
2349 404 2416 468 τὸ
2459 402 2564 473 τὰς
2607 405 2817 489 ἀρετὰς
2859 404 3307 469 ἀντακολουθεῖν

604 530 884 610 ἀλλήλαις
942 527 1053 591 καὶ
1110 525 1317 609 ταύτῃ
1376 526 1495 607 μὲν
1552 524 1628 589 ἂν
1683 525 2110 591 δεικνύοιτο.
2179 531 2532 607 sequuntur
2595 531 2841 607 septem
2910 530 3307 606 argumenta,

602 670 869 733 quorum
915 647 1079 711 2—7
1128 644 1447 728 particula
1488 642 1574 708 ἔτι
1618 652 2056 710 conseruntur.
2145 642 2624 707 Problematum
2681 643 2874 727 capiti
2919 642 3168 707 initium
3213 650 3310 707 est

555 757 559 761 ’
605 768 739 833 fere
782 767 979 832 idem:
1026 764 1113 829 ὅτι
1156 764 1687 828 ἀντακολουθοδσιν
1730 766 1791 828 αἱ
1836 765 2040 849 ἠθικαὶ
2070 764 2271 849 ἀρεταὶ
2317 763 2636 827 δεικτέον
2681 764 2795 827 καὶ
2837 762 2972 825 ἀπὸ
3017 770 3102 847 et,
3149 762 3310 827 utin

602 886 936 969 mantissa,
981 884 1253 949 alteram
1297 883 1913 949 demonstrationem
1957 882 2304 948 introducit
2345 880 2451 948 ἔτι.
2539 882 2656 949 sed
2699 882 2892 948 tertia
2932 903 3062 948 non
3108 882 3313 967 sequi-

602 1012 725 1089 tur,
786 1004 1002 1096 media
1066 1004 1275 1069 altera
1338 1002 1717 1068 terminatur
1780 1002 2228 1085 fragmentum.
2328 1002 2512 1069 vides
2566 1022 2646 1069 ex
2702 1002 2933 1069 eodem
2985 1022 3157 1086 penu
3179 984 3187 991 ’
3207 1003 3314 1068 de-

602 1130 924 1208 sumptum
970 1142 1115 1188 esse
1158 1128 1495 1205 utrumque
1540 1130 1606 1188 et
1648 1140 1803 1187 casu
1845 1120 2086 1186 factum
2127 1140 2291 1207 esse,
2337 1122 2508 1206 quod
2539 1122 2686 1206 duo,
2732 1142 2864 1187 non
2893 1141 3088 1187 unum
3120 1130 3314 1207 caput

604 1244 902 1310 formant.
948 1280 1031 1291 —
1075 1242 1170 1307 ita
1210 1242 1279 1307 in
1322 1241 1639 1307 Mantissa
1680 1240 1963 1308 animam
2004 1240 2450 1325 incorpoream
2497 1262 2640 1309 esse
2683 1248 2750 1309 et
2793 1261 2875 1307 ex
2919 1242 3069 1327 ipsa
3109 1262 3182 1308 re
3226 1242 3317 1307 vi·

604 1364 736 1432 cies
780 1364 1257 1430 demonstratur
1321 1370 1387 1428 et
1453 1367 1679 1427 contra
1736 1359 1920 1425 varia
1985 1359 2504 1427 adversariorum
2573 1360 2914 1427 conamina
2977 1361 3316 1445 quinquies

603 1483 969 1550 defenditur
1012 1483 1092 1550 cf.
1128 1482 1485 1568 114,6—24
1530 1479 1731 1564 (quod
1778 1480 2006 1545 melius
2054 1480 2280 1565 116,37
2328 1480 2649 1565 posuisset
2703 1480 3029 1564 redactor)
3089 1482 3310 1566 116‚37

604 1604 899 1687 -118‚4.
988 1604 1278 1670 similiter
1320 1604 1386 1669 in
1434 1600 1856 1667 Problematis
1901 1606 2048 1685 post
2091 1600 2218 1665 tria
2260 1606 2644 1682 argumenta
2690 1602 3050 1683 138,8-2Ο
3087 1598 3200 1684 (cf.
3230 1598 3318 1663 ἔτι

603 1743 665 1788 v.
716 1726 791 1788 11
840 1730 907 1790 et
953 1722 1059 1809 14)
1104 1724 1389 1807 sequitur
1430 1721 1666 1806 triplex
1708 1718 2001 1786 defensio
2045 1718 2155 1804 (cf.
2186 1722 2254 1783 τὸ
2285 1720 2350 1783 δὲ
2379 1720 2563 1803 λέγειν
2612 1720 2865 1805 138,2Ο.
2890 1718 3160 1803 2830).
3233 1720 3316 1783 cf.

608 1843 836 1927 154,15
885 1844 1089 1927 155‚6.
1118 1846 1216 1909 19.
1241 1844 1325 1909 29
1371 1842 1617 1927 156,10.
1646 1841 1743 1906 19.

780 1966 1003 2047 ltaque
1047 1984 1130 2031 ne
1174 1963 1435 2030 moralis
1478 1962 1734 2046 quidem
1779 1958 1942 2026 liber
1979 1964 2232 2025 constat
2263 1978 2346 2023 ex
2373 1960 2568 2025 meris
2599 1959 3036 2045 problematis.
3123 1958 3318 2024 immo

605 2083 771 2149 inter
838 2084 1025 2149 huius
1090 2084 1308 2166 capita
1374 2101 1503 2147 non
1570 2088 1719 2147 sunt
1776 2079 2179 2164 problemata
2235 2079 2292 2143 2.
2341 2080 2399 2144 3.
2446 2082 2508 2145 4.
2553 2080 2612 2145 6.
2660 2080 2721 2146 9.
2769 2080 2868 2146 10.
2920 2080 3018 2143 11.
3069 2078 3166 2143 13.
3218 2078 3317 2143 15.

608 2203 705 2267 19.
753 2204 857 2268 20.
901 2204 1003 2267 21.
1050 2202 1153 2268 22.
1199 2203 1301 2267 23.
1390 2200 1505 2267 sed
1550 2220 1631 2265 ne
1675 2200 1837 2266 haec
1883 2199 2140 2283 quidem
2185 2199 2373 2263 unius
2417 2199 2690 2281 generis.
2779 2199 2862 2264 de
2905 2198 3323 2265 collectaneis

605 2321 766 2406 dixi,
820 2321 951 2387 alia
1004 2328 1272 2405 possunt
1316 2320 1674 2403 comparari
1731 2338 1874 2383 cum
1930 2317 2342 2403 physicorum
2396 2318 2715 2405 capitibus
2769 2318 2851 2385 de
2904 2317 3133 2401 quibus
3186 2316 3322 2382 dixi

607 2462 668 2524 p.
699 2442 783 2525 X,
812 2442 891 2505 13
903 2462 1027 2525 sq„
1080 2459 1247 2523 quae
1301 2447 1510 2505 utrum
1579 2459 1661 2504 ex
1712 2438 1978 2504 scholae
2033 2438 2321 2521 reliquiis
2374 2457 2459 2504 an
2514 2459 2594 2505 ex
2651 2437 2899 2503 scriniis
2952 2436 3321 2521 philosophi

606 2560 1020 2644 provenerint
1062 2561 1375 2626 incertum
1420 2566 1535 2625 est.
1625 2578 1745 2623 nec
1790 2557 2026 2625 desunt
2055 2566 2282 2643 aperta
2318 2557 2700 2642 fragmenta,
2747 2564 2816 2623 ut
2859 2558 2898 2621 3
2939 2556 3076 2640 (ubi
3109 2555 3322 2621 verbis

607 2679 730 2744 κατ’
787 2680 995 2749 αὐτούς
1038 2678 1393 2744 adversarii
1439 2678 1888 2763 respiciuntur,
1941 2677 2023 2743 de
2077 2678 2308 2762 quibus
2350 2686 2546 2744 antea
2599 2698 2725 2743 non
2772 2677 3012 2743 dictum
3055 2682 3188 2761 est3
3239 2674 3316 2740 cf.

606 2801 889 2885 λαμβάνοι
955 2806 1020 2865 et
1084 2798 1375 2884 ἐλάμβανε
1444 2798 1674 2881 122,34
1725 2799 1938 2883 123,4)
1997 2800 2094 2865 15.
2169 2799 2269 2864 19.
2337 2799 2441 2863 22.
2553 2796 2733 2862 initio
2801 2797 2888 2861 ad
2953 2796 3320 2880 aporiatum

604 2920 970 3002 exemplum
1002 2918 1276 2983 formata
1307 2923 1457 2982 sunt
1488 2918 1584 2982 18.
1619 2918 1723 2999 27,
1772 2925 2056 2984 ceterum
2102 2939 2145 2984 a
2189 2914 2602 2984 collectaneis
2633 2934 2762 2979 non
2791 2914 3052 2981 diversa
3093 2914 3318 2998 (etiam

606 3037 729 3103 hoc
773 3039 837 3103 in
882 3037 1198 3103 Mantissa
1251 3036 1575 3103 invenitur
1626 3036 1707 3101 cf.
1757 3038 2050 3122 122‚17).
2141 3036 2460 3103 accedunt
2525 3034 2692 3100 duae
2759 3033 3322 3119 interpretationes

607 3158 707 3221 12.
755 3157 837 3221 29
886 3163 952 3221 et
994 3175 1125 3222 una
1170 3155 1499 3240 epidrome
1543 3157 1648 3241 25,
1694 3157 1777 3223 de
1821 3177 1951 3241 qua
1994 3157 2236 3223 dictum
2281 3162 2402 3223 est.

773 3278 1045 3342 Restant
1090 3278 1146 3341 1.
1192 3278 1253 3342 ἴ).
1301 3280 1359 3343 7.
1406 3278 1463 3344 8.
1517 3280 1615 3343 14.
1668 3277 1767 3341 16.
1812 3278 1919 3343 24.
1965 3277 2076 3360 28,
2132 3275 2362 3359 quibus
2405 3273 2635 3339 dubius
2688 3293 2827 3338 sum
2886 3293 3038 3338 num
3089 3274 3165 3339 17
3213 3274 3322 3339 ad-

603 3400 952 3463 numerem.
1046 3396 1147 3461 hic
1191 3396 1393 3463 habes
1440 3418 1583 3464 eam
1627 3396 1773 3464 libri
1816 3402 2091 3482 partem,
2137 3415 2322 3480 quae,
2367 3401 2438 3459 ut
2482 3394 2548 3458 in
2581 3392 2886 3477 physicis,
2932 3412 3164 3459 caussa
3205 3393 3322 3457 fuit

606 3516 1043 3600 inscriptionis
1098 3517 1212 3582 toti
1274 3516 1665 3583 collectioni:
1741 3515 2148 3599 problemata
2199 3522 2367 3599 sunt,
2423 3534 2550 3580 non
2603 3513 2863 3579 diversa
2914 3533 2957 3578 a
3009 3512 3322 3597 physicis3

602 3636 797 3717 igitur
838 3636 923 3700 de
956 3634 1055 3700 his
1084 3657 1213 3700 non
1246 3656 1407 3722 opus
1452 3642 1549 3699 est
1578 3634 1950 3717 singillatim
1981 3635 2332 3718 disputare.
2423 3654 2652 3700 moneo
2685 3640 2954 3717 tantum,
3002 3633 3069 3698 in
3099 3633 3321 3716 quinto

604 3754 702 3820 bis
732 3757 1155 3840 ἐπιζητεῖσθαι,
1203 3761 1268 3820 et
1312 3754 1581 3837 singulis
1611 3753 2220 3837 interrogationibus
2251 3752 2508 3835 singula
2547 3772 2860 3837 responsa
2889 3753 3114 3819 addita
3157 3773 3320 3838 esse,

603 3874 695 3939 ita
740 3882 809 3939 ut
854 3883 985 3939 tres
1032 3875 1265 3957 plenae
1310 3872 1722 3957 quaestiones
1766 3872 1873 3937 hic
1917 3873 2297 3945 coniunctae
2341 3871 2489 3937 sint.

773 3992 988 4069 Quare
1032 3993 1254 4059 similis
1300 4000 1397 4059 est
1444 3992 1633 4057 huius
1678 3992 1820 4057 libri
1871 3994 2054 4075 origo
2099 4000 2297 4077 atque
2342 3992 2773 4078 physicorum.
2862 4012 3074 4076 neque
3105 3994 3322 4061 redac-

602 4112 761 4176 toris
804 4112 989 4177 varia
1034 4113 1361 4179 miscentis
1401 4112 1729 4195 ingenium
1782 4112 2003 4196 dispar
2056 4110 2197 4194 fuit,
2265 4112 2371 4195 qui
2434 4110 2850 4178 cohaerentia
2902 4113 3178 4179 secrevit
3233 4112 3319 4199 (8.

603 4231 715 4314 28)
759 4237 824 4295 et
866 4251 997 4297 non
1044 4232 1204 4297 vidit
1234 4232 1318 4297 ad
1349 4232 1617 4298 verbum
1663 4251 2015 4315 congruere
2063 4232 2145 4297 26
2193 4240 2258 4299 et
2301 4234 2384 4298 23
2428 4233 2580 4299 inde
2611 4252 2652 4297 a
2686 4232 2939 4317 144,34.
3027 4232 3322 4297 nimirum

600 4351 771 4417 idem
820 4358 884 4416 et
942 4350 1275 4435 physicam
1332 4357 1397 4416 et
1448 4351 1758 4416 moralem
1810 4350 2258 4417 collectionem
2311 4351 2589 4417 instituit
2641 4360 2706 4419 et
2761 4373 2804 4418 a
2855 4351 3321 4437 problematum

604 4477 787 4554 parte
831 4478 1168 4553 utramque
1212 4469 1671 4536 denominavit.
1769 4468 2082 4553 „primus“
2147 4478 2362 4537 autem
2416 4471 2579 4538 liber
2633 4473 2686 4537 si
2741 4471 3090 4539 moralibus
3145 4492 3325 4557 prae-

602 4591 876 4675 scriptus
922 4597 1041 4674 est,
1088 4590 1211 4655 hoc
1255 4590 1341 4655 ad
1384 4588 1739 4655 Alexandri
1786 4588 2191 4673 problemata
2235 4612 2362 4655 non
2411 4592 2595 4676 redit,
2642 4594 2757 4658 sed
2805 4613 2886 4659 ex
2915 4594 3323 4678 collectione,

602 4730 769 4794 quae
813 4718 954 4777 erat
996 4710 1274 4776 fortasse
1318 4710 1509 4774 trium
1539 4709 1841 4775 librorum
1889 4717 1958 4775 ut
1989 4709 2278 4793 physica,
2325 4711 2572 4794 periere
2617 4712 2678 4778 ei
2709 4712 2876 4795 libri,
2908 4714 3014 4797 qui
3048 4714 3322 4797 primum

604 4832 753 4897 olim
798 4830 1252 4914 sequebantur.
