3684 5567
536 259 655 324 138
987 257 1317 329 [ΑΠΟΡΙΩΝ
1354 257 1474 314 ΚΑΙ
1514 257 1778 315 ΛΥΣΕΩΝ
1817 256 2102 315 ΒῙΒΛΙΟΝ
2140 255 2508 315 ΤΕΤΑΡΤΟΝ
2551 260 2776 329 17-20]

633 456 752 501 ναις
807 436 982 518 δῆλον
1030 438 1111 503 ὥς
1163 435 1259 498 καὶ
1312 435 1425 498 ὑπὸ
1470 436 1535 498 τὸ
1582 434 1733 503 εἶδος
1786 438 1902 497 τῶν
1949 434 2187 517 ἀγαθῶν
2243 433 2356 497 εἶεν
2411 433 2478 497 ἂν
2527 434 2740 507 ἐκεῖνο,
2795 430 2892 517 ὑφ’
2951 431 2982 494 ὃ
3026 434 3126 495 καὶ

635 535 694 596 αἱ
740 534 1019 618 ἐνέργειαι
1077 537 1167 605 αῖς
1212 537 1353 601 εἰσιν
1400 538 1623 601 οἰκεῖαι.
1714 538 1765 599 εἰ
1812 537 1916 618 μὲν
1971 538 2079 620 γὰρ
2135 536 2248 601 εἶεν
2303 538 2362 599 αἱ
2407 536 2686 620 ἐνέργειαι
2738 540 2851 599 τῶν
2907 534 3127 598 ἐπαινε-

636 642 782 712 τῶν,
828 642 910 701 ὧν
956 641 1095 704 εἰσιν
1142 642 1203 704 αἱ
1248 638 1374 703 κατ’
1432 640 1671 722 ἀρετήν,
1727 639 1954 705 ἔσονται
1998 641 2094 703 καὶ
2137 638 2306 703 αὗται
2349 642 2633 716 τοιαῦται,
2681 640 2734 699 εἰ
2775 638 2840 701 δὲ
2883 644 2996 700 τῶν
3044 641 3124 706 ὡς

634 742 939 822 δυνάμεων
984 743 1099 807 εἶεν
1144 744 1419 827 ἀγαθῶν,
1476 744 1677 807 όποῖαί
1714 744 1856 806 εἰσιν
1901 745 1958 806 αἱ
2005 743 2132 825 περὶ
2178 741 2394 825 τροφήν
2438 765 2502 804 τε
2545 742 2640 804 καὶ
2685 741 2757 804 τὰ
2800 742 3127 825 ἀφροδίσια,
3151 756 3210 798 2⁰

568 862 597 910 5
638 844 732 905 καὶ
777 844 945 909 αὗται
991 846 1051 909 ἐν
1097 846 1280 930 ταύτῃ
1324 850 1399 930 τῇ
1448 848 1622 931 χώρᾳ
1666 850 1782 907 τῶν
1829 844 2067 928 ἀγαθῶν
2113 844 2357 909 ἔσονται.

632 1086 861 1151 XVIII.
952 1088 1077 1151 Διὰ
1121 1088 1184 1152 τί
1224 1089 1793 1173 φορτικωτάτους
1840 1086 2035 1150 εἶπεν
2088 1087 2246 1156 τοὺς
2290 1086 2357 1149 ἐν
2404 1088 2626 1169 ἡδονῇ
2677 1087 2748 1149 τὸ
2795 1087 2993 1154 τέλος
3037 1109 3126 1149 τι·

894 1190 1233 1274 θεμένους
1276 1191 1345 1253 ἐν
1390 1196 1486 1275 τῷ
1532 1192 1785 1275 πρώτῳ
1832 1195 1967 1252 τῶν
2006 1186 2306 1253 Ἠθικῶν
2355 1187 2872 1273 Νικομαχείων.
3155 1204 3210 1247 2⁵

782 1358 858 1425 Ἢ
904 1362 1047 1425 διότι
1088 1363 1191 1446 τὴν
1238 1362 1606 1444 εὐδαιμονίαν
1660 1362 1720 1424 ἐν
1774 1366 1899 1431 ταῖς
1944 1366 2300 1445 σωματικαῖς
2349 1358 2355 1445 Ι
2403 1360 2758 1424 ἀπολαύσεσι
2809 1360 3083 1436 τίθενται,
3127 1368 3232 1425 265

637 1462 695 1524 ἐν
742 1464 833 1532 αἷς
873 1468 970 1528 καὶ
1000 1464 1071 1527 τὰ
1103 1466 1433 1549 ἀνδράποδα
1464 1466 1559 1527 καὶ
1590 1464 1661 1527 τὰ
1692 1466 2052 1549 βοσκήματα,
2099 1466 2208 1528 εἰσὶ
2239 1465 2516 1549 φορτικοί,
2561 1463 2652 1549 <ἣ>
2683 1465 2824 1527 διότι
2855 1463 2990 1527 καθ’
3031 1464 3128 1535 οὓς

533 1586 595 1633 lo
632 1568 670 1648 ἡ
719 1567 866 1652 μόνη
911 1570 1091 1652 ἡδονὴ
1146 1570 1347 1653 αἱρετὴ
1402 1571 1499 1631 καὶ
1546 1569 1576 1631 ὁ
1622 1568 1795 1637 πόνος
1849 1567 1922 1631 δι’
1977 1570 2150 1631 αὑτὸν
2205 1568 2478 1651 φευκτός,
2537 1566 2670 1631 οὔτε
2711 1569 2777 1631 τὸ
2821 1570 2998 1631 καλὸν
3043 1565 3115 1631 δι’

632 1670 775 1734 αὑτὸ
831 1672 1055 1754 αἱρετὸν
1110 1670 1244 1735 οὔτε
1296 1672 1361 1734 τὸ
1415 1672 1659 1756 αἰσχρὸν
1714 1670 1785 1734 δι’
1841 1671 1982 1735 αὑτὸ
2038 1670 2302 1755 φευκτόν.
2389 1668 2474 1734 ἔτι
2527 1672 2579 1734 εἰ
2627 1671 2798 1754 μόνον
2853 1673 2892 1754 ἡ
2947 1671 3128 1754 ἡδονὴ
3181 1688 3210 1730 5

629 1774 851 1859 αἱρετή,
883 1773 1133 1860 (αἱρετὰ)
1163 1776 1348 1839 πάντα
1378 1774 1452 1837 τὰ
1479 1776 1692 1858 ἡδονῆς
1724 1774 2012 1858 ποιητικά,
2047 1775 2199 1837 ὥστε
2229 1771 2392 1838 ἔσται
2420 1775 2514 1837 καὶ
2551 1773 2745 1838 ἐκεῖνα
2776 1774 2996 1856 ἀγαθά·
3031 1776 3128 1838 καὶ

630 1876 681 1939 εἰ
725 1878 795 1939 τὰ
841 1876 1019 1941 πόνου
1074 1878 1343 1961 ποιητικὰ
1394 1878 1646 1963 φευκτά,
1700 1875 1823 1941 ἔστι
1868 1876 1933 1941 δέ
1978 1900 2118 1940 ποτε
2174 1877 2322 1941 καλὰ
2378 1876 2557 1941 πόνου
2614 1878 2914 1961 ποιητικὰ,
2967 1876 3128 1941 ἔσται

630 1981 783 2043 καλοί
835 2004 959 2044 τινα
1002 1983 1250 2067 φευκτά,
1306 1982 1505 2045 ὁποῖαί
1554 1981 1694 2045 εἰσιν
1740 1982 1835 2044 καὶ
1890 1982 1948 2044 αἱ
2005 1979 2131 2044 κατ’
2189 1981 2418 2063 ἀνδρίαν
2465 1980 2760 2063 ἐνέργειαι.
2851 1978 2935 2044 ἔτι
2979 1978 3116 2045 καθ’
3157 1998 3211 2040 ιο

530 2102 588 2150 15
628 2081 729 2151 οὓς
783 2084 963 2166 μηδὲν
1025 2088 1098 2168 τῇ
1152 2084 1331 2147 αὑτοῦ
1386 2086 1555 2169 φύσει
1610 2084 1785 2147 καλόν
1841 2084 1994 2148 ἐστιν
2055 2085 2205 2169 μηδὲ
2259 2085 2521 2169 αἰσχρόν,
2575 2086 2834 2169 φαίνεται
2891 2084 2958 2147 δέ
3007 2108 3130 2148 τινα

626 2191 860 2251 τοιαῦτα
913 2189 1009 2250 διὰ
1060 2188 1163 2257 τὰς
1205 2190 1522 2273 προλήψεις
1566 2188 1667 2257 τὰς
1710 2192 1825 2251 τῶν
1872 2188 2222 2272 ἀνθρώπων,
2277 2187 2352 2251 δι’
2407 2188 2475 2257 ἃς
2530 2188 2637 2251 οὐκ
2689 2188 2753 2252 ὃν
2803 2191 2875 2272 τῇ
2922 2190 3130 2251 ἑαυτοῦ

626 2290 796 2374 φύσει
850 2288 1145 2375 (αἰσχρὸν)
1198 2292 1262 2353 τὸ
1327 2293 1571 2377 αἰσχρὸν
1627 2294 1708 2361 ὥς
1764 2292 1942 2354 κακὸν
1997 2290 2453 2377 φυλασσόμεθα,
2508 2290 2707 2375 εἷήμεν
2765 2291 2833 2354 ἄν
2893 2292 3124 2376 ζημιοό-
3153 2306 3206 2350 15

634 2415 791 2474 μενοι
836 2394 918 2462 εἰς
961 2394 1063 2463 τὰς
1108 2394 1321 2477 ἡδονὰς
1376 2396 1447 2458 τὰ
1493 2394 1732 2478 μέγιστα
1784 2400 1869 2480 τῷ
1917 2394 2344 2479 φυλασσόμενοι
2397 2395 2463 2457 τὸ
2508 2395 2752 2480 αἰσχρὸν
2797 2395 3129 2481 ἀπέχεσθαι

628 2496 850 2568 αὐτῶν,
906 2496 937 2559 ὃ
984 2496 1121 2560 οὐδὲ
1164 2496 1225 2561 ἓν
1279 2501 1395 2561 τῶν
1450 2498 1677 2579 ἀλόγων
1732 2502 1912 2575 ποιεῖ,
1967 2499 2122 2561 ὥστε
2175 2498 2266 2582 εἴη
2313 2497 2380 2561 ἄν
2437 2501 2576 2582 ἡμῖν
2631 2500 2776 2582 πρὸς
2835 2504 3016 2563 κακοῦ
3063 2499 3126 2562 τὸ

528 2619 594 2666 20
630 2602 876 2680 λογικοῖς
922 2598 1088 2663 εἶναι.
1164 2602 1228 2664 τὸ
1276 2602 1341 2665 δὲ
1384 2601 1589 2683 λέγειν,
1637 2600 1727 2664 ὅτι
1773 2600 1911 2686 μηδ’
1953 2602 2118 2665 αὐτοὶ
2163 2602 2265 2671 τὰς
2309 2603 2558 2687 αἰσχρὰς
2603 2604 2814 2685 ἡδονὰς
2860 2602 3124 2683 ἀξιοῦμεν

628 2703 939 2787 αἱρεῖσθαι,
994 2704 1047 2767 εἰ
1092 2704 1194 2786 μὲν
1241 2705 1425 2774 οὕτως
1470 2706 1565 2768 καὶ
1610 2705 1703 2769 διὰ
1750 2710 1918 2769 τοῦτο
1972 2706 2214 2789 λέγοιεν,
2270 2705 2416 2769 διότι
2459 2707 2524 2769 τὸ
2571 2707 2813 2791 αἰσχρὸν
2859 2705 2931 2768 δι’
2985 2706 3126 2769 αὑτὸ
3153 2722 3210 2765 m

624 2805 868 2891 φευκτόν
915 2807 1054 2882 ἐστι,
1102 2812 1295 2877 καλῶς
1340 2810 1441 2891 μὲν
1484 2808 1552 2872 ἂν
1583 2808 1824 2892 λέγοιεν,
1874 2809 2063 2874 οὐκέτι
2097 2809 2291 2892 μέντοι
2321 2811 2669 2895 φυλάσσοιεν
2701 2807 2824 2892 <ἄν>
2853 2810 2920 2873 τὸ
2953 2808 3124 2889 μόνον

628 2910 726 2972 τὸν
771 2909 945 2973 πόνον
991 2909 1137 2975 εἶναι
1190 2913 1433 2994 φευκτὸν
1478 2911 1551 2977 δι’
1608 2912 1814 2990 αὑτόν,
1871 2914 1924 2977 εἰ
1967 2914 2032 2976 δὲ
2079 2915 2162 2997 μὴ
2209 2912 2303 2976 διὰ
2356 2914 2419 2975 τὸ
2467 2912 2710 2996 αἰσχρὸν
2757 2912 2932 2987 αὐτό,
2995 2910 3116 2975 ἀλλ’

629 3014 716 3076 ὅτι
770 3013 866 3076 ἐπὶ
922 3018 1041 3082 τοῖς
1083 3015 1362 3083 τοιούτοις
1406 3014 1522 3101 [αἱ]
1570 3017 1768 3101 ζημίαι
1813 3018 1960 3085 τινὲς
2007 3016 2118 3080 ὑπὸ
2165 3020 2280 3079 τῶν
2325 3016 2660 3098 νομοθετῶν
2707 3015 3020 3099 ὁρίζονται,
3079 3019 3130 3079 εἰ
3156 3032 3211 3075 25

521 3136 585 3184 25
625 3116 731 3200 μὲν
784 3119 999 3191 καλῶς,
1046 3117 1161 3180 εἶεν
1207 3116 1276 3181 ἂν
1322 3122 1395 3201 τῇ
1429 3120 1621 3181 αὑτῶν
1668 3119 1837 3182 πάλιν
1884 3120 2054 3203 φύσει
2097 3120 2169 3183 τὰ
2198 3119 2417 3204 αἰσχρὰ
2463 3120 2632 3193 κακοί,
2679 3119 2731 3181 εἰ
2775 3119 2840 3181 δὲ
2886 3120 2967 3202 μὴ
3015 3117 3124 3205 κα-Ι

629 3223 768 3296 λῶς,
814 3218 968 3283 τοῦτ’
1021 3220 1143 3284 ἐστὶ
1188 3222 1252 3284 τὸ
1299 3220 1483 3304 λέγειν
1530 3223 1737 3305 ζημίαν
1782 3222 1928 3286 εἶναι
1973 3226 2090 3292 τοῖς
2135 3224 2466 3306 ἀνθρώποις
2509 3222 2576 3283 τὸ
2620 3226 2874 3306 λογικοῖς
2917 3224 3084 3299 εἶναι,
3129 3230 3234 3287 266

629 3323 691 3387 εἴ
727 3346 791 3406 γε
838 3322 932 3385 διὰ
975 3324 1071 3386 τὸν
1117 3324 1287 3407 λόγον
1332 3326 1402 3388 τὰ
1461 3326 1543 3409 μὴ
1590 3326 1741 3389 κακὰ
1796 3326 1948 3389 κακὰ
1994 3326 2496 3410 ὑπολαμβάνοντες
2551 3327 3002 3412 ἀποστεροῦνται
3045 3324 3118 3390 δι’

627 3427 776 3492 αὐτὰ
827 3430 943 3490 τῶν
999 3430 1080 3496 ὡς
1134 3428 1376 3512 ἀληθῶς
1430 3429 1689 3512 ἀγαθῶν.
1779 3430 1845 3491 τὸ
1899 3429 1965 3492 δὲ
2015 3428 2199 3511 λέγειν
2251 3432 2364 3491 πᾶν
2421 3430 2453 3492 ὃ
2500 3430 2828 3513 αἱρούμεθα
2881 3434 2963 3499 ὡς
3017 3431 3128 3514 ἡδὺ
3181 3446 3212 3489 5

628 3532 785 3614 ἡμᾶς
832 3531 1153 3615 αἱρεῖσθαι,
1210 3533 1305 3595 καὶ
1360 3532 1547 3613 τούτῳ
1604 3532 1866 3617 χρῆσθαι
1919 3532 2000 3600 εἰς
2055 3533 2239 3595 πίστιν
2293 3536 2394 3595 τοῦ
2447 3534 2550 3616 τὴν
2599 3534 2814 3618 ἡδονὴν
2871 3532 3016 3597 εἶναι
3059 3536 3124 3599 τὸ

522 3654 589 3702 3ο
628 3634 893 3717 μέγιστον
940 3634 1190 3717 ἀγαθόν,
1246 3634 1353 3697 οὐκ
1397 3635 1645 3719 ἀληθές,
1708 3635 1870 3717 εἴγε
1924 3636 2249 3719 αἱρούμεθα
2295 3636 2535 3701 ἕκαστον
2592 3637 2674 3699 ὧν
2721 3638 3046 3721 αἱρούμεθα
3090 3636 3130 3721 ἢ

628 3740 709 3805 ὡς
753 3738 927 3801 καλὸν
974 3738 1011 3820 ἢ
1059 3742 1141 3807 ὡς
1184 3738 1479 3823 συμφέρον
1526 3739 1563 3823 ἣ
1612 3742 1693 3808 ὡς
1739 3739 1869 3823 ἡδύ.
1958 3740 2024 3803 τὸ
2071 3738 2136 3802 δὲ
2179 3738 2364 3822 λέγειν
2416 3740 2514 3803 καὶ
2557 3740 2623 3803 τὸ
2671 3740 2967 3825 συμφέρον
3014 3742 3125 3824 ἡδὺ
3155 3757 3211 3799 10

520 3984 551 4037 2
590 3990 768 4038 οικεῖαι
804 3988 851 4035 V
1063 3982 1095 4036 3
1134 3983 1279 4037 αὐταὶ
1322 4002 1353 4036 a
1396 3986 1485 4052 Sp.
1687 3988 1721 4039 4
1756 3988 1820 4040 τὰ
1858 4004 1956 4039 om.
2003 4005 2035 4039 a
2077 3988 2164 4053 Sp.
2379 3986 2410 4039 5
2449 3988 2594 4041 αὐταὶ
2637 4008 2668 4041 a
2711 3992 2800 4056 Sp.
3004 3991 3033 4042 7
3071 3992 3121 4043 ἐν
3161 3996 3240 4062 τῷ

519 4071 733 4142 πρώτῳ]
788 4072 903 4125 Eth.
940 4072 1053 4125 Nic.
1088 4072 1128 4137 Ι,
1163 4071 1213 4124 3.
1264 4072 1513 4125 1095b16
1752 4076 1785 4127 8
1823 4074 2029 4127 titulum
2069 4076 2222 4127 iterat
2261 4078 2303 4127 B
2343 4082 2465 4127 ante
2501 4076 2534 4144 ἢ
2765 4078 2845 4130 διά
2879 4096 2926 4131 τι
2963 4098 2994 4131 a

520 4162 551 4213 9
601 4160 679 4231 (ἢ)
726 4160 847 4213 διότι
904 4162 1087 4226 scripsi
1405 4162 1467 4213 10
1520 4161 1672 4233 ἡδονὴ
1723 4162 1852 4231 μόνη
1899 4162 1968 4213 132
2249 4162 2399 4215 αὑτὸν
2439 4164 2592 4217 V²Sa
2637 4167 2752 4233 Sp.:
2803 4165 2953 4217 αὑτὸν
3001 4168 3098 4218 V¹:
3151 4166 3240 4219 αὐ-

518 4254 623 4301 τῶν
664 4252 707 4301 G
926 4249 982 4300 ll
1026 4248 1149 4301 αὑτὸ
1175 4248 1249 4301 V²
1284 4252 1398 4316 Sp.:
1443 4248 1566 4300 αὐτὸ
1596 4250 1690 4300 V¹:
1730 4248 1880 4301 αὑτὸν
1907 4250 1976 4302 Sa
2173 4249 2295 4303 αὐτὸ
2335 4256 2381 4301 V
2595 4253 2772 4321 μόνον]
2810 4254 2936 4323 μόνη
2976 4272 3008 4305 a
3043 4256 3131 4321 Sp.

526 4336 587 4389 12
642 4337 835 4407 αἱρετὸν
884 4339 1035 4391 GFS¹
1298 4337 1469 4406 αἱρετὰ
1524 4336 1725 4389 addidi:
1791 4338 1879 4388 καὶ
1937 4338 2054 4389 add.
2104 4338 2440 4393 v²?BSGFa
2487 4344 2575 4408 Sp.
2791 4342 2926 4394 ἔσται
2965 4342 3078 4394 coll.
3117 4348 3242 4409 post

522 4426 687 4478 ἐκεῖνα
716 4428 879 4479 GSFa
916 4428 1002 4493 Sp.
1190 4426 1252 4477 14
1288 4424 1487 4503 ἀνδρίαν
1526 4425 1602 4475 sic
1627 4429 1676 4476 V
1861 4425 1922 4476 17
1961 4424 2166 4499 αἰσχρὸν
2205 4427 2408 4481 addidi:
2447 4436 2566 4497 post
2601 4428 2660 4482 τὸ
2698 4431 2900 4503 αἰσχρὸν
2927 4430 3044 4482 add.
3071 4428 3243 4482 S²B²a

520 4532 607 4596 Sp.
828 4528 902 4598 εἴη
942 4534 1034 4597 μὲν
1072 4548 1103 4581 a
1281 4528 1443 4581 κακὸν
1482 4528 1665 4583 S²B²³a
1702 4530 1817 4597 Sp.:
1867 4528 2020 4581 καλὸν
2060 4534 2109 4581 V
2291 4532 2352 4583 18
2397 4531 2760 4601 φυλασσόμενοι
2795 4532 2957 4587 B²S2a
2993 4536 3109 4601 Sp.:
3149 4551 3242 4603 φυ-

519 4616 811 4685 λασσομένῳ
854 4620 896 4667 V
1082 4618 1143 4669 19
1191 4616 1303 4669 οὐδε
1344 4621 1391 4668 V
1572 4615 1632 4668 ἂν
1670 4632 1769 4669 om.
1808 4636 1838 4669 a
1877 4620 1966 4685 Sp.
2149 4618 2212 4669 21
2266 4618 2388 4671 αὐτὸ
2429 4622 2496 4671 V¹
2681 4620 2747 4671 ‘2⁶2
2787 4620 2846 4672 ἂν
2884 4622 3060 4674 addidi

523 4704 606 4757 23.
647 4705 711 4756 24
770 4703 941 4757 ἀλλοτι
979 4709 1027 4755 V
1242 4705 1309 4756 :24
1364 4704 1413 4755 αἱ
1464 4702 1561 4757 del.
1611 4705 1745 4771 (sive
1790 4721 1922 4758 corr.
1973 4708 2028 4757 in
2077 4706 2142 4771 el)
2183 4708 2255 4757 V‘·'
2465 4708 2532 4759 25
2587 4706 2661 4777 εἴη
2711 4710 2846 4761 coni.
2883 4710 2971 4776 Sp.

520 4792 587 4845 26
633 4786 768 4845 τουτ’
808 4794 879 4844 V¹
1089 4794 1151 4845 27
1202 4810 1256 4863 γε
1293 4794 1351 4846 in
1386 4808 1487 4845 ras.
1526 4794 1700 4846 BSFG
1738 4812 1769 4844 a
1806 4795 1921 4863 Sp.:
1961 4792 2013 4847 δὲ
2053 4798 2097 4844 V
2295 4794 2360 4846 28
2407 4794 2560 4853 αὐτὰς
2596 4814 2629 4847 ει
2664 4800 2752 4867 Sp.
2951 4794 3012 4849 31
3075 4794 3240 4849 καλὸν

519 4880 576 4955 ἢ]
614 4898 640 4931 ν
678 4879 709 4953 ἡ
747 4880 806 4932 in
841 4880 921 4933 lit.
962 4883 1011 4933 V
