3684 5567
488 256 613 321 126
980 252 1311 325 [AssoPmN
1352 254 1475 311 ΚΑΙ
1514 255 1780 311 ΛΥΣΕΩΧ
1820 254 2110 311 ΒΙΒΑΙϋΧ
2149 256 2522 313 TETAPTON
2557 259 2720 329 5—7]

589 429 917 511 φθείρουσα
961 430 1067 513 τὴν
1110 430 1207 492 ἐπὶ
1260 435 1380 499 τοῖς
1424 431 1573 493 κατὰ
1622 430 1793 514 φύσιν
1838 432 2056 513 ἡδονὴν
2109 428 2290 493 οὖσαν
2335 431 2588 512 ἀγαθὸν,
2641 430 2862 512 ὁμοίως
2903 436 2980 513 τῇ
3025 432 3106 495 οἰ·

590 531 721 615 κεία
762 532 943 615 λύπη,
986 531 1079 615 εἴη
1114 530 1183 594 ἂν
1214 534 1309 596 καὶ
1342 532 1493 615 αὐτὴ
1539 531 1717 596 κακόν
1748 531 1795 611 ἦ·
1827 536 1912 599 ὡς
1957 534 2252 617 ὑπερβολὴ
2296 533 2410 617 γὰρ
2451 534 2518 595 τὸ
2563 531 2660 617 ἐφ’
2701 533 2790 602 οἷς
2819 536 2970 618 μηδὲ
3011 556 3098 615 γε·

589 630 863 715 νόμενον,
911 637 992 703 ὡς
1034 632 1181 697 εἶναι
1224 640 1417 697 πᾶσαν
1464 636 1569 717 μὲν
1614 636 1801 717 λύπην
1847 635 2058 709 κακόν,
2111 641 2228 697 τῶν
2271 635 2328 698 δ’
2383 637 2612 717 ἡδονῶν
2655 635 2758 705 τὰς
2803 636 2908 718 μὲν
2953 637 3102 699 κατὰ
3151 650 3181 693 s

589 734 763 817 φύσιν
806 758 871 799 τε
914 736 1009 799 καὶ
1058 736 1270 819 κυρίως
1311 737 1525 819 ἡδονὰς
1570 741 1653 806 ὡς
1696 738 1894 819 ἀγαθὰ
1941 738 2200 805 ἐναντίας
2241 736 2390 801 εἶναι
2433 744 2558 807 ταῖς
2601 738 2834 813 λύπαις,
2891 739 2992 807 τὰς
3035 740 3102 801 δὲ

520 856 551 903 5
592 838 749 922 παρὰ
794 839 967 922 φύσιν
1014 842 1097 907 ὡς
1140 840 1319 901 κακὸν
1364 844 1551 924 κακῷ.

590 1148 693 1211 VI.
770 1146 911 1214 Ὅτι
958 1154 1043 1233 τῇ
1092 1152 1315 1234 ἡδονῇ
1362 1153 1401 1233 ἡ
1448 1152 1629 1234 λύπη
1676 1150 1868 1213 ἐστὶν
1913 1150 2232 1214 ἐναντίον
2275 1152 2414 1215 ἀλλ’
2467 1152 2546 1215 οὖ
2589 1152 2826 1220 πόνος.

746 1350 819 1417 ‘O
866 1355 969 1437 μὲν
1014 1356 1123 1438 γὰρ
1170 1355 1346 1425 πόνος
1388 1357 1728 1440 σωματικήν
1774 1380 1901 1420 τινα
1955 1358 2152 1441 θλῖψιν
2197 1358 2484 1441 ἐμφαίνει,
2537 1360 2576 1440 ἡ
2621 1358 2690 1420 δὲ
2731 1356 2884 1439 λύπη
2929 1362 3097 1439 ψυχι-
3129 1371 3186 1413 1⁰

586 1454 695 1537 κὴν
741 1459 1052 1541 συστολὴν.
1141 1458 1193 1519 εἰ
1240 1458 1345 1540 μὲν
1390 1456 1489 1521 οὖν
1536 1460 1631 1521 καὶ
1690 1461 1731 1541 ἡ
1777 1461 1960 1543 ἡδονὴ
2007 1464 2170 1522 πᾶσα
2221 1458 2294 1543 ἦν
2351 1460 2414 1522 ἐν
2459 1464 2767 1543 σωματικῇ
2815 1458 3098 1543 διαχύσει,

587 1554 657 1639 ἦν
706 1555 775 1619 ἂν
818 1560 850 1621 ό
890 1558 1067 1627 πόνος
1108 1559 1260 1642 αὐτῇ
1309 1560 1581 1638 ἐναντίος,
1626 1559 1755 1622 ἐπεὶ
1799 1560 1853 1622 δ’
1893 1562 2048 1625 ἐστὶν
2091 1565 2274 1645 ἡδονὴ
2321 1564 2586 1647 διάχυσίς
2627 1586 2712 1631 τις
2755 1566 2862 1643 τῆς
2902 1563 3102 1643 ψυχῆς

484 1678 548 1725 10
588 1658 656 1721 οὐ
702 1660 797 1723 διὰ
843 1665 1116 1745 σώματος
1168 1660 1291 1726 οὐδ’
1348 1662 1443 1725 ἐπὶ
1490 1665 1717 1744 σώματι
1762 1664 2034 1747 γινομένη
2081 1664 2276 1749 μόνῳ,
2333 1665 2442 1727 οὐκ
2487 1664 2556 1725 ἂν
2600 1662 2694 1747 εἴη
2737 1668 2814 1744 τῇ
2858 1663 3096 1745 τοιαύτῃ
3127 1678 3180 1720 Ιὸ

586 1762 773 1844 ἡδονῇ
820 1762 1074 1829 ἐναντίον
1119 1765 1313 1839 πόνος,
1360 1766 1511 1827 ἀλλὰ
1555 1767 1729 1847 λύπη.
1820 1768 1860 1848 ἡ
1909 1768 2014 1847 μὲν
2057 1768 2168 1851 γὰρ
2211 1767 2368 1849 λύπη
2413 1768 2510 1830 καὶ
2554 1766 2650 1827 ἐπὶ
2693 1770 2817 1833 ταῖς
2863 1766 3095 1849 θλίψεσι

588 1868 691 1925 τοῦ
738 1867 1009 1947 σώματος
1054 1868 1153 1929 καὶ
1192 1866 1373 1950 αὐτῆς
1418 1872 1523 1950 τῆς
1566 1873 1765 1952 ψυχῆς
1810 1867 1906 1953 ἐφ’
1963 1870 2172 1952 αὐτῆς,
2217 1871 2419 1952 ὥσπερ
2464 1870 2561 1932 καὶ
2604 1870 2644 1951 ἡ
2689 1870 2905 1951 ἡδονή,
2953 1868 2984 1929 ὃ
3029 1868 3095 1930 δὲ

585 1964 761 2034 πόνος
805 1968 901 2030 ἐπὶ
947 1972 1175 2053 σώματι
1210 1969 1402 2052 μόνον.
1485 1971 1573 2031 διὸ
1619 1968 1712 2053 εἴη
1760 1969 1829 2033 ἂν
1877 1972 2081 2040 ἁπλῶς
2127 1974 2231 2054 μὲν
2262 1974 2447 2053 ἡδονῇ
2493 1971 2646 2053 λύπη
2693 1972 2940 2046 ἐναντία,
2987 1970 3094 2032 τινὶ
3121 1988 3178 2029 ω

582 2069 649 2131 δὲ
691 2071 879 2155 ἡδονῇ
934 2074 973 2155 ἡ
1022 2076 1105 2139 ὡς
1148 2071 1344 2140 πόνος.
1431 2075 1508 2153 τῇ
1556 2073 1665 2155 γὰρ
1712 2078 2019 2157 σωματικῇ
2078 2075 2344 2159 διαχύσει
2395 2077 2494 2138 καὶ
2553 2080 2628 2157 τῇ
2676 2078 2778 2137 τοῦ
2824 2077 3098 2157 σώματος

482 2190 541 2239 15
582 2170 885 2258 εὐσθενεία
938 2174 1034 2235 καὶ
1088 2176 1165 2255 τῇ
1210 2172 1308 2235 ἐπὶ
1352 2173 1573 2242 τούτοις
1625 2177 1815 2257 ἡδονῇ
1871 2175 1963 2258 εἴη
2015 2177 2020 2257 Ι
2073 2175 2142 2239 ἂν
2186 2178 2224 2259 ἡ
2269 2180 2373 2238 τοῦ
2429 2180 2700 2259 σώματος
2755 2178 2952 2261 θλῖψίς
2993 2200 3056 2240 τε
3099 2185 3204 2241 242

582 2274 677 2336 καὶ
735 2274 911 2359 ὀδύνη
970 2276 1215 2338 ἐναντία.
1308 2278 1340 2339 ό
1400 2277 1465 2339 δὲ
1517 2275 1614 2339 ἐπὶ
1668 2284 1773 2361 τῆς
1824 2284 2020 2363 ψυχῆς
2073 2278 2383 2361 λεγόμενος
2437 2282 2638 2353 πόνος,
2699 2282 2780 2348 ὡς
2833 2280 3106 2361 λέγονταί

580 2398 726 2444 τινες
770 2376 1102 2461 φιλόπονοι,
1156 2377 1293 2440 οὐδὲ
1336 2378 1443 2460 τὴν
1486 2380 1679 2462 ἀρχὴν
1739 2380 1992 2449 ἐναντίος
2035 2383 2252 2463 ἡδονῇ·
2321 2380 2455 2464 μεθ’
2512 2383 2728 2465 ἡδονῆς
2769 2386 2906 2463 γοῦν
2950 2381 3089 2462 γίνε·

580 2502 690 2541 ται.
780 2481 833 2541 εἰ
878 2479 945 2542 δέ
987 2502 1069 2547 τις
1114 2480 1210 2542 ἐπὶ
1262 2486 1345 2564 τῷ
1392 2486 1586 2543 πονεῖν
1633 2485 1899 2558 λυποῖτο,
1959 2484 1996 2567 ἡ
2052 2484 2206 2566 λύπη
2263 2482 2354 2559 ἄν,
2409 2482 2524 2567 οὐχ
2575 2484 2608 2546 ό
2665 2484 2838 2553 πόνος
2891 2482 2984 2567 εἴη
3029 2486 3096 2547 τὸ
3147 2503 3178 2545 5

580 2582 831 2645 ἐναντίον
876 2585 953 2663 τῇ
1002 2583 1210 2664 ἡδονῇ.
1299 2582 1481 2667 οὔσης
1532 2584 1597 2645 δὲ
1640 2586 1829 2668 λύπης
1881 2591 1956 2667 τῇ
2010 2588 2196 2670 ἡδονῇ
2255 2586 2512 2655 ἐναντίας
2563 2589 2726 2650 πᾶσα
2779 2586 2886 2669 μὲν
2940 2588 3096 2673 λύπη

474 2704 541 2751 20
578 2686 756 2747 κακὸν
801 2684 1061 2767 εὐλόγως
1105 2684 1175 2748 ἂν
1220 2685 1473 2767 λέγοιτο·
1534 2691 1609 2770 τῇ
1658 2688 1766 2770 γὰρ
1810 2690 1994 2772 αὐτῆς
2045 2690 2216 2773 φύσει
2266 2690 2508 2773 φευκτή.
2598 2689 2638 2771 ἡ
2687 2687 2740 2751 δ’
2795 2690 2978 2773 ἡδονὴ
3025 2692 3094 2753 οὐ

580 2792 743 2849 πᾶσα
800 2786 1048 2869 ἀγαθόν,
1106 2786 1226 2850 ἀλλ’
1283 2787 1416 2852 ὅσαι
1464 2790 1567 2873 μὲν
1621 2794 1737 2853 τῶν
1792 2792 2096 2875 ἐνεργειῶν
2148 2797 2266 2853 τῶν
2311 2790 2407 2875 ἐφ’
2462 2790 2556 2859 αἷς
2599 2793 2637 2875 ἠ
2692 2793 2872 2875 ἡδονὴ
2931 2795 3096 2881 ὑπερ·
3123 2812 3176 2853 ιο

579 2890 757 2973 βολὴν
804 2886 1073 2975 ἔχουσιν,
1136 2890 1360 2960 ἕξουσιν
1408 2894 1627 2975 ὁμοίως
1670 2892 1767 2955 καὶ
1814 2896 1874 2955 αἱ
1926 2894 2020 2956 ἐπ’
2075 2894 2279 2963 αὐταῖς
2323 2895 2653 2979 ὑπερβολὴν
2698 2897 2928 2979 ἡδοναί,
2983 2922 3092 2961 τοι·

579 2996 749 3055 αὗται
806 2989 859 3055 δ’
914 2993 973 3054 αἱ
1030 2993 1372 3075 σωματικαί.
1462 2993 1605 3058 διότι
1658 2995 1878 3059 τούτων
1935 2998 1994 3058 αἱ
2053 2998 2158 3080 μὲν
2213 2996 2532 3081 σύμμετροι
2587 2999 2836 3081 αἱρεταί,
2895 3000 3098 3064 ὁποῖαί

576 3094 719 3157 εἰσιν
766 3094 862 3156 καὶ
906 3096 965 3157 αἱ
1012 3097 1141 3179 περὶ
1186 3096 1258 3159 τὰ
1304 3098 1589 3177 ἀναγκαῖα
1634 3097 1707 3159 τὰ
1750 3100 1893 3179 πρὸς
1939 3100 2006 3160 τὸ
2051 3102 2228 3181 σῶμα
2269 3100 2503 3183 (αἱρετὰ
2532 3100 2642 3185 γὰρ
2671 3102 2768 3164 καὶ
2811 3100 2884 3163 τὰ
2929 3103 3092 3184 α’ναγ-

471 3216 537 3264 ⁶25
579 3196 774 3277 καῖα),
830 3197 890 3257 αἱ
936 3195 987 3259 δ’
1046 3198 1513 3282 ὑπερβάλλουσαι
1558 3201 1825 3282 φευκταί,
1883 3202 2084 3265 ὁποῖαί
2122 3204 2266 3265 εἰσιν
2311 3204 2372 3266 αἱ
2414 3208 2532 3265 τῶν
2577 3205 2948 3280 ἀκολάστων,
2993 3207 3088 3268 καὶ
3118 3222 3170 3265 15

577 3296 669 3382 εἴη
719 3296 785 3360 ἂν
833 3296 926 3360 ἐπ’
982 3298 1177 3362 αὐτῶν
1235 3302 1332 3363 καὶ
1378 3303 1415 3384 4,
1463 3301 1616 3383 λύπη
1664 3306 1746 3371 ὡς
1792 3300 1981 3367 ἔνδειά
2025 3328 2108 3373 τις
2151 3305 2362 3381 κακόν,
2419 3309 2516 3370 καὶ
2561 3309 2600 3390 4,
2647 3308 3088 3391 ὑπερβάλλουσα

575 3400 757 3484 ἡδονὴ
813 3402 898 3469 ὡς
956 3400 1248 3485 ὑπερβολή
1293 3426 1401 3479 τις,
1463 3405 1501 3486 ἡ
1560 3404 1625 3466 δὲ
1670 3404 2000 3489 σύμμετρος
2052 3408 2272 3489 ἀγαθὸν
2326 3408 2387 3471 ἐν
2435 3408 2713 3491 μεσότητί
2763 3434 2889 3479 πως
2941 3408 3088 3474 οὖσα

574 3508 690 3566 τῶν
736 3503 1191 3586 προειρημένων.
1282 3506 1365 3567 ὧν
1420 3504 1469 3569 δ’
1526 3507 1752 3588 ἡδονῶν
1810 3510 1892 3591 μὴ
1939 3506 2090 3572 ἔστιν
2137 3511 2429 3595 ὑπερβολή
2476 3511 2764 3588 (τοιαῦται
2817 3510 2871 3575 δ’
2925 3515 3087 3591 εἰσίν,
3114 3531 3172 3573 20

576 3604 710 3669 ὅσαι
764 3604 859 3667 ἐπὶ
916 3606 1221 3689 ἐνεργείαις
1274 3606 1549 3688 γίνονται,
1612 3607 1768 3670 ’όσων
1824 3612 1892 3672 τὸ
1947 3613 2174 3696 αἱρετὸν
2233 3612 2302 3675 ἐκ
2355 3618 2462 3697 τῆς
2511 3612 2833 3684 ἐπιδόσειύς
2885 3640 2947 3679 τε
2993 3620 3087 3681 καὶ

470 3728 538 3777 30
576 3709 918 3794 προσθήκης
965 3706 1225 3785 αὔξεται,
1280 3709 1481 3771 ὁποῖαί
1520 3710 1662 3771 εἰσιν
1716 3712 1775 3773 αἱ
1820 3711 2112 3796 γινόμεναι
2167 3716 2316 3780 κατὰ
2359 3720 2462 3786 τὰς
2507 3718 2770 3801 ἀρετάς),
2825 3720 2920 3782 ἐπὶ
2963 3721 3088 3785 τού·

577 3835 693 3875 των
740 3810 877 3873 οὐδὲ
923 3816 1038 3872 τῶν
1084 3812 1310 3893 ἡδονῶν
1356 3808 1519 3873 ἔσται
1564 3834 1643 3879 τις
1691 3813 2012 3899 ὑπερβολή·
2076 3819 2164 3881 διὸ
2211 3821 2270 3882 αἱ
2316 3824 2574 3883 τοιαῦται
2617 3823 2839 3905 αἱρεταί
2881 3846 2944 3885 τε
2989 3826 3086 3888 καὶ
3113 3840 3170 3883 85

574 3913 793 3997 ἀγαθαὶ
837 3918 911 3996 τῇ
960 3914 1145 3996 οἰκεία
1196 3914 1366 3997 φύσει
1412 3918 1613 3978 πᾶσαι.
1668 3914 1675 3999 Ι
2175 3959 2200 3980 .

739 4104 820 4111 —....
913 4106 923 4111 -
963 4106 972 4111 -
1018 4106 1078 4113 ——-
1095 4106 1106 4111 -
1175 4106 1267 4113 *—

468 4222 493 4273 1
534 4222 665 4286 τοῖσ]
702 4227 815 4273 ταῖσ
851 4240 883 4273 a
919 4224 1007 4288 Sp.
1224 4222 1253 4273 2
1294 4222 1455 4274 κακόν
1491 4224 1636 4275 vB¹:
1693 4223 1916 4278 ἐναντίον
1957 4224 2029 4284 ὡς
2066 4228 2226 4281 κακὸν
2264 4232 2416 4299 κακῷ
2453 4228 2556 4283 B⁹a
2591 4232 2682 4299 Sp.
2897 4234 2956 4286 τὸ
2993 4229 3079 4304 ἐφ’
3119 4236 3194 4294 οἷς

464 4308 593 4379 μηδὲ
629 4309 896 4379 γενόμενον
935 4310 1079 4362 VB¹:
1134 4308 1349 4379 ἐλλείψει
1382 4310 1485 4363 B²a
1522 4314 1611 4375 Sp.
1863 4312 1894 4363 8
1943 4312 2165 4386 διαχύσει
2205 4316 2334 4368 vict.
2375 4318 2597 4385 (ubique
2635 4319 2913 4387 restituit):
2970 4320 3191 4376 διαλύσει

464 4396 581 4449 libri
800 4398 831 4449 9
869 4394 895 4449 ὁ
934 4412 1031 4448 om.
1072 4416 1103 4449 a
1149 4399 1237 4465 Sp.
1462 4398 1593 4471 αὐτῇ
1629 4402 1743 4466 Sp.:
1804 4399 1961 4469 αὐτῆς
2007 4402 2125 4455 libri
2347 4404 2568 4463 διάλυσις
2606 4410 2654 4458 V
2873 4409 2951 4461 10.
3007 4410 3065 4461 ll
3122 4414 3190 4481 τῇ

463 4482 665 4553 τοιαύτῃ
724 4483 884 4554 ἡδονῇ
932 4486 1045 4551 Sp.:
1112 4488 1205 4555 τῆς
1257 4488 1490 4555 τοιαύτης
1546 4485 1733 4555 ἡδονῆς
1778 4487 1898 4540 libri
2133 4488 2196 4541 13
2251 4491 2446 4544 ἐναντία
2483 4497 2546 4545 V:
2601 4494 2827 4546 ἐναντίον
2864 4498 2946 4547 Ba

468 4570 532 4621 14
588 4569 799 4623 διαλύσει
840 4575 884 4623 V
1092 4572 1155 4625 19
1200 4576 1263 4643 τῇ
1300 4573 1457 4643 ἡδονῇ
1492 4574 1563 4626 13²
1601 4578 1697 4643 Sp:
1753 4580 1842 4645 τῆς
1881 4576 2068 4645 ἡδονῆς
2101 4577 2218 4631 libri
2257 4580 2338 4631 bis
2529 4580 2591 4632 21
2643 4580 2755 4634 ὅσαι
2789 4582 2894 4635 B²a
2933 4586 3046 4651 Sp.:
3098 4583 3190 4638 ὅσα

462 4657 583 4711 libri
797 4660 863 4710 22
902 4658 1096 4726 αὐταῖς]
1134 4679 1163 4713 υ
1200 4663 1255 4713 in
1294 4662 1370 4713 lit.
1399 4665 1446 4713 V
1662 4664 1729 4716 23
1768 4663 1841 4716 διό
1881 4666 2018 4717 coni.
2053 4668 2143 4733 Sp.
2355 4666 2418 4719 31
2463 4674 2579 4735 post
2615 4676 2720 4721 τῶν
2757 4669 2874 4723 add.
2911 4672 3186 4743 ἐνεργειῶν,

461 4742 505 4797 cl
542 4742 595 4797 δὲ
630 4750 735 4797 τῶν
773 4746 911 4799 B²az
957 4752 1063 4799 τῶν
1100 4749 1378 4817 (ἐνεργειῶν
1416 4748 1638 4820 ἡδονῶν)
1676 4754 1812 4805 coni.
1853 4754 1942 4818 Sp.
