3684 5567
476 248 562 314 60
1450 246 1753 304 ΑΠΟΡΙΩΝ
1792 246 1916 303 ΚΑΙ
1955 246 2220 303 ΛΥΣΕΩΝ

588 424 731 505 πρὸς
776 424 1018 506 θάτερον
1072 429 1187 487 τῶν
1233 424 1501 487 ἐναντίων
1548 421 1988 506 ἐπιτηδειότητα
2043 420 2198 505 ἔχει,
2255 421 2316 490 ἐξ
2363 422 2613 504 ἀνάγκης
2657 424 2751 483 καὶ
2791 408 2940 506 ’πρὸς
2985 422 3085 484 θά-

585 548 778 607 τερον·
844 528 1166 607 συνεισάγει
1210 526 1316 608 γὰρ
1364 551 1400 609 η
1448 525 1697 610 θατέρου
1744 526 1982 609 δύναμις
2026 527 2130 608 τὴν
2175 524 2450 609 θατέρου.
2540 550 2578 608 η
2625 523 2772 608 αὐτὴ
2819 525 2918 589 οὖν
2959 525 3081 587 ἀντὶ
3135 541 3162 582 5

585 632 686 690 τοῦ
742 628 859 708 ἴση.
961 634 1045 713 τῷ
1102 628 1211 713 γὰρ
1266 629 1331 691 τὸ
1385 628 1620 711 δύναμίν
1675 652 1824 697 τινος
1877 626 2016 713 ἔχον
2075 627 2318 710 μηδέπω
2387 628 2490 709 μὲν
2545 626 2688 689 εἶναι
2743 628 2803 690 ἐν
2857 628 3080 710 ἐκείνῳ,

583 732 862 795 δύνασθαι
920 732 984 795 δὲ
1032 734 1405 817 μεταβάλλειν
1462 733 1542 800 εἰς
1585 732 1725 795 αὐτὸ
1781 733 1846 794 τὸ
1895 730 2014 816 [δὲ]
2063 733 2422 816 μεταβάλλον
2477 730 2560 799 εἴς
2605 755 2656 793 τι
2710 732 2771 801 ἐξ
2824 732 3079 794 ἐναντίου

515 856 544 903 5
583 836 733 903 τινὸς
778 835 941 920 αὐτῷ
992 837 1356 920 μεταβάλλει.
1434 837 1527 898 καὶ
1574 835 1680 919 γὰρ
1726 837 1790 898 τὸ
1842 835 2050 919 μεταξὺ
2097 836 2351 897 ἐναντίον
2397 836 2489 897 ἀεὶ
2533 840 2620 919 τῷ
2667 836 2733 897 τὸ
2779 836 2859 904 εἰς
2906 837 2968 897 τὸ
3002 836 3082 897 ἐν·
3114 851 3166 892 ιο

585 939 773 1001 αντίον
821 940 925 1003 τινὶ
972 940 1347 1023 μεταβάλλειν
1396 940 1605 1021 μέλλον
1650 940 1710 1001 ἐν
1756 944 1840 1023 τῷ
1889 940 2129 1022 ἐναντίῳ
2175 938 2352 1001 αὐτοῦ
2397 936 2568 1001 ἐἶναι’
2617 938 2684 1001 ἐκ
2730 940 2932 1002 τούτου
2977 937 3082 1020 γὰρ

581 1045 619 1125 ἡ
668 1043 980 1127 μεταβολή.
1072 1045 1135 1104 τὸ
1184 1040 1234 1105 δ’
1292 1041 1354 1103 ὃν
1411 1039 1469 1103 ἔν
1516 1066 1619 1104 τινι
1675 1042 1771 1105 καὶ
1818 1043 2150 1126 ἀποβάλλον
2205 1040 2374 1115 αὐτό,
2432 1046 2514 1110 ὡς
2571 1041 2851 1126 δέχεσθαι
2905 1040 3082 1103 αὐτοῦ

582 1148 647 1208 τὸ
694 1147 977 1222 ἐναντίον,
1032 1146 1124 1229 [ἦ]
1173 1145 1519 1229 ἀμφοτέρων
1565 1144 1801 1227 δύναμιν
1847 1142 1976 1229 ἔχει
2021 1150 2104 1228 τῷ
2155 1145 2426 1227 ἑκάτερον
2471 1143 2664 1207 αὐτῶν
2710 1144 2867 1229 παρὰ
2914 1143 3086 1228 μέρος
3114 1160 3166 1201 15
3235 1136 3243 1145 ’

578 1250 845 1334 κατέχειν
903 1250 998 1311 καὶ
1055 1249 1404 1332 ἀποβάλλειν
1464 1248 1764 1311 δύνασθαι.
1866 1253 1948 1332 τῷ
2009 1246 2122 1311 οὖν’
2166 1250 2518 1330 συνεισάγειν
2569 1250 2674 1331 τὴν
2729 1251 2828 1310 τοῦ
2885 1248 3083 1331 ἑτέρου

483 1374 546 1419 10
582 1352 819 1435 δύναμιν
865 1352 960 1415 καὶ
1006 1352 1109 1433 τὴν
1142 1350 1413 1434 θατέρου,
1457 1351 1646 1435 τούτῳ
1692 1350 1912 1434 ηαύτὴ
1959 1352 2197 1433 δύναμις
2241 1356 2357 1414 τῶν
2389 1350 2657 1414 ἐναντίων
2703 1349 2947 1432 λέγεται.
3017 1350 3080 1411 τὸ

580 1457 645 1518 δὲ
690 1460 801 1537 πῦρ
847 1455 1037 1518 οὐκέτι
1083 1459 1183 1517 τοῦ
1230 1459 1456 1538 ψυχροῦ
1504 1453 1740 1535 δύναμιν
1787 1452 1915 1539 ἔχει
1961 1456 2182 1537 θερμὸν
2229 1452 2322 1531 ὄν,
2370 1454 2457 1517 ὅτι
2503 1454 2651 1537 μηδὲ
2695 1454 2914 1538 θερμὸν
2961 1451 3081 1514 οἷον

580 1583 643 1621 τε
672 1561 911 1642 δυνάμει
956 1558 1105 1621 εἶναί
1132 1556 1264 1620 τότε
1295 1562 1408 1642 πῦρ
1439 1555 1556 1641 [τε]
1592 1556 1653 1619 ὂν
1684 1558 1729 1641 †
1761 1557 1912 1619 ἀλλὰ
1943 1581 1981 1639 η
2015 1558 2274 1641 ἐνεργείᾳ
2317 1562 2592 1620 τοιοῦτον.
2683 1558 2778 1620 καὶ
2823 1558 3082 1619 καθόλου
3109 1572 3166 1612 2⁰

580 1664 799 1745 ἀληθὲς
827 1663 891 1725 τὸ
924 1660 992 1724 οὖ
1025 1684 1106 1728 τις
1150 1661 1385 1744 δύναμιν
1418 1659 1566 1745 ἔχει,
1614 1661 1816 1724 τούτου
1851 1660 2132 1724 δύνασθαι
2177 1662 2274 1725 καὶ
2318 1662 2382 1724 τὸ
2415 1662 2820 1741 ἀντικείμενον.
2891 1661 2927 1743 ἢ
2973 1660 3082 1744 γὰρ

578 1766 637 1835 ἐξ
682 1768 935 1848 ἀνάγκης
989 1765 1049 1827 ἐν
1104 1765 1265 1848 αὐτῷ
1314 1762 1475 1827 ἔσται
1530 1766 1624 1827 καὶ
1670 1764 1737 1826 οὐ
1786 1766 2090 1847 δυνήσεται
2148 1763 2232 1826 ἔτι
2279 1765 2451 1839 αὐτό,
2508 1766 2560 1827 εἰ
2612 1764 2846 1827 δύναται
2889 1768 3077 1838 τοῦτο,

477 1888 537 1937 15
576 1870 881 1951 δυνήσεται
934 1868 1073 1931 αὐτὸ
1129 1867 1259 1930 τότε
1310 1864 1317 1953 Ι
1369 1868 1449 1951 μὴ
1504 1866 1662 1952 ἔχειν
1716 1868 1858 1929 αὐτὸ
1916 1869 2154 1951 δύναμιν
2213 1868 2346 1937 ἕξει.
2437 1870 2488 1930 εἰ
2533 1868 2596 1930 δὲ
2651 1868 2716 1929 τὸ
2773 1868 2853 1950 μὴ
2899 1864 3056 1950 ἔχειν
3102 1872 3186 1928 112

578 1974 882 2036 ἀντίκειται
941 1976 1024 2056 τῷ
1082 1970 1270 2056 ἔχειν,
1333 1972 1398 2034 τὸ
1456 1973 1693 2047 δύναμιν
1748 1968 1887 2055 ἔχον
1944 1972 2093 2040 τινὸς
2157 1972 2251 2035 καὶ
2307 1976 2406 2034 τοῦ
2461 1972 2852 2054 ἀντικειμένου
2913 1969 3074 2052 αὐτῷ

577 2076 813 2157 δύναμιν
858 2073 1007 2159 ἔχει.
1085 2075 1191 2137 οὐκ
1234 2076 1456 2157 ἀνάγκη
1503 2076 1567 2138 δὲ
1612 2080 1727 2137 τῶν
1775 2076 2044 2137 ἐναντίων
2091 2076 2186 2137 καὶ
2234 2075 2334 2143 τὰς
2381 2077 2647 2158 δυνάμεις
2691 2075 2950 2143 ἐναντίας
2991 2072 3080 2135 λε’-

574 2203 710 2261 γειν.
800 2179 871 2241 τὰ
920 2179 1021 2260 μὲν
1066 2178 1175 2262 γὰρ
1232 2179 1460 2241 ἐναντία
1514 2179 1793 2241 ἀδύνατον
1849 2178 1971 2258 ἅμα
2025 2184 2110 2263 τῷ
2166 2178 2328 2263 αὐτῷ
2377 2180 2687 2262 ὑπάρχειν,
2751 2180 2810 2240 αἱ
2857 2178 2922 2240 δὲ
2965 2182 3078 2239 τῶν
3135 2194 3163 2233 ε’»

576 2282 848 2345 ἐναντίων
888 2284 1159 2363 δυνάμεις
1204 2282 1329 2364 ἅμα
1366 2283 1507 2345 εἰσὶν
1554 2282 1614 2343 ἐν
1646 2286 1731 2365 τῷ
1780 2281 2080 2364 δυναμένῳ
2113 2282 2279 2358 αὐτά,
2327 2280 2462 2343 ὅταν
2510 2282 2569 2343 ἐν
2604 2282 2904 2365 μηδετέρῳ
2953 2304 3076 2349 πως

471 2406 538 2452 20
575 2387 765 2450 αὐτῶν
820 2380 861 2469 ᾖ
921 2387 1196 2469 ἐνεργείᾳ.
1289 2384 1385 2448 ὅτε
1440 2386 1546 2469 γὰρ
1604 2386 1782 2469 κηρὸς
1838 2386 2072 2447 δύναται
2125 2386 2220 2448 καὶ
2277 2386 2546 2469 τρίγωνος
2597 2384 2898 2466 γενέσθαι,
2954 2382 3080 2445 τότε

573 2491 805 2552 δύναται
852 2491 946 2551 καὶ
978 2490 1309 2573 περιφερής.
1385 2491 1497 2573 πρὸ
1543 2494 1645 2551 τοῦ
1690 2494 1825 2571 γοῦν
1873 2488 1934 2550 ἐν
1977 2488 2280 2573 μηδετέρῳ
2328 2490 2544 2552 τούτων
2590 2487 2734 2551 εἶναι
2779 2493 2893 2550 τῶν
2941 2510 3081 2571 σχη-
3113 2505 3166 2546 ιι)

578 2596 775 2676 μάτων
837 2593 1003 2655 οὐδὲν
1062 2596 1278 2674 μᾶλλον
1344 2593 1426 2661 εἰς
1483 2594 1547 2655 τὸ
1605 2591 1798 2676 ἕτερον
1861 2590 2054 2654 αὐτῶν
2119 2594 2496 2676 μεταβάλλειν
2560 2590 2878 2676 <δύναται·>
2941 2590 3080 2676 ἔχον

578 2696 772 2777 μέντοι
825 2697 1173 2780 ἀμφοτέρων
1233 2697 1356 2777 ἅμα
1412 2694 1514 2763 τὰς
1568 2696 1839 2777 δυνάμεις
1895 2695 2007 2779 οὐχ
2061 2696 2247 2764 οὕτως
2310 2694 2436 2780 ἔχει
2492 2698 2572 2765 ὡς
2625 2697 2721 2758 καὶ
2781 2694 3079 2779 ἀμφότερα

578 2800 699 2882 ἅμα
745 2800 1019 2869 δέξασθαι
1066 2802 1400 2882 δυνάμενον.
1472 2799 1637 2862 οὐδὲν
1685 2798 1793 2883 γὰρ
1841 2800 1964 2881 ἅμα
2012 2804 2125 2861 τῶν
2173 2800 2441 2861 ἐναντίων
2489 2799 2608 2862 ἐστὶ
2641 2798 2920 2873 δεκτικόν,
2967 2800 3082 2862 καί·
3115 2815 3164 2856 15

470 2922 535 2970 25
574 2927 659 2965 τοι
705 2904 829 2985 ἅμα
875 2904 1065 2965 αὐτῶν
1122 2904 1222 2971 τὰς
1269 2905 1541 2982 δυνάμεις
1588 2900 1747 2986 ἔχον.
1838 2903 1892 2963 εἰ
1935 2902 2042 2985 γὰρ
2093 2904 2173 2985 μὴ
2221 2900 2350 2985 ἔχοι
2406 2927 2443 2985 η
2493 2904 2600 2985 δλη
2657 2904 2780 2985 ἅμα
2825 2904 2967 2987 πρὸς
3011 2903 3080 2964 τὰ

574 3008 799 3069 ἐναντία
844 3006 1302 3091 ἐπιτηδειότητα,
1352 3006 1500 3069 ἀλλὰ
1544 3010 1640 3068 νῦν
1674 3010 1776 3087 μὲν
1825 3006 2016 3070 αὐτῶν
2063 3006 2198 3069 τόδε
2239 3008 2486 3081 δύναιτο,
2538 3010 2633 3069 νῦν
2681 3008 2744 3069 δὲ
2777 3006 2930 3084 τόδε,
2975 3006 3080 3069 οὐκ

574 3109 640 3172 ἂν
674 3108 765 3193 εἴη
798 3108 879 3173 ἔτι
911 3110 1057 3172 κατὰ
1088 3112 1184 3172 τὸν
1225 3110 1405 3192 αὐτῆς
1450 3108 1617 3191 λόγον
1659 3108 1860 3178 ἄποιος
1907 3132 1948 3172 εε
1993 3134 2034 3172 x·
2079 3132 2118 3171 ει-
2165 3109 2450 3193 παρουσίᾳ
2496 3134 2644 3179 τινος
2690 3112 2782 3173 καὶ
2829 3113 3077 3194 διαφορᾷ
3106 3128 3162 3169 ³⁰

572 3217 668 3275 νῦν
716 3215 779 3275 δὲ
823 3215 887 3276 τὸ
936 3214 1038 3295 μὲν
1071 3220 1185 3275 τῶν
1220 3213 1509 3286 ἐναντίων,
1556 3217 1651 3274 νῦν
1696 3214 1858 3275 δὲτὸ
1893 3212 2088 3295 ἕτερον
2121 3215 2447 3296 δυνήσεται.
2540 3214 2627 3277 διὸ
2678 3214 2781 3281 τὰς
2812 3214 2915 3295 μὲν
2961 3221 3075 3276 τῶν

574 3316 846 3379 ἐναντίων
880 3317 1149 3397 δυνάμεις
1194 3316 1261 3378 οὐ
1298 3315 1499 3399 ῥητέον
1547 3316 1820 3391 ἐναντίας,
1869 3316 2018 3397 εἴγε
2063 3314 2229 3377 αὗται
2278 3316 2380 3396 μὲν
2429 3319 2915 3401 συνυπάρχουσιν,
2963 3316 3074 3401 οὐχ

466 3438 534 3486 30
573 3418 694 3481 οἷον
739 3442 801 3480 τε
854 3419 919 3481 δὲ
973 3420 1365 3503 συνυπάρχειν
1421 3418 1491 3481 τὰ
1537 3418 1790 3493 ἐναντία,
1845 3419 1946 3487 τὰς
2001 3417 2052 3482 δ’
2107 3417 2200 3481 ἐπ’
2256 3418 2448 3481 αὐτῶν
2503 3420 2585 3489 εἰς
2639 3421 2741 3502 τὴν
2787 3420 3074 3504 ἐνέργειαν

575 3523 862 3607 προόδους
906 3522 1161 3590 ἐναντίας
1204 3522 1444 3605 ἐροῦμεν
1492 3522 1565 3604 δὴ
1610 3522 1705 3584 καὶ
1753 3522 1950 3589 αὐτάς.
2005 3527 2012 3603 l
3099 3538 3154 3581 εἴ»

470 3828 489 3877 1
542 3825 660 3897 ἔχει,
706 3823 854 3895 <ἔχει>
902 3824 1035 3875 coni.
1075 3822 1161 3889 Sp.
1388 3821 1419 3873 3
1467 3820 1584 3893 ἔχον
1622 3822 1734 3889 Sp.:
1792 3820 1922 3893 ἔχειν
1961 3822 2080 3873 libri
2311 3825 2344 3874 4
2393 3823 2446 3874 δὲ
2485 3823 2583 3875 del.
2623 3824 2715 3891 Sp.
2929 3824 2960 3876 5
3007 3828 3080 3893 τῷ
3123 3825 3181 3877 τὸ

464 3914 580 3979 Sp.:
637 3912 694 3963 τὸ
741 3912 883 3964 libri:
938 3914 1013 3979 τῷ
1066 3912 1197 3962 vict.
1452 3911 1481 3961 6
1520 3910 1673 3963 αὑτοῦ
1713 3908 1810 3961 δεῖν
1858 3911 1980 3962 εἶναι
2020 3911 2152 3962 vict.
2199 3911 2284 3978 Sp.
2535 3911 2568 3961 8
2605 3910 2636 3979 ἡ
2674 3910 2770 3962 del.
2814 3912 2879 3964 B²
2916 3912 3003 3978 Sp.

468 4002 531 4051 10
568 4001 659 4069 τὴν
698 4000 809 4068 Sp.:
848 4004 937 4050 τοῦ
975 3999 1093 4049 libri
1270 3996 1437 4067 τούτῳ
1475 3998 1506 4066 ἡ
1546 3996 1674 4068 αὐτὴ
1714 3999 1830 4065 Sp.:
1871 4002 2067 4049 τουτων
2106 3999 2234 4067 αὑτὴ
2277 4001 2447 4049 v1113:
2486 3996 2682 4049 τούτων
2720 3997 2846 4068 αὕτη
2889 4003 3003 4052 sFa

472 4088 526 4138 11
570 4088 695 4156 μηδὲ
723 4088 837 4154 Sp.:
878 4088 1007 4157 μήτε
1046 4086 1161 4138 libri
1368 4086 1427 4136 12>
1468 4086 1556 4137 alt.
1595 4088 1672 4150 τε]
1712 4104 1765 4155 γε
1806 4086 1882 4137 vel
1923 4087 2019 4137 del.
2049 4088 2162 4151 Sp.:
2202 4086 2419 4138 fortasse
2455 4091 2552 4155 πῦρ
2591 4104 2654 4155 γε
2691 4086 2763 4151 ὄν,
2801 4088 2896 4156 <μὴ
2935 4086 3175 4154 δυνάμει),

464 4175 591 4229 ἀλλὰ
638 4174 717 4244 [ἡ]
774 4174 1062 4245 ἐνεργείᾳ
1106 4178 1333 4226 τοιοῦτον
1547 4173 1673 4227 ἀλλὰ
1708 4175 1740 4242 ἡ
1785 4178 2027 4225 VHSBa:
2085 4172 2212 4225 ἀλλὰ
2250 4174 2279 4243 ἡ
2323 4178 2391 4227 G:
2441 4170 2548 4225 ἀλλ’
2589 4176 2666 4225 ἀεὶ
2709 4176 2838 4227 vict.
2876 4176 2964 4243 Sp.

472 4265 531 4315 13
588 4262 828 4315 δυνασθαι
864 4264 1150 4315 Schwartz:
1202 4260 1405 4313 δυναται
1442 4262 1561 4315 libri
1774 4262 1805 4329 ἠ
1858 4267 1905 4312 V
2135 4262 2194 4313 14
2249 4261 2396 4327 αὐτὸ]
2451 4262 2592 4314 αὐτῶ
2639 4279 2670 4313 a
2883 4262 2956 4331 ei]
3011 4264 3096 4315 καὶ
3135 4264 3176 4316 εἰ

466 4355 620 4405 vict.:
676 4352 706 4420 ἢ
756 4352 798 4403 εἰ
836 4353 971 4403 coni.
1010 4352 1097 4417 Sp.
1139 4352 1269 4402 bene
1514 4350 1573 4402 15
1629 4350 1750 4402 αὐτὸ
1795 4350 1932 4413 τότε]
1980 4352 2067 4401 καὶ
2109 4349 2232 4401 αὐτὸ
2279 4354 2353 4418 τῷ
2393 4369 2448 4401 τε
2483 4351 2619 4401 vict.
2657 4350 2745 4417 Sp.
2959 4351 3176 4403 fortasse

462 4441 539 4508 (ἢ)
576 4442 620 4491 εἰ
654 4440 881 4504 δύναται,
936 4427 1099 4491 τοῦτο’
1141 4438 1402 4507 δυνήσεται
1442 4436 1611 4506 [αὐτὸ]
1658 4439 1771 4490 τότε
1805 4441 1841 4500 <,
1867 4436 1982 4499 ὅτε)
2209 4438 2267 4489 17
2327 4444 2429 4489 τῶν
2471 4438 2708 4489 ἐναντίων
2745 4440 2835 4490 FG
2883 4438 3018 4491 vict.
3057 4438 3172 4505 Sp.:

460 4529 535 4595 τῷ
580 4526 787 4595 ἐναντίῳ
837 4529 1059 4579 VHBSa
1278 4526 1339 4577 18
1376 4524 1619 4577 ἀδύνατον
1660 4526 1851 4578 Gss²sa
1899 4525 2013 4591 Sp.:
2072 4524 2282 4576 δυνατὸν
2327 4526 2496 4577 VHB¹
2713 4526 2774 4576 19
2831 4524 3088 4593 ἐναντίων]
3126 4544 3174 4577 τι

460 4616 515 4667 in
564 4616 639 4666 lit.
682 4618 725 4665 V
948 4613 1193 4685 μηδετέρᾳ
1250 4615 1384 4664 coni.
1423 4616 1510 4679 Sp.
1726 4612 1795 4663 :20
1836 4607 1869 4685 ᾗ
1911 4611 2127 4681 ἐνεργείᾳ
2165 4612 2277 4678 Sp.:
2333 4614 2364 4681 ἡ
2403 4613 2618 4682 ἐνέργεια
2655 4613 2772 4665 libn·
2987 4612 3054 4664 22
3091 4612 3174 4665 δι’)-

462 4721 603 4755 ναται
640 4703 758 4755 add.
798 4704 935 4754 Vict.
1152 4700 1218 4752 23
1258 4701 1361 4773 ἔχει
1400 4700 1469 4757 ὡς
1507 4700 1621 4768 Sp.:
1678 4700 1885 4755 ἐκείνως
1939 4700 2054 4751 libri
2287 4700 2352 4751 25
2409 4700 2516 4768 ἔχοι
2561 4700 2674 4767 Sp.:
2731 4700 2847 4770 ἔχον
2895 4701 3014 4753 libri

462 4790 526 4841 :27
566 4790 803 4841 lacunam
842 4790 952 4843 ind.
987 4790 1245 4841 Schwartz
1427 4790 1493 4841 28
1534 4806 1607 4856 pr.
1647 4788 1699 4841 δὲ
1731 4788 1774 4839 V
1780 4790 1866 4839 iot.
1895 4788 2221 4854 transposuit
2257 4794 2379 4839 ante
2416 4806 2546 4846 τινος
2583 4787 2692 4852 (ἳῗ)
2869 4788 2940 4840 30
2975 4786 3172 4840 ἐναντία

459 4878 625 4929 s¹B¹a
664 4876 777 4946 Sp.:
816 4878 948 4931 αἴτια
986 4877 1215 4931 VB¹GS¹
