3684 5567
429 293 868 348 VERBORUM

533 466 648 536 μίαν
685 474 894 520 κινεῖται
931 467 1124 536 κίνησιν
1159 463 1316 526 40,24
1387 461 1439 516 αἱ
1483 464 1609 516 ἑπτά
1646 464 1732 526 40,

532 553 598 606 26
654 555 872 626 κινήσεις
907 552 1076 606 αὐτῶν
1101 554 1171 606 ib.
1227 553 1259 622 ἡ
1287 551 1510 622 ἀπλανὴς
1545 551 1730 604 καλου-

532 641 656 712 μένη
696 641 852 705 41,13

428 729 762 802 σφαιρικός
799 729 919 794 63,4

427 817 660 888 σφόδρα
697 817 854 882 70,34
891 817 1038 882 96,11
1087 814 1266 880 142,11

426 905 646 977 σχεδόν
697 904 857 970 172,5
908 903 1103 969 179,25
1141 903 1338 969 204,25
1376 902 1575 966 214,12
1613 902 1733 965 227,

542 993 606 1046 10

426 1079 634 1152 σχέσις
670 1079 895 1144 6,-11.32
948 1080 1096 1144 16,14
1117 1094 1195 1147 sq.
1241 1077 1360 1144 33‚1
1409 1079 1566 1145 35‚12
1611 1077 1728 1142 3851

530 1166 658 1231 50,6
705 1166 870 1231 54,28
907 1166 1070 1231 63,26
1125 1165 1318 1232 169,26
1367 1164 1566 1230 223,12
1613 1165 1734 1231 225,

426 1347 636 1414 σχῆμα
672 1341 792 1408 5,15
830 1341 949 1406 26,6
997 1341 1146 1405 60,21
1203 1340 1398 1406 236,30
1416 1358 1490 1411 sq.
1542 1341 1732 1408 237,29

528 1429 790 1502 σφαιρικὸν
845 1429 1084 1500 φυλάττει
1133 1433 1198 1500 γῆ
1247 1429 1448 1496 237,14
1503 1430 1566 1482 cf.
1603 1429 1731 1493 63‚4

529 1517 733 1586 ἀτόμων
771 1517 974 1581 213,19
1045 1517 1168 1589 πρὸς
1211 1519 1327 1575 τοὺς
1371 1513 1732 1573 Πλατωνικοὺς

527 1608 645 1664 τοὺς
696 1606 760 1659 ἐκ
812 1605 1074 1674 τριγώνων
1125 1607 1190 1658 τὰ
1237 1606 1474 1678 σχήματα
1527 1603 1614 1655 καὶ
1667 1603 1730 1655 τὰ

527 1692 634 1763 είδη
672 1691 962 1763 συγκεῖσθαι
995 1693 1229 1763 λέγοντας
1266 1691 1528 1756 58,1-34

425 1781 794 1852 σγηματίζω
818 1780 976 1846 49,33
1004 1781 1162 1846 52,24
1188 1779 1344 1845 53,29
1382 1779 1532 1842 58,21
1582 1777 1732 1843 167,5

424 1867 713 1940 σχολάζω
753 1868 942 1935 226,29

422 1955 614 2026 σχολή
652 1956 768 2022 70,7
814 1956 968 2023 165,9

423 2044 600 2104 σώζω
638 2043 798 2108 28,21
841 2043 1012 2108 42,20
1045 2041 1214 2106 49,25
1252 2041 1732 2111 51,25,57,26,62,

534 2132 599 2183 10
641 2130 804 2195 64,36
853 2131 1008 2196 75,16
1063 2131 1250 2194 144,21
1308 2129 1492 2194 165,18
1544 2128 1729 2195 167,15

533 2219 690 2283 172,8
735 2217 912 2284 173,8.
937 2218 1018 2269 16.
1039 2217 1106 2271 26
1148 2217 1300 2284 177,2
1342 2217 1500 2284 181,8
1543 2219 1729 2283 186,Ιὸ

535 2306 679 2373 191,1
723 2304 1108 2369 205,1,214,22

423 2393 628 2464 σωλήν
666 2392 873 2460 237,28.
894 2393 962 2446 32
1001 2392 1157 2458 238,6

423 2487 600 2550 σῶμα
635 2481 752 2547 30,1
778 2498 852 2549 sq.
900 2481 1004 2535 def.
1033 2480 1224 2545 219,16
1297 2479 1538 2550 ἀγένητον
1573 2479 1730 2548 63,18

527 2570 734 2640 γενητόν
771 2569 854 2633 63,
869 2569 938 2622 23
1010 2569 1062 2621 ἐν
1107 2569 1289 2638 γενέσει
1326 2569 1440 2634 41,1
1516 2567 1614 2621 ὑπὸ
1653 2585 1728 2622 σε·

527 2656 685 2728 λήνην
710 2657 866 2722 49,16
905 2657 969 2709 ef.
989 2655 1144 2720 6217
1166 2672 1244 2724 sq.
1319 2656 1529 2726 φυσικὸν
1565 2655 1596 2724 ἢ
1636 2674 1730 2725 μα-

527 2742 816 2817 θηματικόν
877 2744 1040 2811 20,23
1107 2743 1269 2808 62,17
1290 2759 1368 2812 sq.
1441 2744 1503 2796 cf.
1570 2743 1728 2808 106,ss

528 2833 728 2902 συνεχές
776 2848 898 2901 opp.
938 2832 1282 2903 διωρισμένον.
1305 2831 1504 2896 223,29
1575 2831 1730 2897 θεῖον,

529 2920 774 2988 πέμπτον,
829 2918 1270 2991 κυιλοιρορητιπιόν
1312 2919 1590 2982 3‚10—20
1643 2919 1730 2984 4,2

529 3007 694 3070 20,20
713 3025 790 3075 sq.
828 3008 944 3071 21,1
969 3024 1044 3077 sq.
1083 3008 1242 3072 40,10
1287 3007 1483 3072 106,27
1522 3007 1730 3070 223,10.

529 3095 596 3146 33
645 3095 762 3160 226,
775 3095 842 3148 35
879 3093 1032 3160 2295!
1107 3094 1258 3163 ἁπλᾶ,
1307 3093 1524 3148 σύνθετα
1571 3094 1733 3159 19,30

528 3181 648 3246 48,2
667 3198 744 3251 sq.
789 3182 910 3249 49,9
931 3199 1010 3250 sq.
1053 3183 1210 3248 56,3o
1255 3182 1374 3246 58,9
1413 3181 1572 3246 64,24
1610 3181 1730 3245 75,5

527 3269 676 3336 89,11
756 3269 968 3339 σώματα
993 3269 1128 3324 ἁπλᾶ
1151 3275 1243 3342 τῆς
1267 3271 1336 3328 είς
1361 3269 1555 3341 ἄλληλα
1580 3288 1728 3339 μετα·

531 3357 683 3427 βολῆς
708 3355 900 3418 ἔξωθεν
925 3357 1029 3430 ἔχει
1052 3357 1147 3426 τὴν
1165 3358 1324 3410 αἰτίαν
1344 3357 1538 3421 225,30
1582 3365 1728 3426 σῶμα

527 3446 683 3499 πλείω
719 3445 862 3516 πάθη
899 3449 1032 3499 κατὰ
1067 3445 1124 3498 τὸ
1147 3446 1274 3498 αὺτό
1313 3444 1553 3498 ἀδίινατον
1591 3444 1728 3516 3412-

528 3531 642 3586 σθαι
667 3533 820 3598 97,19
871 3535 914 3586 εί
939 3534 1158 3604 ἐνεργείᾳ
1181 3533 1434 3603 διαιρεῖται
1458 3533 1526 3590 είς
1551 3533 1728 3604 ἄπειρα

528 3621 682 3685 222,5
703 3637 780 3689 sq.
855 3627 1002 3690 σῶμα
1051 3619 1128 3674 ὅτι
1173 3621 1244 3690 μὴ
1283 3619 1387 3674 οἶόν
1431 3638 1486 3672 τε
1524 3621 1727 3691 ἄπειρον

526 3708 650 3761 εἶναι
686 3709 815 3778 μήτε
837 3714 944 3761 τῶν
967 3707 1144 3761 ἁπλῶν
1170 3709 1298 3778 μήτε
1331 3714 1436 3760 τῶν
1473 3709 1728 3762 συνθέτων

537 3795 694 3861 106,2
713 3811 791 3864 sq.
865 3797 1062 3866 ἀνάγκη
1116 3797 1244 3864 μετὰ
1297 3797 1556 3868 σχήματος
1609 3797 1732 3850 εἶναί

529 3901 658 3942 τινος
695 3885 782 3937 καὶ
817 3883 1090 3958 χρώματος
1127 3884 1279 3949 17,14
1349 3883 1408 3938 οὐ
1445 3883 1524 3937 διὰ
1561 3885 1731 3954 σώμα-

525 3990 610 4029 τος
643 3979 804 4044 χωρεῖ
828 3971 1091 4036 57,9-30
1158 3970 1233 4028 τίς
1267 3971 1302 4040 ἡ
1340 3971 1440 4024 ἀπὸ
1463 3976 1556 4042 τῆς
1593 3971 1731 4043 κινή-

527 4075 654 4118 σεως
689 4065 780 4114 τοῦ
816 4057 956 4112 θείου
988 4059 1222 4128 σώματος
1259 4059 1546 4130 ἐγγινομένη
1585 4059 1729 4112 δι’)να-

528 4168 608 4218 μις
643 4149 720 4218 τῷ
754 4153 1030 4218 γειτνιῶντι
1072 4147 1214 4218 αὐτῷ
1248 4146 1423 4218 θνητῷ
1463 4165 1518 4199 τε
1556 4149 1644 4200 καὶ
1677 4148 1730 4200 ἐν

527 4237 712 4307 γενέσει
747 4235 944 4304 σώματι
979 4233 1362 4301 47,30-50,27
1435 4235 1557 4308 πρὸς
1595 4234 1729 4289 Πλα-

523 4323 772 4382 τωνικοίις
818 4325 939 4381 τοὺς
979 4323 1038 4376 ἐκ
1082 4323 1342 4393 τριγώνων
1387 4323 1450 4376 τὰ
1491 4324 1729 4395 σχήματα

526 4413 610 4464 καὶ
644 4413 708 4464 τὰ
745 4411 852 4481 εἴδη
887 4417 995 4463 τῶν
1033 4413 1287 4479 σωμάτων
1324 4409 1614 4481 συγκεῖσθαι
1651 4409 1728 4463 λέ-

525 4517 702 4568 γοντας
729 4499 988 4564 58,1-34
1041 4498 1256 4566 τέσσαρα
1279 4504 1388 4558 πῶς
1425 4497 1726 4568 μεταβάλλει

527 4585 946 4652 229,30-230,7

421 4671 786 4744 σώματι-κός
829 4673 1015 4738 l25‚33
1056 4674 1224 4738 126,7.
1251 4675 1318 4727 23
1361 4674 1512 4740 138,8
1552 4675 1701 4736 1983

421 4763 618 4834 σωρός
664 4763 856 4827 228,32

422 4850 736 4908 σωστιιιός
771 4849 925 4916 81,23

2644 293 2847 376 τίθημι
3018 292 3143 356 269

1837 465 2115 535 σωτηρία
2152 463 2300 530 68,21
2351 464 2535 531 119,24
2578 464 2763 527 199,13
2801 463 2991 526 203,14

1837 553 2232 623 σωφρονικός
2276 552 2461 616 121,10
2503 552 2653 618 199,6

1838 639 2210 710 σωφροσὺνη
2256 641 2436 704 146,17
2484 639 2671 706 149,33
2714 639 2860 705 154,7

1835 726 2103 800 σώφρων
2147 727 2329 792 120,27
2374 728 2559 793 134,24
2605 728 2785 792 139,26
2829 726 2978 790 199,6

1835 1074 2010 1136 τάξις
2052 1078 2203 1143 10,17
2250 1078 2401 1144 63,11
2444 1081 2598 1146 68,24
2637 1079 2757 1144 69,2
2794 1081 2914 1144 89,9
2958 1079 3143 1142 166,19

1949 1164 2113 1229 168,4.
2139 1166 2201 1218 14
2246 1167 2423 1232 170,11
2472 1167 2620 1233 196,7

1833 1253 2043 1305 τάσσω
2079 1253 2235 1318 41,12
2273 1254 2427 1319 62,33
2473 1255 2621 1320 101,5

1835 1339 2027 1411 ταχὺς
2063 1339 2217 1405 34,12
2254 1343 2371 1408 46,1
2415 1343 2604 1405 227,22
2648 1342 3051 1406 231,12.14.15

1834 1427 2201 1482 τεκνοποιία
2245 1431 2431 1494 144,28

1832 1515 2075 1569 τεκνόω
2115 1517 2303 1584 225,12

1832 1607 2206 1665 τεκτονικός
2253 1605 2439 1670 160,32

1833 1691 2074 1746 τέκτων
2116 1693 2267 1760 199,4

1832 1779 2072 1838 τέλειος
2108 1777 2321 1849 (τέλεος)
2356 1783 2511 1846 48,29
2548 1781 2703 1846 49,17
2742 1781 2897 1845 50,19

1928 1868 2161 1933 funditus
2199 1869 2405 1934 230,23.
2434 1869 2499 1922 25
2538 1869 2731 1932 231,10

1833 1953 2159 2025 τελειότης
2192 1956 2305 2022 16,2
2331 1956 2485 2019 40,23
2511 1957 2667 2018 48,12
2694 1955 2851 2021 50,19
2888 1955 3041 2018 62:22
3062 1973 3141 2024 sq.

1941 2042 2093 2108 63:22
2136 2043 2287 2111 1983

1831 2128 2093 2182 τελειόω
2122 2130 2243 2196 88,2
2289 2131 2437 2198 198,9

1831 2217 2166 2277 τελείωσις
2208 2219 2392 2283 157,29

1830 2307 2193 2366 τελευταῖος
2230 2307 2387 2372 71,13

1831 2395 2006 2454 τέλος
2043 2394 2199 2459 37,18
2237 2395 2391 2460 52,16
2429 2397 2555 2458 61,4
2608 2395 2770 2457 68,26
2818 2395 2931 2460 69,1
2985 2395 3139 2459 71,13

1945 2482 2273 2548 124,7131,2
2316 2483 2466 2546 141,8
2513 2483 2911 2547 148,20166,25
2956 2483 3143 2546 167,10

1944 2571 2097 2634 168,3

1832 2657 2038 2727 τ’έμνω
2076 2657 2232 2724 222,8

1831 2746 2123 2815 Tempu&
2186 2747 2521 2800 Praeteritum
2560 2751 2687 2798 nota
2712 2746 2927 2814 respicit
2958 2745 3142 2810 107,24

1946 2833 2135 2896 108,11
2216 2833 2425 2899 122,14.
2456 2833 2520 2887 21
2603 2833 2759 2898 125,7
2832 2833 3043 2896 157,12.
3080 2833 3141 2886 15

1940 2922 2238 2989 praesentia
2276 2926 2421 2974 notat
2454 2921 2653 2986 178,·25.
2676 2921 2743 2972 27
2798 2921 2977 2983 179,21
3029 2921 3141 2983 184,

1943 3009 2006 3061 10
2061 3010 2256 3070 194,14
2314 3009 2513 3072 213,16
2598 3005 2991 3078 (Ἀριστοτέλης)
3040 3009 3139 3078 ἐρεῖ

2972 1781 3139 1834 τέλεον

1937 3095 2091 3159 82,26
2131 3097 2285 3159 91,17

1829 3183 2007 3255 τέρας
2051 3183 2235 3248 193,15

1830 3272 2037 3342 τέρπω
2078 3271 2261 3338 145,31

1829 3359 2023 3430 τέφρα
2062 3359 2255 3426 22Ο,10

1829 3447 2019 3522 τέχνη
2059 3448 2177 3512 64,7
2216 3448 2379 3515 81,27
2418 3447 2545 3511 82,4
2567 3463 2643 3514 sq.
2696 3447 2889 3510 148‚15
2946 3447 3132 3511 168,11

1944 3536 2093 3598 169,8
2146 3534 2295 3600 197,9
2314 3553 2391 3603 sq.
2437 3535 2589 3598 2105
2664 3541 2772 3592 πῶς
2810 3534 2907 3608 οὐχ
2952 3534 3138 3602 ὁμοίως

1933 3629 2040 3681 ταῖς
2076 3621 2445 3695 ’στοχαστικαῐς
2496 3623 2692 3694 τέχναις
2746 3623 2833 3674 καὶ
2887 3623 2939 3674 αἱ
2992 3619 3139 3673 ἄλλαι

1933 3710 2106 3782 τέχναι
2157 3703 2297 3769 τέλος
2350 3711 2539 3772 ἕξουσιν
2591 3709 2651 3761 τὸ
2695 3711 2859 3760 πάντα
2912 3711 2975 3761 τὰ
3020 3708 3139 3780 παρ’

1938 3797 2092 3857 αὑτὰς
2126 3805 2281 3852 ποιεῖν
2318 3798 2439 3871 πρὸς
2473 3797 2533 3850 τὸ
2569 3801 2659 3849 τοῦ
2694 3797 3024 3868 προκειμένου
3057 3813 3137 3847 τυ-

1906 3911 1913 3916 ·
1938 3894 2045 3960 χεῖν
2076 3885 2337 3952 61,4-28

1829 3973 2124 4045 τεχνικός
2162 3973 2283 4040 35,5
2320 3976 2474 4040 61,14
2514 3973 2668 4038 64,13

1830 4062 2130 4132 τεχνίτης
2165 4062 2317 4126 82,11
2363 4062 2514 4127 167,3

1830 4149 1991 4206 τέως
2026 4149 2199 4212 57,13.
2220 4151 2286 4203 24
2325 4149 2516 4215 219,23

1830 4236 2210 4305 τηλικοῦτος
2252 4236 2437 4305 197,22

1830 4324 2037 4396 τηρέω
2094 4324 2259 4390 64,Βὸ
2322 4323 2518 4384 183,2Ο
2572 4321 2883 4388 208,11.12
2942 4321 3141 4384 210,10

1938 4411 2093 4476 220,6
2130 4411 2325 4476 236,30

1829 4497 2048 4569 τίθημι
2084 4499 2238 4564 27,21
2290 4499 2479 4562 100,27
2534 4497 2717 4559 101,34
2763 4494 2904 4562 108,1
2956 4496 3138 4558 124,35

1944 4587 2143 4652 166,20
2202 4587 2396 4648 168,26
2458 4585 2653 4651 172,14
2722 4583 2915 4646 182,24
2971 4583 3139 4648 208,4

1938 4674 2093 4738 213,7
2139 4673 2325 4739 218,11
2402 4674 2531 4742 μετὰ
2568 4678 2673 4725 τῶν
2711 4671 2917 4725 οἰκείων
2952 4669 3138 4724 τιθέναι

1936 4781 1983 4814 τι
2020 4765 2145 4812 iusta
2182 4762 2594 4830 arqumentatt'one
2632 4761 2827 4826 aliquid
2858 4760 3140 4810 contendere

1940 4849 2131 4916 225,10
