3684 5567
1429 284 1710 341 ΒΙΒΑΙΟΝ
1755 284 2032 342 ΠΡΩΤΟΝ
2078 286 2286 341 24-25
3133 286 3215 350 39

595 460 803 543 ἑαυτῆς
834 461 1004 543 φύσιν
1035 459 1269 543 δέχεται
1320 458 1326 545 Ι
1374 465 1476 523 τοῦ
1506 460 1807 541 γινομένου
1840 461 1904 522 τὸ
1936 459 2119 541 εἶδος)
2165 481 2204 519 ·.·÷
2253 482 2286 519 κ
2334 482 2374 520 κ
2417 462 2560 542 πρὸς
2591 462 2659 543 ἣν
2695 459 3020 542 μεταβολὴν
3066 458 3103 539 ἡ
3146 464 3211 519 76

586 546 858 644 ’στέρησις
888 562 1035 645 αὐτὴ
1078 568 1178 625 τοῦ
1209 563 1506 645 γινομένου
1555 566 1820 625 συντελεῖ
1846 563 2306 645 προϋπάρχουσα
2338 563 2431 625 καὶ
2464 564 2872 646 συμβεβηκυῖα
2915 561 3097 644 αὐτῇ·

596 668 735 727 πᾶσι
778 664 887 747 γὰρ
932 669 1051 733 τοῖς
1106 665 1166 734 ἐξ
1210 666 1351 749 ὕλης
1395 665 1709 747 γινομένοις
1764 667 1800 747 ἠ
1849 664 2070 746 γένεσις
2124 665 2269 727 κατὰ
2323 666 2426 747 τὴν
2481 666 2548 727 ἐκ
2601 670 2706 747 τῆς
2751 666 3100 747 στερήσεως,

592 768 675 833 εἰς
720 766 758 829 ἃ
800 768 1043 847 γίνεται,
1102 769 1448 853 μεταβολήν.
1540 770 1629 830 διὸ
1658 766 1809 829 οὔτε
1863 767 1934 829 ἐκ
1986 772 2090 847 τῆς
2136 768 2467 850 στερήσεως
2519 768 2615 829 καὶ
2661 772 2761 829 τοῦ
2809 768 2890 850 μὴ
2941 764 3103 833 ὄντος
3157 782 3184 823 τι

524 891 553 937 5
594 868 729 931 καθ’
786 870 927 932 αὑτὸ
982 872 1020 953 ἡ
1076 870 1296 952 γένεσις
1350 870 1532 953 (καθὸ
1588 871 1693 952 γὰρ
1752 868 1815 931 ὅν
1873 893 2020 937 πως·
2088 868 2149 931 ,ὂν
2203 870 2312 951 γάρ
2369 891 2494 936 πως
2543 874 2628 953 τῷ
2683 873 2758 951 τῇ
2815 868 2928 951 ὕλῃ
2984 866 3102 930 ὄντι

594 969 743 1053 οὔσῃ
798 972 1286 1056 συμβεβηκέναι),
1342 972 1475 1035 οὔτε
1528 972 1596 1034 ἐκ
1646 977 1751 1054 τῆς
1802 973 1944 1054 ὕλης
1999 973 2094 1033 καὶ
2149 975 2249 1032 τοῦ
2305 969 2466 1038 ὄντος
2519 970 2654 1033 καθ’
2711 970 2882 1047 αὑτό,
2939 970 3002 1033 εἷ’
3035 994 3100 1053 γε

590 1072 723 1137 καθ’
780 1073 815 1138 ‘0⁷
859 1075 979 1139 ἐστι
1028 1074 1189 1159 [μὲν]
1238 1076 1525 1160 στέρησις,
1574 1077 1611 1158 ἡ
1658 1076 1738 1143 εἰς
1785 1075 1848 1136 τὸ
1897 1073 2048 1142 εἶδος
2092 1073 2274 1157 αὐτῆς
2321 1074 2638 1157 μεταβολή.
2947 1069 2958 1080 “
3126 1090 3182 1129 ιο

919 1382 1113 1445 XXV.
1215 1380 1335 1450 Εἰς
1378 1382 1461 1445 τὰ
1506 1383 1663 1466 περὶ
1710 1383 2040 1466 προνοίας
2085 1382 2234 1445 τινὰ
2283 1386 2764 1445 συντελοῦντα.

756 1575 891 1640 Τῶν
946 1577 1161 1640 οὐσιῶν
1220 1577 1367 1639 κατὰ
1417 1576 1795 1660 Ἀριστοτέλη
1858 1580 1896 1661 ἡ
1955 1578 2057 1659 μέν
2113 1578 2264 1643 ἐστιν
2329 1577 2642 1657 ἀσώματός
2699 1601 2759 1640 τε
2813 1580 2908 1641 καὶ
2963 1578 3099 1641 ἄνευ

486 1698 549 1745 10
588 1682 857 1762 σώματος
902 1678 1055 1749 εἶδός
1099 1703 1149 1742 τι
1197 1678 1375 1742 ἄυλον
1420 1682 1515 1742 καὶ
1562 1680 1886 1764 χωριστόν,
1938 1680 2194 1761 ἐνέργειά
2236 1704 2320 1748 τις
2373 1678 2519 1743 οὖσα
2564 1682 2757 1761 πάσης
2802 1682 3102 1763 δυνάμεως
3131 1698 3183 1739 15

586 1782 1021 1865 κεχωρισμένη,
1078 1783 1147 1865 ἢν
1195 1782 1393 1845 οὐσίαν
1439 1784 1535 1845 καὶ
1590 1786 1720 1844 νοῦν
1768 1786 1962 1857 καλεῖ,
2019 1787 2150 1843 νοῦν
2197 1784 2261 1861 δὲ
2307 1785 2404 1846 τὸν
2449 1780 2573 1846 κατ’
2631 1783 2950 1867 ἐνέργειαν,
3009 1786 3098 1847 ἀεὶ

578 1884 687 1967 γὰρ
741 1888 982 1947 νοοῦντα
1036 1886 1133 1947 καὶ
1188 1888 1428 1947 νοοῦντα
1491 1884 1555 1946 τὸ
1611 1889 1727 1946 τῶν
1786 1883 1967 1947 ὄντων
2022 1883 2286 1967 ἄριστον,
2350 1888 2520 1947 τοῦτο
2577 1884 2630 1947 δ’
2687 1886 2838 1948 ἐστὶν
2877 1886 3095 1954 αὐτός.

584 1986 754 2048 αὑτὸν
801 1987 874 2068 δὴ
922 1988 1013 2049 αἐὶ
1058 1990 1182 2049 νοεῖ
1236 1990 1268 2050 6
1314 1991 1445 2055 νοῦς
1498 1985 1691 2055 οὗτος·
1759 1987 1823 2048 τὸ
1871 1986 1978 2071 γὰρ
2027 1988 2275 2068 μάλιστα
2329 1987 2535 2069 νοητὸν
2594 1991 2624 2051 6
2673 1990 2922 2069 μάλιστα
2966 1995 3181 2059 νοῦςεο

584 2092 721 2167 νοεῖ,
768 2090 1015 2171 μάλιστα
1061 2090 1125 2151 δὲ
1169 2089 1373 2171 νοητὸν
1421 2090 1486 2151 τὸ
1532 2090 1714 2172 χωρὶς
1761 2089 1904 2169 ὕλης
1947 2087 2114 2155 εἶδος.
2187 2092 2260 2169 τῇ
2306 2089 2414 2171 γὰρ
2461 2090 2642 2172 αὑτῆς
2689 2090 2858 2172 φύσει
2903 2092 2940 2173 ἡ
2988 2115 3097 2153 τοι·

480 2210 541 2259 15
580 2191 685 2253 άδε
726 2177 897 2253 οὐσία
928 2192 1109 2275 νοητή
1153 2190 1253 2271 (τὰ
1302 2192 1405 2273 μὲν
1452 2190 1557 2274 γὰρ
1602 2189 1776 2253 ἔνυλα
1822 2188 1952 2273 εἴδη
1999 2189 2179 2273 νοητὰ
2227 2190 2330 2271 μέν
2363 2190 2536 2267 ἐστιν,
2586 2190 2705 2255 ἀλλ’
2763 2194 2830 2255 οὐ
2876 2198 2951 2276 τῇ
3001 2194 3098 2255 αύ-

580 2297 698 2355 τῶν
742 2292 933 2375 φύσει,
980 2292 1163 2374 [ἀλλ’]
1196 2292 1333 2355 οὐδὲ
1376 2294 1513 2355 καθ’
1556 2293 1725 2367 αὑτά,
1773 2292 1896 2355 ἀλλ’
1940 2293 1970 2354 6
2003 2296 2152 2354 νοῶν
2184 2292 2334 2355 αὐτὰ
2365 2298 2497 2361 νοῦς
2542 2296 2722 2378 νοητὰ
2767 2297 2912 2358 αὐτὰ
2944 2302 3178 2358 mae-125

579 2395 849 2479 χωρίζων
894 2393 1043 2458 αὐτὰ
1087 2400 1192 2477 τῆς
1238 2395 1379 2476 ὕλης
1424 2400 1497 2475 τῇ
1544 2394 1769 2477 ἐπινοίᾳ
1826 2396 1924 2458 καὶ
1973 2398 2053 2463 ὡς
2103 2393 2108 2479 ᾗ
2161 2392 2298 2457 ὄντα
2342 2395 2484 2458 καθ’
2539 2397 2688 2459 αὑτὰ
2733 2400 3094 2482 λαμβάνων),
3139 2408 3202 2462 77

580 2499 645 2559 τὸ
706 2498 815 2581 γὰρ
870 2498 1061 2580 πάσης
1118 2497 1260 2579 ὕλης
1312 2497 1408 2560 καὶ
1464 2500 1654 2579 πάσης
1719 2500 2024 2581 δυνάμεως
2086 2498 2238 2566 εἶδος
2297 2500 2732 2582 κεχωρισμένον
2786 2505 2860 2583 τῇ
2915 2502 3095 2565 αὑτοῦ

576 2598 745 2681 φύσει
806 2597 1009 2681 νοητόν
1071 2598 1191 2661 ἐστι
1248 2599 1477 2681 κυρίως.
1568 2599 1719 2661 ἀλλὰ
1776 2600 1891 2680 μὴν
1947 2601 1985 2682 ἡ
2053 2601 2293 2683 τοιαύτη
2364 2600 2531 2663 οὐσία
2589 2604 2618 2664 6
2677 2605 3094 2687 προειρημένος

468 2718 538 2765 20
574 2703 705 2768 νοῦς
748 2699 933 2773 ἐστιν,
990 2700 1079 2763 διὸ
1126 2700 1335 2762 ἑαυτὸν
1390 2705 1528 2763 νοεῖ.
1620 2702 1717 2762 καὶ
1762 2700 1871 2784 γὰρ
1925 2702 1976 2763 εἰ
2031 2703 2068 2783 ἡ
2125 2703 2359 2784 τοιαύτη
2418 2702 2586 2765 οὐσία
2642 2706 2821 2787 μηδὲν
2869 2703 3094 2790 ἔχουσα
3147 2723 3175 2765 τι

576 2803 813 2885 δυνάμει
861 2802 951 2864 ἀεὶ
981 2801 1237 2886 ἐνεργείᾳ
1284 2804 1403 2865 ἐστὶ
1451 2802 1651 2885 νοητή,
1699 2804 1956 2887 ἐνεργείᾳ
2003 2805 2068 2866 δέ
2116 2805 2235 2867 ἐστι
2267 2806 2473 2888 νοητὸν
2519 2806 2584 2866 τὸ
2631 2807 2724 2867 ἀεὶ
2769 2806 2896 2869 κατ’
2937 2808 3089 2892 ἐνέρ-

572 2927 729 2985 γειαν
773 2904 1104 2986 νοούμενον,
1151 2902 1244 2988 εἴη
1292 2904 1361 2967 ἂν
1393 2905 1700 2988 νοούμενον
1748 2905 1861 2967 ὑπὸ
1909 2909 2011 2967 τοῦ
2057 2910 2158 2968 νοῦ
2203 2911 2305 2969 τοῦ
2339 2907 2522 2969 ἀιδίου
2569 2930 2633 2969 τε
2679 2910 2773 2970 καὶ
2806 2908 3079 2994 ἐνεργείᾳ,

573 3012 827 3069 τοιοῦτον
874 3007 939 3069 δὲ
984 3008 1021 3090 ἡ
1070 3007 1462 3091 προειρημένη
1510 3006 1678 3071 οὐσία
1723 3006 1824 3091 ἧν,
1883 3012 2087 3092 πρώτη
2134 3007 2302 3071 οὐσία
2349 3013 2482 3077 νοῦς
2526 3032 2587 3071 τε
2635 3010 2665 3071 6
2712 3016 2945 3093 πρῶτος
2991 3016 3084 3075 καὶ
3116 3031 3171 3072 ιο

574 3110 775 3192 νοητὸν
821 3109 887 3171 τὸ
934 3114 1165 3191 πρῶτον
1212 3109 1305 3170 καὶ
1338 3112 1467 3177 νοῦς
1514 3110 1605 3171 ἀεὶ
1652 3114 1801 3171 νοῶν
1849 3110 1945 3173 καὶ
1990 3110 2050 3172 ἐν
2085 3111 2271 3194 τούτῳ
2319 3112 2420 3193 τὴν
2468 3110 2665 3174 οὐσίαν
2712 3111 2893 3196 ἔχων.
2971 3120 3084 3184 πᾶς

466 3230 532 3278 25
573 3212 675 3293 μὲν
719 3212 828 3294 γὰρ
874 3216 1005 3279 νοῦς
1050 3210 1187 3273 ὅταν
1220 3210 1451 3293 ἐνεργῇ,
1500 3212 1672 3273 αὑτὸν
1718 3216 1842 3274 νοεῖ
1880 3217 1967 3296 τῷ
2015 3212 2280 3294 γίνεσθαί
2319 3236 2444 3282 πως
2483 3212 2733 3297 ἐνεργῶν
2779 3214 2864 3299 <ὁ>
2909 3216 3085 3285 αὐτὸς

570 3318 653 3396 τῷ
700 3312 1033 3397 νοουμένῳ,
1090 3311 1251 3394 εἴγε
1296 3318 1369 3395 τῇ
1429 3316 1531 3375 τοῦ
1585 3314 1902 3395 νοουμένου
1957 3314 2132 3398 λήψει
2185 3317 2250 3377 τὸ
2297 3320 2445 3377 νοεῖν
2500 3317 2741 3397 γίνεται,
2797 3319 2862 3379 τὸ
2909 3321 2973 3382 δὲ
3017 3322 3082 3383 τὸ
3114 3337 3166 3379 ιτ»

567 3415 717 3484 εἶδος
761 3416 1078 3498 νοουμένου
1134 3415 1313 3497 λαβὸν
1359 3416 1571 3496 γίνεταί
1612 3439 1738 3484 πως
1783 3417 1849 3478 τὸ
1905 3418 2232 3500 νοούμενον.
2324 3418 2388 3479 τὸ
2445 3418 2508 3480 δὲ
2550 3416 2724 3487 ςπῶς’
2791 3419 2950 3483 εἶπον
2997 3421 3083 3486 ’ὅτι

568 3516 661 3602 ἐφ’
718 3519 800 3581 ὧν
850 3518 952 3599 μὲν
996 3519 1063 3579 τὸ
1111 3517 1421 3599 νοούμενον
1468 3516 1696 3594 ἔνυλον,
1746 3518 1841 3581 ἐπὶ
1887 3520 2106 3582 τούτων
2154 3519 2268 3604 οὐχ
2315 3521 2518 3588 ἁπλῶς
2563 3522 2594 3583 6
2642 3526 2790 3583 νοῶν
2837 3527 2970 3591 νοῦς
3015 3526 3080 3587 τὸ

566 3621 873 3701 νοούμενον
918 3619 1135 3703 γίνεται
1189 3626 1273 3705 τῷ
1324 3622 1403 3703 μὴ
1462 3622 1605 3701 μετὰ
1664 3626 1766 3704 τῆς
1813 3622 1952 3703 ὕλης
2007 3624 2072 3683 τὸ
2129 3620 2282 3690 εἶδος
2334 3624 2678 3706 λαμβάνειν,
2735 3623 2826 3707 ἐφ’
2886 3627 2966 3688 ὧν
3015 3627 3165 3689 ὃὲεο

460 3741 529 3789 3ο
564 3724 629 3785 τὸ
675 3723 981 3805 νοούμενον
1028 3723 1181 3792 εἶδός
1226 3724 1377 3785 ἐστιν
1424 3724 1565 3808 ῦλης
1610 3725 2076 3808 κεχωρισμένον,
2137 3724 2232 3787 ἐπὶ
2277 3725 2493 3787 τούτων
2543 3725 2748 3793 ἁπλῶς
2791 3725 3001 3808 γίνεται
3047 3729 3079 3791 6

566 3831 712 3889 νοῶν
758 3830 891 3895 νοῦς
943 3827 975 3889 6
1021 3826 1195 3894 αὐτὸς
1246 3830 1337 3911 τῷ
1390 3826 1709 3910 νοουμένῳ.
1802 3825 1939 3889 ὅταν
1984 3828 2048 3889 δὲ
2103 3832 2294 3910 προσῇ
2353 3829 2450 3889 καὶ
2504 3827 2668 3913 αὐτῷ
2723 3835 2807 3913 τῷ
2857 3835 3081 3894 νοοῦντι

462 4083 481 4132 1
528 4081 763 4134 lacunam
792 4082 899 4134 ind.
922 4082 1181 4134 Schwartz
1348 4082 1378 4133 2
1414 4081 1567 4152 αὐτὴ]
1597 4100 1725 4152 αυτη
1750 4084 1818 4134 V¹
1991 4083 2022 4135 5
2061 4082 2115 4135 ὅν
2141 4102 2253 4142 πως
2279 4084 2493 4138 V2BS‘2a
2518 4085 2629 4153 Sp.:
2661 4084 2824 4139 ὄντωσ
2845 4088 3004 4140 V¹S¹=
3043 4086 3186 4147 ὄντος

454 4171 591 4221 FGL
786 4168 816 4219 7
853 4169 957 4221 ἐστι
995 4168 1157 4220 V²Ba
1194 4170 1313 4235 Sp.:
1353 4169 1453 4220 ἐστὶ
1490 4170 1579 4235 μὲν
1618 4170 1880 4223 V¹GFSL
2042 4171 2074 4222 8
2113 4172 2178 4223 cf.
2206 4188 2338 4238 quae
2378 4171 2642 4240 disputavi
2682 4172 2744 4224 de
2785 4174 2881 4225 hoc
2918 4176 3089 4242 capite
3127 4176 3183 4227 in

454 4256 580 4307 Mus,
608 4256 771 4308 Rhen.
809 4255 955 4308 XLV
998 4272 1046 4323 p.
1074 4254 1177 4308 223
1199 4270 1311 4323 sqq.
1474 4256 1503 4307 9
1542 4254 1880 4327 Ἀριστοτέλην
1908 4276 1940 4309 ει
1965 4258 2053 4325 Sp.
2221 4259 2284 4309 10
2321 4258 2538 4328 ἐνέργειά
2557 4264 2675 4312 VF:
2717 4260 2935 4332 ἐνεργείᾳ
2959 4265 3038 4314 La
3063 4262 3178 4329 Sp.:

452 4342 667 4411 ἐνεργεια
703 4344 739 4395 S
948 4342 1009 4394 13
1048 4342 1200 4395 αὐτὸν
1239 4342 1309 4393 V¹
1348 4342 1501 4408 (corr.
1540 4343 1635 4409 V2)
1834 4344 1894 4415 δὴ
1935 4346 2010 4397 ἀεὶ
2049 4348 2250 4399 GFSL:
2290 4344 2348 4414 δὴ
2389 4344 2465 4397 δεῖ
2502 4348 2645 4399 VB¹=
2685 4346 2745 4416 δὴ
2783 4348 2948 4401 B²S²a
2984 4350 3073 4417 Sp.

456 4430 515 4480 16
554 4424 659 4481 ἀλλ’
702 4443 803 4481 om.
842 4429 931 4497 Sp.
1117 4428 1180 4481 17
1220 4427 1341 4481 ὄντα
1381 4429 1597 4482 v²S²Ba
1633 4430 1755 4498 Sp.:
1802 4432 1965 4491 ὄντως
2003 4434 2255 4485 VGFS'L
2443 4433 2503 4483 18
2543 4435 2660 4504 γὰρ]
2698 4435 2750 4486 δὲ
2790 4454 2822 4486 a
2861 4436 2949 4501 Sp.

450 4515 604 4568 αὐτοῦ
642 4516 715 4568 V¹
902 4516 969 4569 23
1008 4516 1068 4586 ἦν
1106 4516 1285 4587 πρώτη
1325 4516 1477 4568 V‘2B:
1516 4516 1579 4586 ἧν
1620 4518 1827 4587 πρώτην
1868 4520 2020 4571 v¹L:
2061 4518 2123 4588 ἢν
2161 4520 2369 4591 πρώτην
2410 4521 2588 4572 GFS¹=
2627 4521 2691 4589 ἠν
2729 4520 2790 4589 ἣν
2829 4522 3008 4591 πρώτη
3049 4522 3176 4575 838ι

448 4602 481 4671 ἡ
519 4604 695 4673 πρώτη
735 4605 868 4656 coni.
909 4603 997 4671 Sp.
1188 4603 1257 4655 24
1294 4610 1395 4655 πᾶσ
1432 4608 1555 4657 VSa
1592 4603 1707 4670 Sp.:
1746 4612 1846 4656 πᾶν
1888 4608 1978 4659 GF
2168 4606 2194 4657 ὁ
2233 4611 2348 4665 νοῦς
2387 4624 2419 4658 a
2455 4607 2544 4674 Sp.
2737 4608 2802 4661 25
2841 4608 2993 4660 αὐτὸν
3033 4612 3106 4661 Vl

448 4689 474 4741 6
511 4691 627 4743 add.
666 4690 833 4744 B⁹s²a
872 4690 959 4758 Sp.
1104 4690 1255 4748 αὐτὸς
1294 4690 1439 4744 vs⁹a
1475 4691 1590 4759 Sp.:
1632 4690 1783 4743 αὐτὸν
1824 4693 2027 4745 GFS¹L
2174 4693 2239 4744 26
2279 4692 2482 4761 γίνεται]
2522 4712 2548 4743 ν
2586 4712 2628 4745 s.
2669 4711 2712 4744 v.
2755 4700 2802 4745 V
2966 4696 3030 4747 27
3072 4696 3174 4766 ὅτι]

447 4780 525 4845 τῷ
560 4778 723 4831 S²B²a
760 4778 874 4845 Sp.:
915 4778 973 4830 τὸ
1010 4778 1077 4829 B¹
1246 4776 1314 4830 28
1352 4784 1486 4830 νοῶν
1525 4782 1642 4835 νοῦς
1681 4778 1968 4831 v²GFSBa
2005 4779 2118 4847 Sp.:
2158 4784 2278 4831 νοῢσ
2314 4784 2434 4833 νοῦσ
2475 4782 2542 4832 V¹
2712 4780 2768 4833 τὸ
2808 4796 2908 4834 om.
2947 4800 2977 4835 a
3013 4783 3102 4851 Sp.

449 4864 515 4916 29
552 4863 843 4933 λαμβάνειν]
884 4862 1083 4933 λαμβάν
1120 4866 1177 4917 in
1216 4865 1293 4917 lit.
1334 4869 1383 4915 V
