3684 5567
1235 275 1397 332 ΠΕΡΙ
1435 275 1754 332 ΚΡΑΣΕΩΣ
1791 275 1915 332 ΚΑΙ
1955 275 2308 334 ΑΥΞΗΣΕΩΣ
2348 280 2409 332 16
3054 279 3179 343 235

569 455 712 513 ποῖα
759 449 931 533 μόρια
975 455 1091 514 τῶν
1137 449 1470 533 αὐξομένων
1517 457 1621 536 τῆς
1667 452 2011 536 προσθήκης
2040 451 2343 536 γινομένης
2386 452 2456 514 τὰ
2486 451 2595 516 ὅλα
2625 451 2876 522 αὔξεται.
2944 449 3071 511 ἐπεὶ

564 551 754 616 τοίνυν
822 551 883 614 ἐν
949 555 1070 621 τοῖς
1113 552 1451 636 αὐξομένοις
1517 552 1642 617 ἐστὶ
1686 559 1804 617 τῶν
1852 559 2045 639 μερῶν
2100 555 2171 617 τὰ
2229 555 2331 638 μὲν
2385 556 2803 638 ἀνομοιομερῆ,
2870 553 2941 616 τὰ
3006 552 3072 614 δὲ

567 654 887 738 ὁμοιομερῆ
932 653 1059 736 (καὶ
1105 656 1499 738 ἀνομοιομερῆ
1549 655 1652 738 μὲν
1698 656 1769 719 τὰ
1813 655 1881 718 ἐκ
1924 653 2315 739 διαφερόντων
2361 661 2554 740 μερῶν
2587 660 2941 727 συνεστῶτα,
2990 657 3069 722 ὡς

565 756 877 839 πρόσωπον
923 758 1020 820 καὶ
1082 757 1235 841 χείρ,
1301 758 1624 842 ὁμοιομερῆ
1691 758 1756 821 δὲ
1801 756 1943 841 σάρΕ
1984 780 2048 821 τε
2092 758 2185 821 καὶ
2232 759 2396 834 ὀστᾶ,
2466 762 2575 841 μῦς
2637 760 2733 822 καὶ
2785 757 2931 838 αἷμα
2976 755 3071 818 καὶ
3098 769 3154 810 2⁰

495 876 526 924 5
564 856 739 940 φλέψ,
785 859 880 920 καὶ
925 857 1078 928 ὅλως
1125 861 1207 921 ὧν
1249 857 1320 920 τὰ
1367 861 1542 943 μόρια
1585 863 1708 926 τοῖς
1750 857 1911 928 ὅλοις
1954 859 2074 923 ἐστὶ
2121 859 2483 942 συνώνυμα),
2532 862 2629 924 καὶ
2662 860 2953 942 σύγκειται
2997 857 3065 920 ἐκ

563 965 678 1023 τῶν
724 960 1090 1044 ὁμοιομερῶν
1134 959 1206 1022 τὰ
1251 961 1666 1044 ἀνομοιομερῆ,
1735 959 1857 1024 ἀλλ’
1912 963 2017 1025 οὐκ
2064 962 2345 1025 ἀνάπαλιν
2411 961 2507 1042 (οὐ
2576 961 2681 1045 γὰρ
2728 961 2795 1024 ἐκ
2840 962 3069 1044 προσώ-

567 1084 692 1123 πων
737 1063 776 1145 ἡ
825 1061 983 1145 σάρξ,
1029 1060 1151 1124 ἀλλ’
1193 1061 1260 1125 ἐκ
1305 1066 1538 1146 σαρκῶν
1582 1085 1646 1126 τε
1691 1063 1786 1125 καὶ
1833 1063 2021 1127 ὀστῶν
2067 1063 2131 1126 τὸ
2178 1063 2539 1147 πρόσωπον),
2584 1065 2623 1146 ἡ
2656 1062 2891 1147 αὔξησις
2922 1061 3070 1125 κατὰ

561 1164 666 1246 τὴν
713 1168 831 1231 τοῖς
876 1163 1248 1247 ὁμοιομερέσι
1291 1164 1637 1248 προσθήκην
1689 1165 1922 1247 γίνεται.
2010 1164 2233 1233 τούτοις
2298 1165 2408 1250 γὰρ
2474 1164 2810 1249 αὐξομένοις
2875 1165 3071 1226 ἕπεται
3097 1179 3151 1221 25

561 1264 658 1327 καὶ
703 1267 740 1348 ἡ
785 1269 900 1327 τῶν
949 1266 1388 1350 ἀνομοιομερῶν
1434 1266 1704 1334 ἐπίδοσις.
1794 1265 1863 1329 οὐ
1910 1266 2016 1350 γὰρ
2060 1267 2101 1348 ἡ
2146 1267 2605 1351 προσκρινομένη
2660 1269 2868 1352 τροφή,
2936 1265 3071 1350 πρό-

465 1386 524 1432 10
563 1388 762 1430 σωπον
808 1367 847 1450 ἢ
895 1368 1026 1452 χεὶρ
1071 1367 1368 1452 γινομένη,
1413 1367 1838 1452 προσκρίνεται,
1885 1364 2005 1432 ἀλλ’
2056 1369 2139 1436 εἰς
2184 1369 2375 1452 σάρκα
2417 1370 2513 1432 καὶ
2559 1370 2764 1433 ὀστοῦν
2810 1371 2906 1433 καὶ
2949 1373 3065 1430 τῶν

563 1468 758 1532 ἄλλων
806 1473 922 1531 τῶν
967 1471 1334 1554 ὁμοιομερῶν
1380 1470 1624 1535 ἕκαστον
1671 1472 2115 1554 μεταβάλλουσά
2156 1495 2221 1533 τε
2263 1471 2358 1534 καὶ
2426 1472 2885 1555 προσκρινομένη
2944 1470 3069 1532 τού·

559 1594 678 1640 τοις
721 1577 827 1656 τῆς
871 1575 974 1634 τοῦ
1019 1573 1232 1640 παντὸς
1297 1572 1598 1656 αὐξήσεως
1667 1574 1941 1656 σώματος
2005 1573 2158 1636 αἰτία
2225 1574 2459 1656 γίνεται.
2548 1575 2600 1636 εἰ
2644 1575 2833 1636 τοίνυν
2878 1575 2915 1656 ἡ
2964 1573 3066 1654 μὲν

561 1671 800 1757 αὔξησις
843 1678 945 1736 τοῦ
990 1672 1380 1757 αὐξανομένου
1425 1674 1767 1757 σωζομένου
1813 1697 1877 1737 τε
1922 1676 2018 1738 καὶ
2064 1674 2353 1757 μένοντος,
2412 1673 2641 1744 αὔξεται
2685 1677 2751 1738 δὲ
2796 1677 2867 1739 τὰ
2913 1677 3067 1758 ὁμοι-
3095 1691 3151 1732 ao

560 1781 778 1861 ομερῆ,
847 1778 1024 1859 δῆλον
1071 1776 1158 1839 ὅτι
1201 1781 1382 1840 ταῦτα
1428 1775 1730 1848 σώζεσθαί
1769 1800 1828 1840 τε
1872 1779 1969 1840 καὶ
2016 1777 2204 1859 μένειν
2250 1779 2356 1841 δεῖ.
2410 1776 2416 1863 Ι
2465 1777 2788 1842 ἀκόλουθον
2832 1779 3017 1841 τοίνυν
3063 1786 3169 1842 620

459 1898 520 1946 15
557 1880 781 1947 τούτοις
826 1879 985 1954 ἰδεῖν,
1053 1885 1181 1948 πῶς
1224 1903 1308 1948 τις
1351 1878 1536 1961 λέγων
1583 1878 1889 1960 ὑπομένειν
1932 1883 2112 1944 ταῦτα
2158 1879 2492 1964 ἀληθεύσει.
2584 1882 2737 1945 καθὸ
2781 1880 2890 1964 γὰρ
2936 1881 3071 1943 ὑπο·

563 1981 749 2064 μένειν
795 1980 918 2044 οἶόν
963 2005 1028 2045 τε
1069 1985 1271 2056 ταῦτα,
1337 1981 1486 2044 κατὰ
1530 1978 1684 2043 τοῦτ’
1742 1980 1935 2044 αὐτῶν
1980 1983 2077 2045 καὶ
2120 1985 2226 2066 τὴν
2271 1981 2509 2067 αὔξησιν
2565 1984 2874 2064 ἀναγκαῖον
2920 1982 3067 2044 εἶναι

556 2083 760 2167 λέγειν.
857 2087 972 2146 πᾶν
1017 2084 1092 2166 δὴ
1136 2085 1202 2146 τὸ
1249 2083 1308 2153 ἐξ
1355 2084 1497 2167 ῦλης
1541 2106 1604 2146 τε
1649 2083 1744 2146 καὶ
1789 2081 1985 2152 εἴδους
2028 2085 2399 2168 συγκείμενον
2445 2084 2581 2149 καθ’
2623 2086 2897 2168 ἑκάτερον
2950 2090 3065 2146 τῶν

561 2184 621 2255 ἐξ
665 2186 748 2248 ὧν
803 2184 956 2248 ἐστιν
1016 2181 1163 2248 εἶναι
1207 2185 1466 2268 λέγεται·
1536 2185 1634 2249 καὶ
1701 2185 1812 2268 γὰρ
1857 2185 2004 2248 κατὰ
2069 2187 2174 2270 τὴν
2244 2186 2385 2270 ὕλην
2452 2188 2549 2250 καὶ
2595 2187 2743 2250 κατὰ
2785 2188 2849 2248 τὸ
2895 2185 3067 2255 εἶδος.
3123 2201 3151 2242 5

560 2288 628 2352 ἐκ
671 2289 890 2352 τούτων
935 2289 1001 2351 δὲ
1045 2290 1140 2352 καὶ
1187 2289 1259 2352 τὰ
1303 2291 1652 2373 ὁμοιομερῆ,
1719 2287 1859 2352 καθ’
1916 2289 1955 2351 ἃ
1997 2288 2240 2371 λέγομεν
2300 2292 2403 2373 τὴν
2450 2295 2566 2352 τῶν
2614 2286 2787 2374 ζῴων
2832 2287 3068 2371 αὔξησιν

454 2411 522 2457 20
558 2391 836 2473 γίνεσθαι.
927 2392 1016 2454 διὸ
1063 2391 1158 2454 καὶ
1205 2389 1364 2454 ταῦτ’
1421 2389 1549 2475 ἔχει
1593 2391 1660 2453 τὸ
1704 2390 1909 2455 διττόν.
1987 2392 2081 2454 καὶ
2128 2391 2356 2473 λέγεται
2401 2392 2644 2456 ἕκαστον
2689 2391 2883 2455 αὐτῶν
2930 2391 3071 2454 ποτὲ

559 2495 662 2577 μὲν
706 2493 856 2557 κατὰ
899 2495 1006 2577 τὴν
1052 2493 1215 2577 ὕλην,
1283 2493 1426 2558 ποτὲ
1469 2496 1535 2557 δὲ
1579 2491 1728 2556 κατὰ
1770 2495 1836 2554 τὸ
1884 2492 2077 2576 εἶδος..
2144 2492 2279 2556 ὅταν
2350 2496 2453 2578 μὲν
2498 2494 2610 2579 γὰρ
2655 2494 2917 2577 λέγωμεν
2962 2493 3067 2576 τὴν

562 2597 752 2680 σάρκα
797 2596 916 2680 ῥεῖν
962 2597 1060 2660 καὶ
1103 2595 1251 2659 εἶναι
1295 2595 1355 2658 ἐν
1424 2599 1665 2679 συνεχεῖ
1725 2595 2027 2678 ἀποκρίσει
2094 2619 2157 2658 τε
2202 2597 2299 2661 καὶ
2346 2599 2701 2682 προσκρίσει,
2770 2595 2919 2660 κατὰ
2961 2597 3065 2679 τὴν
3096 2609 3149 2651 1⁰

563 2699 706 2782 ὕλην
751 2700 857 2781 τὴν
907 2700 1094 2782 σάρκα
1139 2701 1318 2762 ταῦτα
1363 2697 1611 2781 πάσχειν
1657 2695 1921 2779 λέγομεν,
1990 2696 2127 2761 ὅταν
2194 2699 2244 2761 δ’
2300 2699 2374 2763 αὖ
2442 2701 2611 2762 πάλιν
2653 2699 2915 2781 λέγωμεν
2961 2700 3065 2780 τὴν

555 2803 740 2884 σάρκα
807 2802 913 2883 τὴν
958 2800 1140 2884 αὐτὴν
1187 2800 1396 2884 μένειν,
1464 2801 1582 2863 ἀπὸ
1625 2803 1729 2862 τοῦ
1773 2797 1963 2867 εἴδους
2028 2801 2126 2863 καὶ
2168 2803 2275 2884 τὴν
2332 2802 2479 2865 κατὰ
2544 2803 2611 2864 τὸ
2666 2801 2818 2870 εἶδος
2874 2801 3063 2882 σάρκα

452 2923 520 2970 25
557 2902 831 2988 λαβόντες
897 2907 1077 2966 ταῦτα
1121 2901 1272 2987 αὐτῇ
1323 2905 1740 2986 μαρτυροῦμεν.
1832 2901 2018 2964 πάντα
2062 2902 2168 2985 γὰρ
2215 2903 2287 2965 τὰ
2332 2905 2391 2967 ἐν
2439 2905 2550 2986 ὕλῃ
2596 2907 2662 2967 τὸ
2708 2903 2853 2967 εἶναι
2899 2901 3063 2986 ἔχον-

552 3028 628 3068 τα
695 3005 843 3069 κατὰ
912 3007 1016 3089 μὲν
1061 3007 1166 3088 τὴν
1235 3006 1376 3088 ῦλην
1421 3003 1632 3068 ἄλλοτε
1675 3002 1828 3066 ἄλλα
1870 3004 2101 3084 γίνεται,
2169 3006 2264 3069 διὰ
2329 3006 2395 3068 τὸ
2464 3008 2544 3089 μὴ
2616 3006 2802 3088 με’νειν
2848 3005 3059 3086 ταύτην
3092 3017 3145 3058 15

551 3107 698 3170 κατὰ
742 3109 838 3170 τὸν
886 3108 1135 3191 ἀριθμὸν
1183 3107 1336 3189 μίαν,
1383 3111 1645 3191 συνεχῶς
1691 3105 1840 3169 κατὰ
1906 3106 1978 3168 τὰ
2047 3105 2223 3188 μόρια
2288 3109 2771 3192 μεταβάλλουσάν
2842 3129 2903 3170 τε
2967 3107 3065 3169 καὶ

550 3210 852 3294 γινομένην
896 3210 1106 3274 ἄλλοτε
1151 3209 1354 3294 ἄλλην,
1399 3209 1548 3272 κατὰ
1590 3211 1656 3272 δὲ
1699 3210 1766 3272 τὸ
1811 3207 1965 3277 εἶδος
2009 3207 2069 3271 ἐν
2114 3209 2276 3294 αὐτῷ
2318 3201 2461 3290 ,κατ’
2518 3210 2769 3293 ἀριθμὸν
2816 3209 3061 3272 ἕκαστον

559 3313 738 3395 μένει.
828 3312 976 3376 κατὰ
1019 3312 1128 3396 γὰρ
1173 3313 1240 3374 τὸ
1285 3310 1440 3380 εἶδος
1507 3314 1544 3395 ἡ
1593 3311 1732 3395 σὰρξ
1798 3313 1838 3394 ἡ
1884 3311 2033 3396 αὐτὴ
2097 3310 2224 3375 κατ’
2280 3313 2530 3396 ἀριθμὸν
2578 3311 2751 3394 μένει.
2845 3309 2951 3374 κᾶν
2998 3311 3063 3373 τὸ

448 3434 518 3482 3ο
558 3416 662 3498 μὲν
709 3414 972 3498 ἀπορρέῃ
1019 3419 1124 3498 -ι-ῆς
1171 3414 1650 3499 ὑποβεβλημένης
1695 3413 1837 3497 ὕλης
1881 3413 2055 3498 αὐτῇ,
2104 3415 2168 3476 τὸ
2215 3415 2280 3477 δὲ
2324 3415 2590 3499 ἐπιρρέῃ,
2635 3415 2681 3496 1·
2728 3413 2849 3478 ἔστι
2894 3413 3063 3497 μένον
3092 3430 3147 3471 ευ

559 3517 740 3601 αὐτῆς
784 3517 845 3580 ἐν
889 3516 1078 3600 αὐτῷ,
1143 3517 1436 3601 φυλάσσει
1501 3518 1566 3579 τὸ
1611 3521 1718 3601 τῆς
1761 3519 1976 3600 σαρκὸς
2020 3515 2193 3588 εἶδος,
2262 3521 2339 3600 τῇ
2398 3517 2547 3581 κατὰ
2591 3519 2844 3580 διάδοσιν
2914 3521 3069 3600 μονῇ

557 3623 783 3684 κωλῦον
828 3617 1006 3682 αὐτοῦ
1053 3620 1158 3702 τὴν
1203 3622 1456 3703 παντελῆ
1503 3619 1748 3704 φθοράν.
1838 3619 1909 3705 οὐ
1953 3618 2062 3702 γὰρ
2106 3620 2173 3681 τὸ
2218 3618 2362 3682 εἶναι
2406 3623 2481 3702 τῇ
2531 3621 2699 3704 σαρκὶ
2743 3621 2803 3683 ἐν
2848 3624 2933 3704 τῷ
2977 3617 3067 3680 τό·

557 3724 716 3807 σῷδε
765 3721 1018 3806 μεγέθει,
1063 3719 1096 3783 ὃ
1142 3719 1212 3783 οὐ
1256 3720 1432 3784 ταύτὸ
1479 3721 1638 3804 μένει
1683 3720 1778 3784 διὰ
1808 3721 1913 3804 τὴν
1960 3725 2063 3804 τῆς
2108 3720 2251 3805 ῦλης
2282 3721 2461 3804 ῥύσιν,
2508 3721 2629 3785 ἀλλ’
2684 3722 2745 3784 ἐν
2789 3727 2874 3806 τῷ
2922 3721 3065 3785 εἴδει

556 3828 642 3908 τῷ
689 3825 922 3907 τοιῷδε,
969 3822 1002 3886 ὃ
1047 3821 1255 3886 ταύτὸν
1305 3823 1482 3906 μένει,
1527 3819 1648 3887 ἔστ’
1705 3820 1776 3885 ἄν
1821 3822 2087 3906 σώζηταί
2126 3846 2182 3886 τι
2210 3828 2315 3907 τῆς
2345 3823 2576 3909 σαρκός.
2651 3825 2836 3894 οὕτως
2878 3825 3064 3887 τοίνυν
3092 3840 3147 3882 85

447 4073 480 4124 2
517 4070 790 4141 ὁμοιομερῆ
831 4071 906 4122 Αι
1141 4069 1188 4121 2.
1226 4069 1260 4121 3
1312 4070 1376 4121 τὰ
1411 4067 1645 4120 δὲ-καὶ
1679 4067 1770 4120 ἀνο
1805 4068 1923 4122 add.
1964 4067 2037 4121 Α2
2073 4069 2129 4121 in
2167 4085 2270 4138 mg.
2518 4072 2551 4122 4
2589 4071 2666 4140 τε]
2705 4089 2778 4128 τις
2813 4076 2894 4124 Ra

448 4164 544 4229 μῦς
579 4177 636 4212 a:
685 4175 748 4212 ex
801 4171 929 4210 corr.
967 4159 1092 4210 Ana
1147 4172 1248 4209 om.
1284 4157 1442 4209 BPS:
1500 4170 1602 4208 om.
1648 4171 1764 4208 cum
1812 4156 2007 4210 indicio
2060 4157 2277 4210 lacunae
2314 4159 2357 4210 C
2570 4158 2603 4210 5
2640 4174 2717 4225 pr.
2743 4161 2830 4210 καὶ
2865 4174 2963 4211 om.
3002 4163 3081 4212 Ra

447 4247 480 4299 6
525 4246 860 4315 ἀνομοιομερῆ
912 4243 1101 4298 Ama:
1158 4243 1434 4314 ὁμοιομερῆ
1485 4244 1608 4295 A'B
1661 4245 1800 4309 (post
1849 4241 1877 4294 ὁ
1923 4245 2153 4311 spatium
2210 4244 2240 4296 2
2277 4244 2399 4308 litt.)
2449 4245 2577 4298 OPS
2790 4247 2838 4297 6.
2864 4245 2893 4296 ’7
2935 4246 2996 4297 ἐκ
3023 4263 3172 4315 προσ-

448 4334 608 4387 ώπων
655 4334 866 4402 scripsi:
931 4332 1002 4390 εἰς
1050 4329 1316 4404 πρόσωπον
1366 4330 1512 4383 libri:
1570 4330 1674 4382 ἐστι
1719 4329 1989 4399 πρόσωπον
2034 4332 2143 4383 sive
2194 4331 2253 4384 ἐκ
2306 4331 2579 4401 προσώπου
2631 4332 2787 4399 Apelt
3004 4334 3068 4384 10
3106 4334 3173 4391 εἰς

448 4422 531 4474 καὶ
583 4435 626 4471 σ.
676 4438 727 4471 κ.
771 4423 850 4472 Ra
1033 4419 1095 4470 14
1134 4417 1208 4470 δεῖ
1247 4417 1413 4470 Diels:
1451 4415 1526 4468 διὸ
1563 4415 1682 4469 libri
1904 4418 1961 4470 17
2003 4416 2055 4470 δὲ
2092 4436 2125 4469 a
2328 4418 2395 4470 23
2437 4417 2661 4488 λέγωμεν
2701 4437 2733 4470 a
2944 4420 3009 4470 24
3050 4419 3169 4488 ἀπὸ]

448 4507 572 4560 αὐτὸ
611 4511 688 4560 Ra
846 4505 906 4558 τὸ
954 4504 1104 4573 εἶδος]
1154 4509 1244 4558 τοῦ
1293 4503 1453 4561 εἴδους
1498 4507 1578 4556 Ra
1813 4503 1881 4557 25
1936 4509 2289 4577 μαρτηροῦμεν
2336 4509 2415 4558 Ra
2660 4505 2725 4556 29
2782 4507 2915 4558 κατὰ
2960 4505 3047 4558 τὸν
3094 4508 3171 4574 ἀρ.

447 4594 612 4647 Idolor
755 4592 824 4646 30
881 4591 984 4644 ἔστι
1020 4590 1192 4660 μένον]
1231 4589 1304 4643 ἔτι
1342 4607 1490 4658 μενον
1529 4589 1715 4643 Ideler:
1771 4591 1821 4644 el
1850 4610 1898 4643 τι
1934 4593 2073 4661 μένοι
2119 4593 2298 4662 Apelt:
2357 4591 2577 4646 fortasse
2623 4588 2753 4645 ἔστ’
2795 4589 2866 4644 ἄν
2916 4611 2974 4646 τι
3018 4595 3171 4666 μένῃ

447 4681 514 4735 ef.
561 4697 606 4732 v.
643 4680 711 4732 34
925 4679 993 4732 32
1046 4678 1204 4732 αὐτοῦ
1253 4679 1432 4747 Apeltz
1490 4677 1614 4733 αὐτὸ
1660 4678 1782 4732 libri
2081 4679 2166 4733 32.
2215 4679 2283 4733 33
2339 4679 2389 4731 ἐν
2432 4683 2510 4748 τῷ
2555 4679 2747 4750 τοσῷδε
2796 4681 2978 4748 Apelt:
3034 4683 3175 4741 ἐντὸς

447 4770 581 4838 τόσῳ
631 4767 684 4821 δὲ
727 4768 850 4822 libri
1061 4767 1128 4822 33
1177 4765 1365 4839 μεγέθη
1404 4770 1484 4822 Ra
1725 4767 1752 4822 δ
1801 4766 1862 4820 οὐ
1901 4768 2081 4835 Apelt:
2139 4767 2199 4820 οὐ
2248 4769 2366 4822 libri
2608 4767 2714 4839 εἴδη
2764 4787 2797 4822 a
3026 4770 3095 4822 34
3144 4769 3171 4826 ὃ

449 4855 632 4924 Apelt:
672 4855 730 4908 οὐ
767 4854 890 4909 libri
