3684 5567
542 232 670 297 238
1434 231 1893 290 ΑΛΕΞΑΝΔΡΟΥ
1930 233 2381 292 ΑΦΡΟΔΙΣΙΕΩΣ

649 403 802 467 ἀλλὰ
846 405 993 469 ἄλλο
1035 429 1088 469 τι
1130 405 1364 488 γίνεται,
1431 407 1529 471 καὶ
1573 407 1715 470 ποτὲ
1761 407 1866 490 μὲν
1910 408 2107 484 πλέον,
2176 409 2317 472 ποτὲ
2384 409 2450 472 δὲ
2508 407 2767 486 ἔλαττον,
2834 411 2901 474 τὸ
2946 409 2999 474 δ’
3056 410 3152 473 ἐπὶ

650 511 740 592 τῷ
789 508 954 572 ὕδατι
998 511 1210 595 σχῆμά
1252 510 1374 574 ἐστι
1417 511 1483 572 τὸ
1531 509 1701 592 μένον
1746 512 1844 573 καὶ
1888 511 1994 594 τὴν
2038 509 2295 574 ἐπίδοσίν
2338 535 2402 574 τε
2432 512 2529 575 καὶ
2558 511 2665 596 τὴν
2697 514 2981 596 συστολὴν
3013 515 3157 596 λαμ-

649 610 844 692 βάνον,
913 611 1098 682 οὕτως
1143 612 1508 696 ὑποληπτέον
1567 613 1829 694 γίνεσθαι
1876 613 1973 676 καὶ
2018 611 2115 676 ἐπὶ
2160 617 2277 676 τῶν
2330 612 2733 695 αὐξανομένων
2788 614 2984 699 φύσει·
3053 615 3159 697 τὴν
3188 631 3241 673 ιο

646 713 750 792 μὲν
798 713 960 797 ὕλην,
1027 711 1122 797 ἐφ’
1179 713 1251 797 ἧς
1294 715 1361 777 τὸ
1416 713 1730 797 αὐξόμενον
1797 714 1973 789 εἶδος,
2040 715 2250 778 ἄλλοτε
2315 715 2498 800 ἄλλην
2566 715 2715 779 εἶναι
2768 717 2857 779 δεῖ
2910 717 3005 780 διὰ
3058 717 3160 785 τὰς

578 833 608 881 5
650 820 918 900 συνεχεῖς
964 817 1315 900 ἀποκρίσεις,
1359 817 1425 880 τὸ
1473 817 1538 880 δὲ
1581 816 1734 886 εἶδος
1778 819 1845 881 τὸ
1894 818 1997 901 μὲν
2043 817 2139 880 ἐπὶ
2183 822 2262 902 τῇ
2310 819 2423 903 ὅλῃ
2468 823 2543 904 τῇ
2592 819 2811 904 ῥεούσῃ
2858 817 3157 900 ἀναλόγως

648 922 732 1001 τῷ
781 922 1046 1002 σωλῆνος
1090 919 1354 1003 σχήματι
1400 921 1709 1001 μειοῦσθαι
1757 919 1881 1002 μέν,
1947 919 2083 983 ὅταν
2150 919 2407 984 ἐλάττων
2453 924 2492 1006 ἡ
2540 921 2649 1005 ῧλη
2694 921 2951 1006 γένηται,
2995 919 3155 990 αὔξε-

649 1019 789 1083 σθαι
834 1021 920 1094 δέ,
987 1021 1250 1090 πλείονος
1293 1026 1399 1106 τῆς
1443 1021 1590 1085 κατὰ
1635 1023 1739 1105 τὴν
1807 1022 1950 1107 ὅλην
2007 1023 2402 1107 προσκρίσεως
2468 1023 2791 1108 γινομένης,
2860 1022 3009 1108 μετὰ
3052 1028 3157 1107 τῆς
3181 1041 3239 1082 ω

645 1125 748 1184 τοῦ
814 1123 1030 1187 οἰκείου
1098 1123 1406 1208 σχήματος
1472 1123 1780 1208 σωτηρίας.
1871 1125 1937 1186 τὸ
1990 1125 2101 1208 γὰρ
2155 1125 2251 1189 ἐπὶ
2303 1127 2521 1190 πλείονι
2584 1126 2697 1210 ὕλῃ
2749 1125 2957 1190 ταύτὸν
3001 1124 3157 1194 εἶδος

648 1227 846 1307 μεῖζον
893 1230 994 1288 τοῦ
1041 1224 1134 1288 ἐπ’
1192 1226 1473 1302 ἐλάττονι,
1521 1229 1602 1295 ὡς
1645 1228 1741 1291 καὶ
1785 1227 1853 1290 τὸ
1900 1233 2109 1312 σχῆμα
2154 1231 2255 1290 τοῦ
2287 1231 2571 1313 σωλῆνος,
2616 1232 2721 1292 τοῦ
2752 1227 2824 1291 δι’
2867 1227 3153 1312 ὑγρότητα

546 1345 610 1392 10
646 1329 1222 1411 συμμεταπίπτοντος
1285 1334 1371 1412 τῷ
1441 1328 1513 1392 δι’
1568 1328 1750 1392 αὐτοῦ
1796 1329 1999 1412 ῥέοντι.
2089 1329 2129 1412 ἡ
2176 1330 2241 1393 δὲ
2300 1331 2636 1414 πρόσκρισις
2689 1330 2729 1413 ἡ
2790 1335 2897 1414 τῆς
2938 1336 3159 1414 τροφῆς

652 1434 771 1498 τοῖς
815 1431 1190 1515 τρεφομένοις
1232 1432 1442 1513 γίνεται
1489 1433 1594 1514 μὲν
1639 1431 1788 1495 κατὰ
1835 1434 2163 1515 μεταβολὴν
2194 1431 2643 1516 ἐξομοιουμένης
2672 1431 2855 1516 αὐτῆς
2899 1437 2987 1518 τῷ
3034 1456 3154 1516 τρε-

645 1532 909 1617 φομένῳ,
976 1531 1044 1596 οὐ
1110 1532 1392 1617 γενομένη
1459 1535 1526 1596 δὲ
1571 1539 1801 1617 πρῶτον
1870 1536 1909 1618 ἡ
1956 1533 2104 1619 αὐτὴ
2170 1539 2256 1618 τῷ
2323 1533 2687 1618 τρεφομένῳ,
2756 1532 2935 1598 ἔπειτ’
2992 1534 3155 1620 αὐτῷ
3182 1551 3239 1595 25

646 1636 1068 1720 προσκρίνεται.
1158 1636 1377 1719 γένεσις
1419 1635 1529 1719 γὰρ
1573 1641 1745 1699 τοῦτο
1793 1635 2025 1721 σαρκός,
2072 1633 2193 1700 ἀλλ’
2250 1634 2319 1698 οὐ
2363 1636 2573 1719 τροφή.
2662 1635 2783 1698 ἀλλ’
2840 1638 2879 1719 ἡ
2924 1635 3153 1722 ἐσχάτη

645 1737 853 1822 τροφή,
920 1737 1067 1823 ὅπερ
1109 1739 1264 1802 ἐστὶν
1311 1739 1406 1802 ἐπὶ
1451 1743 1568 1801 τῶν
1613 1738 1865 1824 ἐναίμων
1908 1740 1975 1802 τὸ
2019 1738 2189 1822 αἷμα,
2257 1737 2354 1801 ἐπὶ
2398 1739 2464 1802 δὲ
2508 1744 2624 1801 τῶν
2668 1737 2863 1802 ἄλλων
2908 1740 2975 1802 τὸ
3020 1739 3154 1802 α’νά-

541 1861 602 1909 15
639 1843 832 1923 λογον,
879 1840 1110 1926 ἑκάστῳ
1156 1845 1244 1926 τῷ
1295 1841 1637 1926 τρεφομένῳ
1681 1843 1778 1904 διὰ
1823 1846 1939 1904 τῶν
1986 1842 2233 1924 ἀγγείων
2280 1841 2579 1925 φερομένη
2624 1845 2742 1904 τῶν
2768 1841 3149 1926 καθηκόντων
3174 1858 3239 1900 ιο

642 1940 734 2006 ἐπ’
791 1941 942 2007 αὐτὰ
987 1945 1083 2006 καὶ
1128 1943 1475 2028 ἐπιρρέουσα
1541 1945 1654 2006 ὑπὸ
1699 1948 1805 2027 τῆς
1850 1943 1910 2006 ἐν
1956 1944 2189 2028 ἑκάστῳ
2236 1945 2557 2026 δυνάμεως,
2627 1945 3054 2029 μεταβάλλεταί
3092 1968 3155 2008 τε

642 2047 739 2110 καὶ
785 2045 1148 2130 ἐξομοιοῦται
1213 2049 1300 2130 τῷ
1346 2047 1708 2131 τρεφομένῳ.
1798 2047 1894 2110 καὶ
1940 2048 2034 2109 δεῖ
2073 2047 2139 2109 τὸ
2206 2047 2504 2130 γινόμενον
2572 2045 2897 2131 ἐπινοῆσαι,
2965 2051 3048 2116 ὡς
3100 2045 3153 2109 εἰ

641 2147 782 2233 οἴνῳ
849 2147 1241 2234 ἐπιχεομένου
1313 2150 1519 2218 ὕδατος
1565 2148 1572 2234 1
1623 2151 1662 2232 ἡ
1707 2149 1768 2211 ἐν
1813 2153 1899 2232 τῷ
1970 2149 2111 2233 οἴνῳ
2156 2148 2395 2232 δύναμις
2450 2149 2542 2211 ἀεὶ
2584 2149 2651 2212 τὸ
2696 2148 2981 2230 ἐμπῖπτον
3025 2149 3108 2219 εἰς
3153 2155 3262 2210 624

639 2250 816 2315 αὐτὸν
861 2251 1019 2336 ὕδωρ
1087 2250 1239 2314 οἶνον
1286 2257 1553 2328 ποιοῦσα,
1623 2255 1802 2326 σώζει
1848 2275 1913 2315 τε
1958 2252 2052 2315 καὶ
2108 2249 2268 2320 αὔξει
2331 2252 2429 2314 τὸν
2484 2249 2657 2314 οἶνον.
2745 2249 2892 2334 ὅπερ
2950 2251 3151 2334 ὁρᾶται

535 2375 602 2422 20
641 2355 738 2418 καὶ
783 2354 849 2417 τὸ
895 2359 1009 2438 πῦρ
1055 2357 1278 2429 ποιοῦν,
1346 2355 1578 2417 ἐπειδὰν
1621 2354 1786 2440 αὐτῷ
1833 2355 2131 2436 γειτνιάσῃ
2198 2376 2251 2415 τι
2304 2359 2421 2417 τῶν
2474 2357 2765 2417 καυστῶν.
2856 2353 3043 2422 οὕτως
3086 2353 3151 2416 δὲ

637 2457 944 2540 γινομένης
988 2461 1093 2540 τῆς
1135 2455 1440 2539 αὐξήσεως
1507 2457 1668 2540 οἶμαι
1711 2458 1963 2542 φανερὸν
2030 2455 2175 2519 εἶναι
2242 2458 2309 2519 τὸ
2376 2457 2527 2540 μηδὲ
2570 2457 2677 2540 τὴν
2744 2455 2982 2540 αὔξησιν
3028 2478 3152 2520 συν·
3206 2475 3237 2516 5

637 2562 820 2623 τελεῖν
866 2563 984 2629 τοῖς
1030 2563 1205 2642 σῶμα
1251 2560 1343 2622 διὰ
1389 2562 1660 2642 σώματος
1706 2564 1924 2646 χωρεῖν
1970 2559 2231 2642 λέγουσιν
2300 2558 2444 2642 πρὸς
2486 2559 2591 2644 τὴν
2637 2560 3004 2643 κατασκευὴν
3048 2565 3152 2624 τοῦ

635 2661 965 2746 παραδόξου
1012 2685 1076 2725 τε
1123 2663 1216 2726 καὶ
1264 2663 1610 2745 θαυμαστοῦ
1655 2661 1963 2747 δόγματος.

535 2919 559 2970 1
600 2917 819 2970 fortasse
856 2915 971 2968 ἀλλ’
1006 2917 1126 2981 (ἀεὶ)
1301 2918 1471 2972 πλεῖον
1510 2937 1543 2972 ε
1720 2919 1754 2972 3
1791 2917 1958 2976 οὕτως
1996 2934 2095 2971 om.
2135 2919 2211 2970 Αι
2385 2917 2417 2968 4
2455 2917 2677 2971 fortasse
2712 2917 2839 2971 δεῖν
3036 2919 3101 2971 10
3136 2935 3263 2989 συμ-

531 3003 952 3074 μεταπίπτοντος]
998 3003 1258 3076 σὺμμετρα
1303 3005 1572 3064 πίπτοντος
1617 3009 1697 3059 Ra
1898 3007 1961 3058 12
2017 3005 2289 3075 γενομένην
2334 3022 2365 3056 ιι
2582 3005 2645 3057 13
2688 3005 2721 3074 ἡ
2760 3004 2947 3058 Ideler:
2995 3004 3029 3075 ἡ
3068 3007 3189 3059 libri

534 3092 600 3144 14
645 3093 864 3160 ἐναίμων
914 3108 1013 3145 om.
1063 3107 1178 3144 cum
1227 3091 1426 3145 indicio
1477 3094 1695 3147 lacunae
1731 3097 1911 3149 BCPS
2095 3092 2158 3146 15
2213 3091 2461 3162 φερόμενα
2500 3095 2579 3146 Ra
2796 3091 2859 3144 18
2906 3093 3025 3162 οἴνῳ
3064 3095 3261 3164 ἐπιχεο-

528 3179 680 3248 μένου
701 3179 881 3247 Apelt:
921 3179 1072 3244 οἶνον,
1110 3178 1154 3231 ὧ
1180 3179 1381 3252 ἐπιχέον
1409 3177 1466 3230 οὗ
1493 3180 1636 3233 libri:
1675 3182 1807 3234 οἶνον
1833 3177 1876 3250 ᾦ
1904 3179 2202 3252 ἐπιχεαμένη
2225 3179 2390 3231 ldeler
2572 3179 2635 3232 19
2682 3178 2807 3232 αὐτὸ
2854 3184 2934 3234 Ra
3112 3182 3263 3242 σώζει

529 3283 586 3317 τε
621 3266 807 3334 Apelt:
849 3266 1063 3327 σώζεται
1099 3267 1220 3320 libri
1399 3267 1460 3319 21
1505 3265 1655 3336 μηδὲ]
1694 3268 1766 3336 μὴ
1805 3267 1973 3320 Ideler
2149 3265 2215 3318 22
2255 3268 2468 3336 σώματα
2506 3269 2584 3320 Ra
2761 3266 2829 3320 23
2864 3284 2919 3320 τε
2958 3283 3057 3320 om.
3096 3271 3176 3322 R·
