3684 5567
1398 256 1685 315 BIBAlON
1726 257 2002 315 ΠΡΩΤΟΝ
2044 261 2251 314 *zo-2⁶2
3105 262 3187 327 35

568 425 687 491 ἔστι
729 430 795 491 τὸ
841 431 1174 515 κινούμενον
1219 434 1507 515 κινήσεως
1548 434 1839 516 παρουσίᾳ
1872 434 2222 513 κινούμενον,
2271 435 2308 516 ἡ
2357 433 2580 518 κίνησις
2627 434 2696 497 ἂν
2726 435 2918 503 πάθος
2963 432 3075 515 εἴη.
3135 448 3164 491 5

571 534 635 596 τὸ
680 535 745 599 δὲ
790 536 977 604 πάθος
1022 532 1289 617 ποιότης·
1336 535 1521 618 τρίτον
1564 535 1675 619 γὰρ
1718 534 1873 603 εἶδος
1918 534 2225 617 ποιότητος
2267 534 2586 618 παθητικαὶ
2631 536 2934 620 ποιότητες
2981 538 3078 598 καὶ

567 636 751 720 πάθη.
838 639 878 721 ἠ
928 637 1031 719 μὲν
1076 634 1177 699 οὖν
1222 637 1437 718 ἀτελὴς
1480 635 1738 721 ἐνέργεια
1781 637 1973 705 πάθος
2017 635 2165 700 οὖσα
2218 634 2310 720 εἴη
2357 636 2426 699 ἂν
2473 637 2739 723 ποιότης,
2795 640 2834 721 ἡ
2883 638 2947 701 δὲ
2992 637 3077 699 τέ·

564 740 715 807 λειος
760 739 1017 823 ἐνέργεια
1060 738 1117 801 τί
1169 736 1237 800 ἄν
1290 736 1383 821 εἴη
1440 738 1537 801 καὶ
1592 738 1704 801 ὑπὸ
1750 740 2096 823 κατηγορίαν
2151 740 2301 818 τίνας
2364 738 2402 821 ἢ
2449 741 2501 801 εἰ
2547 741 2584 823 ἡ
2631 740 2868 823 τοιαύτη
2925 739 3077 823 ἐνέρ-
3107 757 3164 799 ιο

500 858 531 907 5
568 842 698 922 γειά
740 864 801 903 τε
844 842 941 904 καὶ
984 839 1321 925 ἐντελέχεια
1364 839 1537 915 εἶδος,
1580 844 1696 903 τῶν
1739 842 1803 903 δὲ
1834 842 2004 904 εἰδῶν
2049 840 2122 903 τὰ
2168 841 2272 923 μὲν
2317 844 2552 925 φυσικά,
2597 842 2668 904 τὰ
2714 843 2778 905 δὲ
2821 844 3078 925 τεχνικοί,

562 944 657 1005 καὶ
704 940 825 1006 ἔστι
868 942 943 1005 τὰ
988 944 1093 1026 μὲν
1140 942 1357 1026 φυσικὰ
1401 940 1531 1025 εἴδη
1578 942 1796 1016 οὐσίαι,
1842 943 1915 1005 τὰ
1959 942 2024 1005 δὲ
2069 942 2306 1027 τεχνικὰ
2352 942 2674 1026 ποιότητες,
2718 943 2813 1025 εἴη
2860 943 2929 1007 ἂν
2975 944 3072 1007 καὶ

564 1050 681 1108 τῶν
726 1046 1028 1129 ἐνεργειῶν
1072 1044 1221 1127 αὕτη
1268 1045 1532 1127 διαφορά.
1626 1042 1747 1107 ἔστι
1795 1046 1860 1107 δὲ
1907 1046 2000 1107 καὶ
2059 1050 2172 1107 τῶν
2218 1050 2477 1128 φυσικῶν
2531 1046 2704 1109 εἰδῶν
2751 1046 3074 1129 ποιότητες,
3105 1062 3160 1105 15

570 1146 607 1209 ἃ
654 1148 735 1230 μὴ
782 1149 865 1216 εἰς
907 1148 1013 1230 τὴν
1058 1146 1257 1211 οὐσίαν
1302 1150 1418 1207 τῶν
1464 1146 1861 1225 ὑποκειμένων
1910 1150 2189 1222 συντελεῖ,
2237 1146 2356 1208 ἀλλ’
2411 1148 2493 1215 εἰς
2537 1148 2603 1211 τὸ
2649 1150 2862 1231 τοιῷδε
2907 1148 3070 1211 εἶναι.

565 1250 621 1309 τί
662 1248 763 1312 οὖν
807 1251 929 1334 χρὴ
976 1248 1161 1332 λέγειν
1208 1250 1271 1310 τὸ
1318 1253 1447 1331 φῶς
1490 1247 1665 1321 εἶναι,
1722 1248 1850 1311 ἐπεὶ
1899 1251 1992 1310 καὶ
2039 1248 2180 1311 αὐτὸ
2238 1248 2572 1333 ἐντελέχεια
2617 1254 2718 1311 τοῦ
2765 1252 3079 1332 διαφανοῦς

462 1346 603 1435 ιοῆ
652 1352 953 1435 διαφανέςς
1020 1352 1057 1434 ἦ
1104 1352 1158 1415 εἰ
1205 1352 1285 1433 μὴ
1333 1350 1505 1434 φύσει
1550 1355 1651 1414 τοῦ
1698 1352 2013 1437 διαφανοῦς
2061 1350 2212 1417 εἶδος
2257 1351 2322 1413 τὸ
2369 1357 2518 1434 φῶς,
2587 1354 2736 1433 μηδὲ
2781 1352 2950 1415 οὐσία
2994 1376 3078 1421 τις
3105 1368 3162 1411 ²⁰

566 1455 775 1536 γίνεται
828 1454 1009 1517 αὐτοῦ
1063 1453 1163 1535 (οὐ
1214 1452 1323 1536 γὰρ
1380 1453 1607 1516 σύνεστι
1660 1458 1745 1537 τῷ
1806 1456 2076 1537 διαφανεῖ
2127 1451 2251 1514 οὐδ’
2317 1454 2376 1515 ἐν
2423 1458 2498 1535 τῇ
2549 1454 2717 1535 οὐσία
2771 1454 2925 1517 ἐστὶν
2981 1454 3077 1517 αὖ·

566 1560 696 1635 τοῦ,
751 1556 903 1619 ἀλλὰ
958 1556 1243 1639 παρουσίᾳ
1296 1556 1450 1623 τινὸς
1502 1556 1564 1617 ἐν
1609 1554 1771 1638 αὐτῷ
1824 1557 2038 1636 γίνεται
2094 1555 2191 1617 καὶ
2244 1555 2392 1617 κατὰ
2447 1555 2649 1639 σχέσιν
2706 1556 2886 1619 ἄλλου
2932 1557 3076 1639 πρὸς

566 1657 763 1737 ἄλλο),
819 1657 913 1741 εἴη
968 1658 1037 1721 ἂν
1092 1658 1284 1725 πάθος
1341 1680 1393 1719 τι
1448 1658 1546 1720 καὶ
1590 1657 1734 1719 αὐτὸ
1788 1656 2084 1738 γινόμενον
2143 1658 2292 1719 κατὰ
2347 1658 2550 1741 σχέσιν
2607 1658 2702 1719 καὶ
2757 1658 3074 1740 παρουσίαν

566 1762 715 1828 τινὸς
758 1760 819 1822 ἐν
864 1765 951 1845 τῷ
997 1762 1289 1842 διαφανεῖ,
1353 1760 1635 1841 ἀνάλογον
1688 1760 1751 1823 ὃν
1799 1762 2100 1843 χρώματι,
2158 1762 2238 1827 ὡς
2291 1760 2386 1823 καὶ
2424 1757 2834 1842 Ἀριστοτέλης
2887 1760 3074 1823 εἶπεν·
3105 1776 3158 1818 25

466 1883 531 1932 15
568 1862 687 1925 οἷον
731 1863 841 1946 γὰρ
884 1864 951 1924 τὸ
999 1866 1215 1947 χρῶμα
1260 1863 1325 1923 τὸ
1371 1866 1500 1945 φῶς
1542 1860 1699 1925 εἶπεν
1744 1865 1848 1923 τοῦ
1896 1864 2224 1944 διαφανοῦς.
2275 1862 2283 1943 Ι

564 2104 763 2169 XXII.
802 2168 806 2171 ,
860 2101 944 2167 Εἰ
987 2103 1061 2165 τὸ
1106 2102 1517 2185 κινούμενον
1562 2102 1679 2165 ἐπί
1728 2124 1916 2170 τινος
1961 2101 2137 2165 κατὰ
2183 2100 2520 2186 πρότερον
2569 2104 2804 2187 μόριον
2860 2102 3072 2167 αὐτοῦ
3113 2112 3181 2167 70

1462 2203 1800 2288 πρότερον
1849 2208 2166 2267 κινεῖται.

739 2374 813 2439 Εἰ
858 2377 923 2439 τὸ
953 2376 1289 2457 κινούμενον
1334 2374 1436 2437 ἐπί
1474 2398 1621 2443 τινος
1655 2374 1940 2456 μεγέθους
1983 2375 2130 2436 κατὰ
2162 2373 2438 2457 πρότερον
2487 2374 2684 2458 μόριον
2729 2376 2910 2439 αὐτοῦ
2944 2376 3077 2459 πρό-

566 2501 727 2561 τερον
773 2482 1010 2541 κινεῖται
1056 2477 1185 2559 (διὰ
1215 2481 1385 2540 τοῦτο
1428 2476 1537 2561 γὰρ
1584 2476 1645 2539 ἐν
1690 2475 1892 2561 χρόνῳ
1939 2479 2100 2540 πᾶσα
2139 2476 2380 2558 κίνησις,
2427 2475 2514 2538 ὅτι
2561 2478 2643 2560 μὴ
2676 2477 2798 2540 οἷόν
2843 2502 2908 2541 τε
2951 2480 3077 2559 ἅμα
3130 2496 3158 2538 ὅ

457 2598 527 2645 2ο
564 2579 629 2641 τὸ
675 2580 1009 2663 κινούμενον
1054 2580 1150 2643 ἐπὶ
1196 2580 1409 2647 παντὸς
1451 2583 1555 2641 τοῦ
1602 2578 1986 2660 ὑποκειμένου
2033 2576 2269 2660 ἀθρόως
2307 2579 2635 2662 κινηθῆναι,
2681 2579 2833 2642 ἀλλὰ
2880 2582 2973 2644 δεῖ
3012 2584 3078 2645 τὸ

564 2682 668 2765 μέν
714 2706 767 2745 τι
813 2680 992 2746 αὐτοῦ
1036 2685 1267 2764 πρῶτον
1313 2680 1563 2744 διελθεῖν
1615 2681 1681 2743 τὸ
1737 2681 1803 2742 δὲ
1847 2678 2144 2763 ὕστερον),
2201 2680 2254 2741 εἰ
2299 2680 2374 2762 δὴ
2418 2684 2618 2758 τοῦτο,
2674 2682 2772 2744 καὶ
2818 2683 2964 2744 κατὰ
3011 2685 3076 2747 τὸ

562 2784 837 2870 πρότερον
885 2784 1083 2867 μόριον
1130 2788 1232 2847 τοῦ
1280 2781 1567 2864 μεγέθους
1612 2788 1839 2866 πρῶτον
1889 2784 2125 2845 κινεῖται
2167 2781 2233 2843 τὸ
2279 2782 2631 2865 κινούμενον,
2685 2784 2738 2845 εἰ
2781 2782 2874 2846 ἐπ’
2915 2784 3076 2848 ἄπει·
3104 2800 3158 2843 ιο

562 2909 659 2969 ρον
712 2886 775 2949 ἐν
820 2891 905 2972 τῷ
966 2884 1200 2971 μεγέθει
1250 2886 1315 2947 τὸ
1370 2886 1679 2970 πρότερον,
1734 2889 1850 2948 πᾶν
1906 2885 1972 2947 τὸ
2025 2885 2357 2966 κινούμενον
2414 2882 2629 2967 ἄπειρα
2681 2883 2841 2948 ἔσται
2891 2888 3072 2950 κινού-

562 3012 752 3071 μενον,
818 2990 915 3052 καὶ
974 2992 1083 3051 πᾶν
1137 2988 1203 3051 τὸ
1258 2986 1631 3071 κεκινημένον
1693 2984 1831 3049 ὅσον
1887 2986 1960 3068 δὴ
2029 2988 2322 3069 διάστημα
2381 2984 2593 3070 ἄπειρα
2639 2987 2890 3071 πρότερα
2953 2988 3075 3072 [καὶ

454 3112 523 3161 25
560 3090 797 3177 ἄπειρα]
868 3089 1046 3175 μόρια
1100 3088 1500 3172 κεκινημένον·
1578 3088 1730 3151 ἀλλὰ
1784 3088 2110 3171 ἀδιεξίτητα
2164 3088 2236 3152 τὰ
2291 3086 2520 3173 ἄπειρα.
2615 3089 2743 3171 ἤτοι
2797 3088 2896 3153 οὖν
2965 3092 3072 3156 οὐκ

561 3195 654 3258 ἐπ’
720 3193 957 3277 ἄπειρον
1021 3193 1061 3275 ἠ
1116 3192 1269 3275 τομὴ
1331 3196 1446 3254 τῶν
1515 3195 1812 3275 συνεχῶν,
1884 3190 1924 3273 ἢ
1970 3190 2038 3252 οὖ
2105 3190 2253 3253 κατὰ
2321 3191 2385 3253 τὸ
2453 3190 2730 3274 πρότερον
2798 3192 3074 3277 πρότερον
3106 3210 3158 3253 15

557 3300 596 3382 ἡ
642 3298 879 3380 κίνησις.
948 3294 987 3377 ἢ
1032 3294 1243 3377 γίνεται
1290 3295 1395 3375 μὲν
1440 3292 1589 3356 κατὰ
1634 3294 1699 3355 τὸ
1742 3291 2021 3376 πρότερον
2070 3292 2269 3374 μόριον
2315 3296 2418 3355 τοῦ
2466 3294 2748 3375 μεγέθους
2791 3293 3070 3380 πρότερον

560 3400 599 3481 ἡ
646 3399 887 3481 κίνησις,
930 3398 1087 3461 οὕτω
1135 3396 1329 3478 μέντοι
1373 3394 1521 3458 κατὰ
1566 3394 1632 3456 τὸ
1676 3392 1956 3478 πρότερον
2005 3392 2224 3476 μόριον,
2271 3394 2354 3461 ὥς
2397 3394 2550 3457 ἐστιν
2597 3396 2658 3457 ἐν
2703 3400 2788 3478 τῷ
2839 3404 3078 3483 συνεχεῖ

556 3500 623 3563 τὸ
670 3500 775 3583 μὲν
805 3498 1083 3583 πρότερον
1130 3496 1353 3581 μόριον,
1396 3497 1463 3559 τὸ
1506 3497 1571 3558 δὲ
1604 3496 1860 3579 ὕστερον.
1929 3495 1997 3559 οὐ
2042 3495 2149 3578 γὰρ
2181 3495 2376 3565 ἄλλως
2424 3496 2525 3579 μέν
2558 3497 2710 3560 ἐστιν
2751 3498 2812 3560 ἐν
2844 3499 3070 3585 ἐκείνῳ,
3098 3518 3155 3559 2⁰

452 3621 521 3671 30
557 3598 752 3671 ἄλλως
796 3602 862 3665 δὲ
902 3601 1045 3664 αὐτὸ
1091 3601 1157 3663 τὸ
1201 3598 1534 3682 κινούμενον
1582 3598 1782 3660 δίεισιν
1826 3598 2141 3681 λαμβάνον.
2218 3604 2346 3667 πῶς
2387 3596 2488 3661 οὖν
2533 3598 2686 3663 ἐστιν
2733 3600 2795 3663 ἐν
2827 3607 2912 3686 τῷ
2947 3624 3070 3666 συν-

451 3876 482 3929 2
520 3876 801 3947 παθητικαὶ
827 3879 1022 3930 VSLaz
1061 3876 1149 3928 καὶ
1184 3880 1305 3942 post
1340 3874 1601 3940 lacunam,
1636 3889 1745 3925 non
1784 3872 1992 3924 lituram
2021 3888 2096 3925 ca.
2123 3872 2176 3924 X
2201 3872 2488 3925 litterarum
2515 3875 2602 3939 B¹,
2641 3892 2795 3944 quam
2822 3878 2998 3944 explet
3019 3878 3092 3932 13²

451 3964 499 4017 3.
538 3965 571 4016 4
607 3962 795 4021 τέλειος
835 3966 955 4015 VB:
993 3960 1157 4015 τελεία
1195 3965 1359 4017 GFSa
1395 3962 1486 4030 Sp.
1700 3961 1733 4012 4
1768 3959 1819 4012 τί
1855 3959 1970 4026 Sp.:
2011 3958 2082 4011 ἔτι
2119 3960 2216 4009 V':
2265 3960 2338 4011 ἔτι
2375 3960 2495 4012 libri
2711 3963 2754 4015 εἰ
2791 3963 2848 4032 ἡ]
2889 3965 2964 4035 εἴη
3004 3984 3036 4016 ει

448 4052 481 4102 7
521 4050 649 4121 αὐτη
688 4052 766 4103 sie
802 4052 899 4102 V¹:
946 4048 1077 4121 αὕτη
1115 4052 1397 4103 GFBSLa=
1444 4046 1573 4117 αὕτη
1612 4048 1645 4117 ἠ
1690 4048 1825 4099 coni.
1867 4046 2100 4113 Spa-au
2135 4046 2170 4114 ἡ
2207 4044 2374 4115 absh?
2589 4047 2694 4101 ἔστι
2730 4052 3030 4105 VFG¹S¹L=
3086 4054 3179 4106 εἰσὶ

450 4136 667 4192 G²Bs²a
700 4137 790 4205 Sp.
1003 4135 1037 4189 8
1082 4134 1259 4205 τοιῷδε
1296 4136 1441 4187 VB¹:
1486 4133 1695 4196 τοιῶσδε
1734 4136 1912 4188 GFS':
1957 4132 2170 4185 τοιοῖσδε
2206 4132 2420 4187 B²S2La
2456 4134 2544 4201 Sp.
2759 4137 2790 4189 9
2829 4154 2944 4207 φωσ
2987 4143 3036 4191 V

446 4222 487 4295 ἡ*
510 4227 582 4277 V¹
629 4226 781 4292 (corr.
807 4222 903 4291 ν’)
1120 4223 1186 4275 10
1220 4221 1253 4293 ἢ
1292 4222 1359 4290 εἰ]
1399 4222 1475 4291 εἴη
1514 4239 1546 4271 ει
1757 4219 1908 4288 εἶδος]
1949 4219 2111 4277 εἴδους
2147 4237 2180 4271 a
2395 4220 2458 4272 13
2497 4220 2621 4273 ἄλλο
2645 4222 2837 4276 B²SLa
2864 4226 2980 4294 Sp.=
3019 4226 3176 4279 ἄλλου

448 4313 631 4379 (supra
668 4328 695 4363 ο
732 4310 1021 4380 paullulum
1060 4308 1259 4375 rasum)
1302 4308 1459 4362 VSB¹
1694 4307 1754 4359 ἂν
1792 4322 1891 4359 om.
1933 4324 1967 4358 a
2200 4308 2448 4377 παρουσίᾳ
2494 4311 2629 4361 coni.
2668 4310 2756 4377 Sp.
2998 4314 3062 4365 14
3116 4314 3176 4366 τὸ

451 4406 569 4467 post
604 4400 697 4467 γὰρ
734 4398 835 4451 del.
874 4397 945 4451 Β*
1173 4397 1235 4449 14
1272 4391 1639 4467 Ἀριστοτέλης]
1678 4394 1741 4447 do
1778 4396 1956 4446 anima
1991 4394 2058 4459 11,
2082 4394 2132 4457 7,
2167 4394 2385 4447 418b11
2628 4396 2689 4449 16
2728 4400 2862 4450 κατὰ
2897 4400 3000 4463 (τὸ>
3037 4402 3176 4453 coni.

447 4484 537 4553 Sp.
750 4484 819 4535 24
854 4485 941 4536 καὶ
978 4484 1159 4555 ἄπειρα
1195 4484 1580 4551 circumscripsi
1793 4481 1861 4534 25
1898 4500 1948 4534 κ.
1987 4480 2138 4533 ἔσται.
2190 4480 2318 4533 ἀλλὰ
2337 4480 2556 4537 v²BS2a
2591 4482 2682 4551 Sp.
2894 4484 3178 4556 ἀδιεξίτητα

448 4569 669 4625 v²BS²a
704 4570 821 4639 Sp.:
859 4568 1239 4640 ἀδιεΙΕιδιότητα
1275 4570 1371 4623 V¹:
1412 4568 1691 4629 ἀδιεξίτατα
1715 4570 1854 4620 LFG
1893 4567 2004 4633 (sed
2041 4568 2073 4637 ή
2115 4570 2172 4631 F,
2211 4570 2266 4620 in
2315 4569 2391 4621 lit.
2430 4570 2446 4620 ί
2483 4570 2552 4636 G)
2589 4572 2649 4623 S¹
2864 4572 2930 4624 26
2968 4573 3175 4643 ἄπειρον

448 4658 726 4711 VGFS¹L2
770 4658 948 4728 ἄπειρα
974 4658 1117 4711 BS²⁸
1153 4657 1244 4726 Sp.
1458 4656 1491 4724 ἢ
1528 4655 1588 4708 τὸ
1628 4655 1695 4725 μὴ
1736 4672 1769 4705 a
1979 4656 2111 4707 κατὰ
2146 4655 2210 4706 τὰ
2247 4658 2375 4707 FSL
2589 4656 2828 4729 πρότερον
2866 4661 3022 4713 semel
3061 4665 3105 4712 L

448 4744 513 4797 27
568 4744 601 4815 ἡ
637 4745 831 4815 κίνησις
866 4744 1107 4817 πρότερον
1146 4764 1179 4797 ει
1214 4746 1303 4813 Sp.
1518 4742 1585 4796 29
1624 4742 1725 4794 ἐστι
1762 4745 1854 4809 μὲν
1881 4758 1914 4791 ει
1949 4740 2038 4809 Sp.
2251 4742 2322 4795 30
2357 4741 2614 4815 λαμβάνον
2650 4762 2714 4797 τι.
2773 4751 2886 4804 πῶς
2910 4764 2942 4798 a
2977 4746 3066 4815 Sp.

448 4830 561 4903 οὖν]
598 4850 625 4883 ν
660 4834 721 4886 in
756 4834 834 4887 lit.
861 4836 912 4887 V

2680 4918 2771 4983 3*
