3684 5567
1274 274 1536 331 ΗΘΙΚΩΝ
1578 273 2106 332 ΠΡΟΒΛΗΜΑἹῺΝ
2153 278 2350 330 14-17
3047 274 3164 339 137

568 450 789 533 ἀγαθὸν
834 451 873 535 ἢ
920 452 1099 515 κακὸν
1143 449 1317 531 εἶναι;
1378 452 1417 535 ἣ
1464 452 1516 515 εἰ
1571 452 1675 535 μὲν
1722 452 2024 533 μονοειδὴς
2078 450 2148 535 ἦν
2195 456 2354 515 πᾶσα
2399 452 2614 534 ἡδονή,
2669 454 2829 513 πᾶσα
2873 446 2945 531 ἦν
2990 445 3058 509 ἂν

564 553 603 635 ἢ
650 554 872 636 ἀγαθὸν
924 555 963 637 ἢ
1010 552 1217 630 κακόν,
1271 553 1327 617 εἰ
1368 555 1433 617 δὲ
1487 555 1569 639 μὴ
1624 554 1808 625 οὕτως
1863 552 2020 639 ἔχει,
2080 554 2232 617 ἀλλὰ
2285 556 2690 639 συνδιαιρεῖται
2745 554 2866 621 ταῖς
2910 552 3060 634 ἐνερ·

566 656 744 737 γείαις
798 655 891 740 ἐφ’
948 657 1040 725 αἷς
1085 656 1293 739 γίνεται
1344 657 1433 739 (αἱ
1482 658 1585 740 μὲν
1637 657 1745 740 γὰρ
1796 657 1894 719 ἐπὶ
1950 662 2072 725 ταῖς
2117 657 2365 737 ἀγαθαῖς
2417 657 2721 741 ἐνεργείαις
2772 654 3063 737 γινόμεναι
3088 669 3142 711 15

568 759 801 841 ἀγαθαί,
846 760 905 822 αἱ
952 760 1015 821 δὲ
1054 759 1152 821 ἐπὶ
1194 764 1317 829 ταῖς
1358 759 1692 845 μοχθηραῖς
1736 759 1928 831 κακαί,
1974 760 2172 841 ὥσπερ
2217 761 2314 822 καὶ
2359 759 2418 822 αἱ
2447 758 2778 840 ἐπιθυμίαι·
2827 758 2922 821 καὶ
2951 756 3057 840 γὰρ

497 882 527 929 5
566 867 681 923 τῶν
712 862 1037 944 ἐπιθυμιῶν
1082 863 1143 924 αἱ
1189 862 1292 943 μὲν
1338 866 1453 925 τῶν
1500 861 1738 944 ἀγαθῶν
1779 862 2014 942 ἀγαθαί,
2060 862 2233 923 κακαὶ
2278 861 2344 924 δὲ
2386 862 2445 923 αἱ
2490 866 2605 924 τῶν
2637 858 2924 945 φαύλων),
2969 859 3060 921 οὐ·

574 964 669 1027 δὲν
714 965 965 1028 κωλύσει
1008 968 1081 1047 τῇ
1127 965 1283 1047 λύπῃ
1330 962 1481 1047 οὔσῃ
1528 969 1693 1049 κακῷ
1741 964 1998 1032 ἐναντίας
2050 964 2194 1027 εἶναι
2247 968 2364 1027 τῶν
2409 965 2636 1046 ἡδονῶν
2680 963 2782 1031 τὰς
2828 963 2930 1045 μὲν
2977 965 3056 1030 ὡς
3083 976 3140 1019 2⁰

565 1066 818 1148 ἀγαθάς,
876 1066 979 1135 τὰς
1022 1068 1087 1130 δὲ
1132 1070 1215 1136 ὡς
1256 1070 1465 1142 κακάς,
1525 1068 1627 1136 τὰς
1672 1068 1775 1150 μὲν
1834 1066 1982 1130 κατὰ
2024 1065 2192 1149 λόγον
2249 1090 2311 1129 τε
2356 1067 2453 1129 καὶ
2507 1067 2602 1129 ἐπὶ
2652 1071 2770 1135 τοῖς
2815 1066 3057 1148 ἀγαθοῖς

562 1168 863 1253 γινομένας
908 1174 989 1239 ὡς
1019 1170 1261 1253 ἀγαθάς,
1308 1170 1407 1239 τὰς
1453 1171 1517 1233 δὲ
1548 1171 1702 1255 παρὰ
1749 1171 1846 1233 τὸν
1893 1169 2070 1254 ὀρθὸν
2101 1171 2402 1253 γινομένας
2446 1169 2613 1252 λόγον
2661 1170 2756 1232 καὶ
2801 1169 2896 1231 ἐπὶ
2941 1174 3060 1237 τοῖς

565 1271 808 1355 φαύλοις
853 1276 936 1341 ὡς
979 1275 1179 1343 κακάς.
1257 1272 1329 1357 ἦν
1372 1272 1481 1357 γὰρ
1526 1278 1611 1357 τῷ
1660 1278 1825 1356 κακῷ
1873 1274 1938 1335 τὸ
1984 1272 2237 1336 ἐναντίον
2284 1274 2322 1356 ἢ
2369 1274 2589 1355 ἀγαθὸν
2635 1272 2672 1356 ἢ
2720 1269 2936 1354 καΙκόν,
2982 1274 3013 1335 6
3059 1278 3162 1334 263

464 1395 525 1441 ιο
562 1376 627 1437 δὲ
672 1374 846 1445 πόνος
898 1376 967 1439 οὐ
1012 1382 1126 1446 πᾶς
1182 1375 1388 1439 κακόν·
1456 1376 1486 1439 6
1531 1376 1639 1460 γὰρ
1693 1380 1807 1439 τῶν
1863 1378 2054 1439 καλῶν
2110 1378 2278 1461 χάριν
2334 1378 2631 1459 γινόμενος
2685 1374 2928 1456 αἱρετός.
3019 1374 3057 1457 ἢ

562 1479 680 1563 χρὴ
728 1478 944 1560 ὁμοίως
989 1480 1085 1543 καὶ
1129 1479 1235 1562 τὴν
1265 1479 1480 1562 ἡδονὴν
1526 1478 1748 1559 ἀγαθὸν
1790 1478 1978 1560 λέγειν
2024 1479 2119 1541 καὶ
2163 1480 2268 1562 τὴν
2312 1479 2498 1563 λύπην
2543 1476 2740 1541 κακόν.
2807 1477 2903 1539 καὶ
2946 1476 3058 1560 γὰρ

561 1582 775 1665 ἡδονὴν
820 1582 973 1645 εἴποι
1016 1582 1085 1645 ἄν
1130 1606 1213 1651 τις
1266 1587 1457 1645 πᾶσαν
1503 1580 1754 1663 ἀγαθόν,
1810 1581 1960 1643 ἀλλὰ
2013 1582 2114 1664 τὴν
2163 1582 2266 1661 μὲν
2323 1582 2420 1644 καὶ
2464 1582 2666 1649 ἁπλῶς
2719 1581 2816 1642 καὶ
2860 1584 2935 1663 τῇ
2982 1580 3059 1641 οἰ·
3112 1596 3140 1637 5

560 1684 686 1768 κείᾳ
728 1684 926 1767 φύσει,
979 1687 1106 1769 ἥτις
1158 1684 1311 1749 ἐστὶν
1365 1685 1403 1767 ἡ
1450 1687 1565 1746 τῶν
1623 1685 1952 1748 σπουδαίων
2003 1684 2106 1767 (τὰ
2149 1684 2257 1766 γὰρ
2309 1688 2427 1753 τοῖς
2480 1684 2810 1752 σπουδαίοις
2864 1684 3058 1765 ἀγαθὰ

559 1788 655 1849 καὶ
696 1788 851 1851 κακὰ
903 1789 1000 1850 καὶ
1044 1793 1119 1870 τῇ
1166 1788 1360 1850 αὑτῶν
1415 1788 1586 1872 φύσει
1643 1788 1938 1871 τοιαῦτα),
1999 1788 2104 1870 τὴν
2149 1787 2214 1849 δὲ
2267 1789 2420 1870 τῷδε
2464 1788 2685 1869 ἀγαθὸν
2737 1792 2825 1871 τῷ
2873 1786 3056 1856 οὕτως

460 1910 523 1959 15
561 1888 779 1975 ἔχοντι,
828 1889 949 1953 ἀλλ’
991 1889 1106 1975 οὐχ
1150 1892 1352 1960 ἁπλῶς
1397 1890 1647 1973 ἀγαθόν·
1695 1894 1954 1953 τοιαῦται
1997 1893 2056 1955 αἱ
2103 1895 2218 1953 τῶν
2261 1891 2582 1975 μοχθηρῶν
2630 1890 2849 1973 ἡδοναί.
2919 1889 3060 1953 ἐκεί·
3088 1904 3143 1947 ιο

557 2016 673 2063 νοις
724 1994 832 2077 γὰρ
879 1993 1095 2075 ἀγαθαὶ
1150 1994 1247 2056 καὶ
1290 1994 1529 2078 αἱρεταί,
1588 1994 1703 2079 οὐχ
1755 1994 1974 2061 ἁπλῶς.
2065 1994 2160 2057 καὶ
2205 1997 2381 2057 λῦπαι
2425 1996 2489 2057 δὲ
2534 1995 2593 2057 αἱ
2644 1994 2748 2075 μὲν
2801 1993 2898 2055 ἐπὶ
2942 1996 3060 2061 τοῖς

561 2094 742 2165 ὄντως
784 2101 983 2165 κακοῖς
1025 2096 1318 2180 γινόμεναι
1364 2098 1565 2167 ἁπλῶς
1608 2096 1677 2159 ἂν
1722 2095 1835 2159 εἶεν
1885 2097 2084 2169 κακαί,
2138 2098 2198 2160 αἱ
2245 2096 2314 2159 δ’·
2351 2097 2446 2160 ἐπὶ
2491 2101 2608 2165 τοῖς
2657 2097 2739 2179 μὴ
2784 2096 3059 2163 τοιούτοις

558 2196 795 2267 ἐκείνοις
846 2200 1047 2279 κακαί,
1100 2200 1169 2262 οὐ
1218 2201 1332 2283 μὴν
1388 2200 1483 2262 καὶ
1540 2200 1740 2268 ἁπλῶς
1800 2198 1912 2263 ἔτι·
1979 2197 2140 2262 ἔσται
2192 2200 2256 2263 δέ
2301 2222 2440 2262 ποτε
2494 2201 2590 2262 καὶ
2643 2201 2675 2262 6
2722 2198 2944 2281 ἀγαθὸς
2995 2196 3056 2259 ἐν

560 2300 746 2386 τούτῳ
794 2306 878 2387 τῷ
925 2308 1112 2387 κακῷ,
1159 2306 1241 2371 ὡς
1284 2304 1382 2366 καὶ
1427 2302 1487 2365 ἐν
1532 2302 1699 2386 πενίᾳ
1744 2305 1840 2367 καὶ
1885 2302 2070 2387 νόσῳ·
2117 2303 2188 2365 τὰ
2233 2303 2340 2388 γὰρ
2386 2301 2480 2388 ἐφ’
2537 2302 2622 2370 οἷς
2668 2302 2701 2364 6
2746 2303 3058 2369 σπουδαῖος
3084 2316 3138 2357 1-3

453 2422 521 2469 2ο
554 2404 874 2488 λυπήσεται
920 2406 1089 2469 κακά.

553 2646 751 2711 XVII.
830 2646 987 2711 Ὑπὸ
1032 2649 1097 2710 τί
1138 2652 1270 2711 τῶν
1317 2648 1599 2730 ἀγαθῶν
1645 2650 1683 2731 ἡ
1730 2649 1954 2733 ἡδονὴ
2005 2646 2080 2710 ἂν
2125 2646 2254 2730 εἴη.

718 2816 878 2882 Ἐπεὶ
920 2824 1037 2881 τῶν
1084 2820 1324 2902 ἀγαθῶν
1372 2820 1444 2883 τὰ
1489 2822 1593 2904 μὲν
1637 2820 1815 2903 τίμια,
1861 2821 1933 2883 τὰ
1978 2822 2043 2883 δὲ
2088 2820 2379 2895 ἐπαινετά,
2425 2821 2496 2883 τὰ
2541 2821 2606 2883 δὲ
2651 2822 2942 2903 δυνάμεις,
2986 2818 3057 2883 τὰ

554 2921 619 2984 δὲ
663 2922 954 3006 ὠφέλιμα,
1000 2922 1265 3007 ἐζητήθη
1313 2924 1423 2985 ὑπὸ
1471 2925 1527 2987 τί
1560 2924 1775 2987 τούτων
1821 2924 1943 3009 χρὴ
1989 2923 2134 2985 εἶναι
2175 2924 2280 3007 τὴν
2323 2925 2555 3008 ἡδονήν.
2625 2925 2676 2986 εἰ
2723 2926 2826 3006 μὲν
2874 2928 3139 2987 πᾶσαιεο

553 3024 775 3106 ἀγαθὸν
822 3026 919 3088 καὶ
963 3030 1145 3089 πᾶσαι
1190 3028 1479 3108 ὁμοειδεῖς
1524 3029 1583 3091 αἱ
1616 3028 1839 3109 ἡδοναί,
1886 3027 2021 3109 περὶ
2067 3028 2258 3109 πάσης
2303 3050 2366 3089 τε
2396 3029 2516 3111 χρὴ
2563 3032 2754 3111 ζητεῖν
2801 3028 2895 3089 καὶ
2941 3027 3051 3090 ὑπὸ

450 3146 515 3195 25
553 3128 609 3190 τί
646 3126 759 3191 εἶεν
806 3132 921 3191 τῶν
975 3128 1215 3211 ἀγαθῶν
1267 3133 1479 3205 πᾶσαι,
1540 3130 1592 3192 εἰ
1645 3131 1710 3193 δὲ
1768 3130 1835 3193 οὐ
1883 3134 2064 3193 πᾶσαι
2119 3128 2370 3212 ἀγαθόν,
2426 3128 2545 3193 ἀλλ’
2602 3128 2882 3213 ἑπόμεναι
2931 3132 3055 3196 ταῖς

554 3232 806 3315 αῖρεταῖς
850 3231 1157 3315 ἐνεργείαις
1200 3232 1298 3313 (οὐ
1343 3234 1450 3316 γάρ
1494 3233 1647 3296 ἐστιν
1692 3234 1731 3315 ἡ
1779 3234 1962 3315 ἡδονὴ
2010 3232 2158 3315 αὐτὴ
2206 3231 2338 3295 καθ’
2383 3234 2585 3316 αὑτήν,
2630 3233 2750 3296 ἀλλ’
2805 3234 2906 3297 ἐπί
2944 3257 3050 3297 τινι
3079 3248 3134 3290 2⁵

553 3334 809 3418 ἐνεργείᾳ
851 3335 1081 3416 γίνεται,
1127 3336 1223 3397 καὶ
1261 3336 1471 3418 γίνεται
1501 3334 1625 3399 κατ’
1667 3336 1995 3417 οἰκειότητα
2039 3338 2142 3419 τὴν
2195 3336 2202 3421 Ι
2253 3338 2396 3420 πρὸς
2441 3338 2544 3420 τὴν
2576 3336 2889 3422 ἐνέργειαν·
2937 3336 3006 3400 οὐ
3052 3342 3160 3399 264

550 3439 661 3521 γάρ
704 3437 928 3520 ἐστινὴ
974 3435 1079 3500 ἀπ’
1121 3436 1303 3523 ἄλλης
1347 3440 1631 3522 ἐνεργείας
1675 3440 1858 3523 ἡδονὴ
1905 3442 1942 3523 ἡ
1989 3440 2138 3524 αὐτὴ
2183 3447 2256 3524 τῇ
2309 3440 2410 3505 ἀπ’
2463 3440 2673 3522 ἄλλης·
2720 3440 3053 3523 φθείρουσιν

550 3544 685 3623 γοῦν
744 3542 1021 3609 πολλάκις
1084 3542 1143 3603 αἱ
1196 3539 1295 3603 ἀπ’
1352 3540 1547 3605 ἄλλων
1610 3544 1914 3631 ἐνεργειῶν
1977 3545 2180 3626 ἡδοναὶ
2238 3546 2339 3612 τὰς
2403 3542 2504 3607 ἀπ’
2561 3542 2782 3606 ἄλλων·
2853 3544 2884 3605 6
2944 3541 3053 3625 γὰρ

448 3662 515 3711 30
550 3645 772 3730 χαίρων
817 3649 891 3725 τῇ
934 3644 1051 3707 ἀπὸ
1096 3648 1200 3707 τοῦ
1245 3644 1443 3708 αὐλεῖν
1488 3647 1673 3729 ἡδονῇ
1716 3646 1958 3730 σφόδρα,
2005 3645 2112 3710 κᾶν
2160 3648 2313 3732 τύχῃ
2360 3647 2486 3711 τινὰ
2530 3647 2818 3731 ἐνέργειαν
2864 3645 3056 3730 ἡδέως
3107 3661 3137 3702 5

553 3746 823 3830 ἐνεργῶν,
870 3746 1123 3815 ἀκούσας
1166 3746 1363 3809 αὐλῶν
1408 3752 1741 3811 καταλιπὼν
1785 3752 1892 3833 τήν
1937 3772 2000 3813 τε
2038 3749 2330 3834 ἐνέργειαν
2374 3751 2480 3833 τὴν
2520 3750 2580 3813 ἐν
2611 3750 2778 3813 ποσὶν
2824 3749 2919 3812 καὶ
2949 3749 3054 3831 τὴν

548 3850 765 3933 ἡδονὴν
812 3850 917 3932 τὴν
964 3847 1057 3912 ἐπ’
1100 3849 1253 3934 αὐτῇ
1300 3856 1385 3935 τῷ
1420 3852 1689 3915 αὐλοῦντι
1733 3852 2036 3937 προσέχει,
2083 3856 2165 3921 ὡς
2193 3858 2268 3936 τῇ
2317 3854 2432 3915 ἀπὸ
2478 3857 2578 3917 τοῦ
2623 3852 2820 3915 αὐλεῖν
2865 3853 3052 3934 ἡδονῇ

548 3954 774 4037 χαίρων
828 3953 981 4037 ἄλλῃ
1029 3952 1177 4037 οὔσῃ
1232 3958 1337 4037 τῆς
1390 3955 1487 4017 ἐπὶ
1530 3960 1644 4019 τῶν
1692 3957 1802 4039 πρὸ
1851 3960 1951 4018 τοῦ
1998 3956 2469 4039 ἐνεργουμένων),
2529 3958 2580 4019 εἰ
2626 3958 2690 4019 δὲ
2735 3956 2907 4019 ἄλλαι
2950 3954 3040 4019 ἐπ’
3081 3972 3135 4012 10

548 4054 750 4124 ἄλλαις
794 4058 891 4120 καὶ
935 4056 1340 4141 διαφερούσαις
1398 4058 1703 4142 ἐνεργείαις
1760 4057 2080 4140 γινόμεναι,
2135 4060 2235 4122 καί
2273 4060 2414 4122 εἰσιν
2471 4060 2678 4122 οἰκεῖαι
2731 4064 2855 4127 ταῖς
2903 4059 3053 4142 ἐνερ-

441 4177 509 4227 35
546 4160 754 4241 γείαις,
814 4156 907 4243 ἐφ’
964 4160 1053 4229 αἶς
1096 4160 1373 4243 γίνονται,
1436 4162 1609 4244 δῆλον
1656 4166 1735 4230 ὡς
1791 4164 2202 4247 συνδιαιροῖντο
2258 4162 2326 4226 ἂν
2371 4162 2600 4237 αὐταῖς,
2663 4166 2743 4231 ὡς
2786 4166 2901 4223 τῶν
2949 4162 3052 4243 μὲν

546 4264 789 4346 αἱρετῶν
833 4263 1055 4346 αἱρεταὶ
1098 4262 1263 4339 εἶναι,
1309 4265 1550 4346 φευκταὶ
1604 4266 1669 4327 δὲ
1720 4269 1835 4327 τῶν
1883 4270 2170 4349 φευκτῶν.
2263 4265 2758 4349 συνδιαιρούμεναι
2803 4266 2867 4327 δὲ
2912 4266 3053 4328 ἐκεί·
3083 4282 3134 4323 15

437 4543 469 4596 5
508 4542 597 4595 alt.
624 4544 677 4595 αἱ
700 4558 801 4595 om.
829 4560 861 4595 a
885 4546 974 4609 Sp.
1155 4544 1183 4594 7
1221 4544 1433 4614 ἀγαθὰς]
1473 4562 1590 4614 pars
1617 4549 1852 4614 superior
1875 4548 1972 4599 litt.
2001 4546 2034 4599 θ
2060 4549 2116 4599 in
2153 4548 2229 4599 lit.
2255 4550 2302 4598 V
2475 4549 2537 4600 10
2572 4547 2737 4619 χάριν]
2766 4566 2834 4616 χα
2859 4550 2912 4600 in
2942 4548 3018 4600 lit.
3039 4552 3086 4600 V

443 4631 504 4682 14
552 4630 642 4683 alt.
680 4630 767 4681 καὶ
812 4646 911 4683 om.
950 4650 983 4683 a
1019 4634 1106 4698 Sp.
1328 4632 1387 4683 16
1443 4632 1497 4683 δὲ
1534 4633 1676 4687 v²13=
1733 4633 1807 4687 δεῖ
1841 4637 1940 4686 V¹:
1997 4634 2057 4705 δὴ
2097 4638 2262 4688 SFGa
2300 4640 2386 4702 Sp.
2582 4636 2644 4687 18
2681 4636 2754 4689 ἔτι
2791 4651 2891 4689 om.
2929 4656 2960 4689 a
2998 4642 3086 4705 Sp.

437 4716 506 4769 20
541 4716 849 4787 λυπήσεσθαι
884 4736 915 4770 a
1095 4718 1161 4771 ‘22
1202 4717 1329 4786 ἐπεὶ]
1378 4720 1420 4770 εὶ
1458 4721 1513 4771 in
1550 4721 1629 4772 lit.
1670 4724 1717 4771 V
1914 4720 2143 4791 δυνάμεις
2179 4726 2294 4775 SFa
2331 4728 2446 4790 Sp.:
2486 4722 2690 4791 δύναμις
2727 4727 2820 4776 VB
3020 4725 3088 4777 ‘23
3124 4724 3156 4795 ἢ

436 4804 478 4856 εἰ
498 4805 632 4857 vict.
801 4804 865 4857 25
904 4806 999 4859 εἶεν
1036 4805 1140 4869 <ἂν>
1166 4806 1427 4859 Schwartz
1596 4807 1663 4859 29
1701 4813 1819 4876 γοῦν
1861 4812 1976 4862 SFa
2011 4814 2125 4877 Sp.:
2165 4811 2252 4863 οὖν
2274 4814 2369 4863 VB
2550 4812 2617 4863 33
2655 4811 2730 4880 δὲ]
2771 4812 2986 4864 fortasse
3025 4810 3087 4883 δὴ

436 4892 503 4945 34
540 4892 804 4963 ἐνέργειαισ
843 4896 888 4943 V
1103 4894 1170 4946 36
1210 4896 1429 4963 φευκτάς
1466 4896 1567 4948 B²a
1780 4896 1833 4949 δὲ
1870 4914 1970 4950 om.
2010 4916 2042 4950 a
