3684 5567
1297 1398 1372 1461 II
1471 1397 1847 1462 INDEX
1930 1395 2492 1462 NOMINUM

533 1684 928 1756 Ἀγαμέμνων
972 1685 1151 1748 187,17

535 1771 784 1844 Ἀθῆναι
828 1773 1004 1836 160,11

543 1857 774 1930 Αἰθίοψ
825 1860 1009 1924 199,18

535 1945 926 2018 Ἀλέξανδρος
961 1949 1026 2000 ad
1065 1963 1187 2000 suos
1224 1950 1622 1999 commentarios
1662 1962 1844 2014 provo-

646 2043 732 2090 cat
767 2038 823 2088 in
861 2036 1021 2088 libros
1062 2037 1133 2088 De
1170 2036 1346 2087 anime.
1370 2034 1526 2099 21,18
1588 2037 1646 2087 in
1684 2034 1844 2086 libros

647 2125 720 2175 De
757 2125 1095 2192 generatione
1131 2121 1248 2185 71,5
1321 2123 1562 2175 Severum
1602 2129 1653 2174 et
1681 2125 1841 2174 Anto-

647 2211 832 2262 ninum
890 2211 1222 2278 imperatores
1277 2209 1573 2278 adloquitur
1617 2209 1840 2274 164,3-

651 2295 834 2359 165,13
871 2295 1166 2360 212,5-19
1239 2297 1443 2349 eosdem
1481 2299 1644 2349 visere
1684 2296 1847 2350 voluit

651 2383 802 2446 164‚3
872 2386 938 2437 eb
976 2385 1137 2438 isdem
1178 2384 1534 2438 Aristotelicae
1579 2383 1847 2437 doctrinae

648 2471 906 2539 professor
943 2471 1174 2539 legitime
1209 2473 1532 2524 constitutus
1571 2467 1758 2535 164‚14

533 2555 928 2629 Ἀλέξανδρος
972 2555 999 2609 ὁ
1039 2553 1264 2628 Πριάμου
1305 2558 1489 2622 187,16

535 2643 943 2716 Ἀναξαγόρας
997 2647 1270 2700 universae
1318 2647 1583 2698 hominum
1629 2645 1694 2698 de
1739 2643 1846 2698 fato

648 2735 914 2787 doctrinae
961 2731 1259 2800 obloquitur
1301 2732 1498 2796 165,19
1569 2734 1680 2802 περὶ
1726 2734 1846 2802 κρά-

647 2835 774 2878 σεως
811 2819 999 2885 228,17
1040 2819 1103 2871 cf.
1134 2819 1288 2886 214,3
1327 2819 1390 2873 cf.
1418 2820 1484 2873 27

541 2909 910 2974 Anonymus
948 2907 1010 2959 de
1045 2907 1153 2958 fato
1196 2905 1345 2970 10:23
1419 2908 1481 2960 de
1520 2907 1850 2975 providentia

649 2993 766 3060 69,Ἷ
841 2994 868 3047 ὁ
905 2994 1050 3064 λόγος
1087 2993 1334 3047 ὀεικνῦναι
1358 2991 1522 3047 θέλων
1561 2995 1762 3066 ἄπειρον
1787 2993 1847 3046 τὸ

647 3081 702 3133 όν
750 3081 1158 3149 (Archytas?¹))
1201 3081 1385 3144 101,1o
1406 3097 1482 3149 sq.

537 3165 934 3239 Ἀντίπατρος
970 3169 1158 3232 216,12
1199 3168 1261 3220 cf.
1301 3166 1579 3238 Σωσιγένης

536 3252 902 3314 Ἀντωνῖνος
943 3257 1091 3322 164,3

537 3341 844 3398 Ἀπόλλων
883 3341 1052 3409 203,1.
1079 3343 1148 3396 20

538 3426 980 3502 Ἀριστοτέλης.
1042 3429 1154 3482 οὐδὲ
1178 3431 1211 3500 ἡ
1240 3428 1491 3500 ὑπερβολὴ
1529 3433 1614 3483 καὶ
1639 3431 1671 3501 ἡ
1698 3428 1850 3483 ἔλλει-

651 3519 734 3588 ψις
770 3519 966 3571 ἐναντία
1002 3517 1084 3570 ὑπ.
1115 3513 1182 3570 Ἀ.
1215 3517 1406 3587 λέγεται
1437 3517 1580 3582 16,31
1659 3519 1849 3587 κίνησις

652 3606 704 3658 ἐν
741 3614 848 3663 ταῖς
877 3601 1213 3679 Κατηγορίαις
1237 3606 1289 3658 ἐν
1321 3614 1429 3663 τοῖς
1453 3613 1625 3664 ποσοῖς
1661 3605 1720 3658 οὺ
1747 3613 1847 3659 κεῖ-

651 3710 733 3745 ται
769 3693 853 3755 34,
865 3693 928 3746 31
1004 3692 1145 3746 δοκεῖ
1189 3692 1303 3746 ὅλον
1349 3711 1398 3745 τι
1441 3693 1598 3762 λέγειν
1643 3693 1736 3762 τὴν
1773 3693 1849 3745 τέ-

654 3779 788 3833 λειον
816 3781 998 3851 ἀρετὴν
1035 3777 1142 3833 ἀλλ’
1167 3780 1226 3834 οὒ
1262 3782 1411 3852 μέρος
1443 3781 1558 3847 128,
1561 3780 1630 3834 20
1701 3779 1852 3848 μόνος

645 3864 713 3920 Ἄ.
758 3868 836 3938 εἴη
881 3867 940 3920 ἂν
986 3869 1072 3920 τὸν
1118 3866 1284 3939 ἀληθῆ
1333 3869 1443 3938 περὶ
1487 3873 1578 3938 τῆς
1623 3870 1853 3938 κράσεως

650 3955 796 4025 λόγον
835 3953 1174 4013 ἀποδεδωκώς
1212 3956 1360 4018 233,1
1435 3955 1480 4008 οἱ
1517 3955 1850 4024 ἀντιλέγοντες

646 4038 967 4110 Αριστοτέλει
986 4043 1204 4113 περὶτοῦ
1223 4044 1451 4112 πέμπτου
1472 4043 1704 4111 σώματος
1729 4043 1850 4106 226,

648 4127 715 4181 35
789 4131 821 4199 ἡ
859 4130 1222 4201 προσηκόντων
1269 4131 1432 4200 ἔφεσις
1477 4131 1574 4183 ἀπὸ
1611 4135 1702 4200 τῆς
1737 4129 1849 4200 ἠθι-

652 4219 749 4285 κῆς
783 4217 963 4287 ἀρετῆς
1000 4217 1166 4286 ὥσπερ
1205 4217 1336 4271 εἶπεν
1368 4215 1703 4288 Ἀριστοτέλης
1735 4217 1849 4283 142,

655 4303 722 4357 29
775 4306 886 4377 περὶ
912 4310 1000 4358 νοῦ
1027 4305 1146 4369 39,9
1205 4307 1314 4376 περὶ
1337 4305 1570 4375 προνοίας
1595 4305 1750 4369 65,19
1771 4322 1850 4374 sq.

652 4392 770 4455 70,ss
791 4409 866 4462 sq.
906 4391 1020 4457 71,1
1060 4391 1252 4458 41,10?
1307 4395 1418 4465 περὶ
1451 4394 1624 4446 αίτίων
1666 4393 1851 4455 166,23

649 4481 760 4547 περὶ
795 4478 955 4532 τελῶν
1001 4480 1194 4543 167,2Ο
1251 4482 1360 4553 περὶ
1396 4481 1695 4551 εἱμαρμένης
1734 4481 1851 4547 164,

2058 1684 2120 1736 13
2155 1683 2301 1749 165,3
2328 1683 2535 1746 212,12.
2549 1684 2615 1736 24
2670 1684 2963 1736 Aristotelis
2990 1685 3101 1751 περὶ
3128 1685 3257 1752 κρά-

2056 1788 2185 1829 σεως
2238 1771 2357 1833 δόξα
2411 1772 2703 1840 explieatur
2750 1771 2871 1824 inde
2916 1787 2948 1823 a
2982 1771 3147 1836 228,8
3186 1772 3258 1823 ef.

2052 1859 2256 1922 216,10
2328 1857 2411 1926 (οὒ
2456 1859 2703 1930 γνώριμος
2756 1866 2861 1916 τοῖς
2904 1856 3102 1914 πολλοῖς
3146 1865 3257 1910 τῶν

2052 1946 2459 2017 φιλοσοφούντων
2521 1947 2601 1999 διὰ
2658 1947 2923 2014 συντομίαν
2977 1951 3080 1998 τῶν
3142 1945 3258 2016 περὶ

2057 2035 2211 2103 αὐτῆς
2238 2035 2511 2106 εἰρημένων
2536 2033 2635 2087 ὑπὸ
2664 2039 2753 2088 τοῦ
2780 2033 3054 2103 φιλοσόφου
3074 2033 3257 2100 228,9)

2051 2124 2161 2192 περὶ
2197 2122 2455 2193 αὐξήσεως
2490 2123 2579 2176 καὶ
2613 2125 2802 2195 τροφῆς
2838 2120 3027 2189 233,23
3046 2137 3123 2188 sq.

1941 2206 2229 2283 Ἀρχαίοι.
2301 2209 2347 2263 οἱ
2384 2211 2431 2263 ἀ.
2470 2207 2686 2284 ἀνῄρουν
2718 2209 2899 2277 γένεσιν
2938 2208 3026 2261 καὶ
3060 2207 3257 2278 φθοράν

2054 2297 2212 2360 37,19

1944 2380 2269 2454 Ἀρχέλαος
2303 2384 2415 2455 περὶ
2456 2386 2682 2454 κράσεως
2716 2383 2873 2449 214,3

1943 2467 2307 2540 Ἀσκληπιός
2340 2471 2441 2524 204
2446 2471 2529 2536 ,25

1944 2555 2182 2631 Ἀτρεὺς
2220 2559 2340 2626 203,
2344 2559 2411 2612 28

1949 2643 2344 2716 Δημόκριτος
2378 2649 2489 2720 περὶ
2514 2649 2740 2719 Ιιιροὶσεως
2766 2647 2885 2710 213,
2891 2605 2957 2699 22
2994 2646 3255 2712 214,18-

2055 2733 2139 2785 28.
2160 2733 2226 2785 29
2300 2735 2413 2787 eius
2458 2737 2521 2786 de
2574 2735 2747 2801 lepide
2785 2735 3033 2788 Heracleo
3070 2735 3255 2802 opinio

2054 2821 2691 2890 exponitur72,‘28—73,7
2720 2823 2972 2874 refutatur
2992 2821 3245 2885 73,7—11

1949 2905 2247 2978 Διογένης
2303 2907 2329 2960 ὁ
2372 2905 2771 2979 Ἀπολλωνιάτης
2825 2907 2889 2962 de
2934 2908 3104 2976 lapide
3152 2908 3251 2960 He-

2057 2995 2221 3047 racleo
2256 2995 2555 3057 73,11-20
2616 2995 2869 3049 refutatur
2903 2994 3252 3059 73‚20-74‚4

1950 3078 2114 3134 Δίων
2153 3081 2303 3148 30,31

1946 3165 2157 3240 Ἑλένη
2201 3170 2387 3233 187‚17

1945 3254 2331 3328 Ἐμπεδοκλῆ
2348 3277 2371 3316 ς
2395 3257 2458 3311 de
2487 3258 2659 3326 lapide
2688 3259 2933 3312 Heracleo
2959 3257 3252 3324 72,10-17

2057 3343 2306 3397 refutatur
2332 3345 2627 3410 72,17--28
2698 3345 2758 3397 fr.
2780 3345 2881 3398 284
2926 3345 3073 3398 Stein
3100 3343 3253 3410 72,26

1945 3429 2155 3486 Ἐπί-κο
2168 3451 2196 3485 υ
2209 3453 2235 3503 ρ
2248 3451 2310 3491 ος
2328 3433 2440 3504 περὶ
2457 3435 2745 3502 χρωμάτων
2766 3433 2920 3498 25,18
2931 3448 3008 3500 sq.
3024 3431 3115 3499 (=
3130 3433 3254 3486 Use-

2055 3537 2147 3573 ner
2183 3521 2244 3572 fr.
2273 3519 2397 3586 289)
2454 3522 2565 3589 περὶ
2591 3521 2819 3591 κράσεως
2836 3518 3254 3584 214,28-215,8

2056 3609 2146 3674 (=
2157 3607 2354 3661 Usener
2371 3607 2571 3674 fr.‘290)
2590 3605 2780 3670 213,23
2816 3609 2927 3677 περὶ
2952 3605 3253 3672 &effi-‘2113

2055 3695 2140 3761 (cf.
2164 3695 2357 3748 Usener
2392 3711 2442 3764 p.
2464 3695 2565 3746 242
2586 3695 2729 3758 adn.)
2790 3695 2902 3766 περὶ
2928 3693 3257 3765 ἀπρονοησίας

2057 3781 2176 3844 203,
2194 3783 2251 3834 11
2302 3784 2392 3849 (··--·
2422 3782 2618 3836 Usener
2664 3781 2725 3834 fr.
2753 3781 2896 3848 368).
2977 3781 3053 3835 cf.
3094 3781 3255 3847 104,6

2057 3869 2277 3936 (Usener
2300 3869 2360 3922 fr
2382 3869 2507 3936 301)
2553 3871 2664 3934 104,
2668 3869 2737 3923 20
2805 3871 3025 3936 (Usener
3048 3869 3107 3921 fr.
3129 3869 3255 3937 297)

2063 3956 2177 4022 105,
2186 3957 2248 4009 13
2291 3957 2405 4021 106,
2414 3959 2477 4011 10

1953 4045 2293 4113 Euripides
2332 4046 2729 4098 Phoenissarum
2769 4063 2818 4097 v.
2853 3997 2927 4098 19.
2943 4045 3011 4098 20
3048 4045 3240 4110 202,10

1952 4131 2255 4186 Homerus
2292 4132 2471 4185 Iliadis
2498 4133 2591 4197 IX,
2618 4133 2715 4185 116
2758 4135 2875 4199 187,
2887 4134 2947 4186 18

1952 4217 2191 4290 Ζήνων.
2264 4220 2409 4290 λόγος
2446 4221 2579 4273 κατὰ
2614 4223 2705 4291 τῆς
2740 4221 2986 4291 κινήσεως
3026 4221 3213 4284 196,19

1953 4306 2251 4377 Ζώπυρος
2288 4308 2315 4360 ὁ
2352 4308 2717 4377 φυσιογνώμων
2762 4309 2963 4372 171,11.
2988 4310 3051 4361 14

1946 4391 2275 4466 Ἡρακλεία
2310 4393 2447 4453 λίθος
2482 4397 2602 4448 vide
2625 4393 2764 4454 λίθος

1948 4478 2349 4554 Ἡράκλειτος
2391 4482 2577 4546 170‚19

695 4703 732 4771 ¹)
771 4705 979 4759 Praeter
1015 4705 1274 4774 Simplicii
1323 4709 1480 4761 verba
1516 4724 1567 4777 p.
1599 4707 1796 4772 101,10
1819 4709 1941 4762 adn.
1980 4709 2140 4762 citata
2184 4708 2249 4761 cf.
2288 4707 2518 4762 eiusdem
2565 4709 2623 4762 in
2660 4711 2747 4761 Ar.
2784 4709 2860 4762 De
2896 4709 3036 4764 caelo
3074 4723 3259 4762 comm.

545 4791 647 4864 (ed.
689 4790 928 4860 Karsten)
967 4807 1020 4864 p.
1054 4793 1266 4850 1281212
