3684 5567
585 266 709 330 218
1467 267 1924 327 ΑΛΕΞΑΝΔΡΟΥ
1961 267 2409 330 ΑΦΡΟΔῙΣῘΕΩΣ

695 439 806 502 ὑπὸ
853 437 1008 527 <τῆς>
1052 441 1243 512 ἕξεως.
1335 443 1484 508 ἀλλὰ
1550 445 1645 509 καὶ
1710 447 1775 508 τὸ
1842 449 1959 530 πῦρ
2012 444 2146 508 ὅλον
2200 444 2273 509 δι’
2330 446 2467 510 ὅλου
2522 451 2737 531 χωρεῖν
2789 450 2890 510 τοῦ
2946 433 3181 530 σιδήρου
3206 462 3262 505 n

693 542 943 625 λέγουσι,
990 548 1277 618 σώζοντος
1319 546 1511 611 αὐτῶν
1555 549 1832 632 ἑκατέρου
1877 549 1983 631 τὴν
2027 548 2242 612 οἰκείαν
2287 547 2503 613 οὐσίαν.
2576 550 2673 612 καὶ
2718 553 2831 612 τῶν
2875 549 3176 634 στοιχείων

695 644 759 707 δέ
801 667 942 730 φασι
988 651 1103 711 τῶν
1150 651 1444 735 τεσσάρων
1488 649 1559 714 τὰ
1605 650 1729 728 δύο,
1794 649 1862 714 τό
1906 674 1969 714 τε
2036 655 2150 735 πῦρ
2216 653 2312 715 καὶ
2356 653 2452 715 τὸν
2506 651 2669 736 ἀέρα,
2735 654 3062 736 λεπτομερῆ
3117 675 3180 714 τε

697 749 790 812 καὶ
837 754 1027 836 κοῦφα
1071 753 1166 816 καὶ
1211 751 1417 816 εὔτονα
1461 750 1616 829 ὄντα,
1662 752 1757 818 διὰ
1801 759 1919 817 τῶν
1972 753 2095 830 δύο,
2149 757 2255 837 γῆς
2298 777 2361 816 τε
2404 755 2499 816 καὶ
2544 755 2768 835 ὕδατος,
2823 757 3179 838 παχυμερῶν

622 871 653 918 5
691 853 786 915 καὶ
832 854 1056 938 βαρέων
1104 857 1200 919 καὶ
1243 854 1463 920 ἀτόνων
1511 854 1690 920 ὄντων
1736 857 2239 942 διαπεφοιτηκέναι
2282 855 2391 920 ὅλα
2432 855 2513 920 δι’
2556 857 2728 939 ὅλων,
2773 860 3033 929 σώζοντα
3077 857 3180 939 τὴν
3205 875 3261 917 ω

692 955 908 1018 οἰκείαν
953 957 1122 1042 φύσιν
1167 959 1264 1022 καὶ
1309 958 1611 1044 συνέχειαν
1654 958 1804 1022 αὐτά
1846 983 1909 1022 τε
1952 961 2047 1023 καὶ
2113 960 2326 1024 ἐκεῖνα.
2416 960 2741 1045 δηλητήριά
2781 983 2845 1022 τε
2898 960 2967 1022 τὰ
3011 959 3180 1044 φθεί-

690 1080 862 1142 ροντα
905 1061 1001 1124 καὶ
1044 1060 1145 1128 τὰς
1189 1061 1396 1145 ὀσμάς,
1465 1061 1596 1125 ὅσαι
1640 1066 1917 1138 τοιαῦται,
1986 1064 2257 1146 ἡγοῦνται
2302 1064 2607 1148 κιρνᾶσθαι
2673 1067 2793 1131 τοῖς
2836 1060 2933 1125 ὑπ’
2988 1061 3179 1125 αὐτῶν

691 1163 1033 1247 πάσχουσιν,
1095 1162 1204 1228 ὅλα
1247 1163 1318 1227 δι’
1375 1163 1528 1230 ὅλων
1572 1165 2020 1250 παρατιθέμενα.
2110 1165 2205 1229 καὶ
2249 1167 2315 1228 τὸ
2362 1173 2490 1250 φῶς
2541 1167 2605 1229 δὲ
2648 1171 2732 1250 τῷ
2778 1165 2907 1250 ἀέρι
2953 1165 2983 1227 ὁ
3030 1161 3182 1249 Χρό-

693 1285 898 1336 σιππος
942 1266 1248 1351 κιρνᾶσθαι
1281 1263 1289 1352 1
1323 1267 1494 1351 λέγει.
1569 1269 1664 1332 καὶ
1709 1269 1855 1352 αὕτη
1902 1269 2006 1350 μὲν
2050 1269 2089 1351 ἡ
2136 1269 2265 1352 περὶ
2310 1270 2573 1351 κράσεως
2609 1267 2747 1338 δόξα
2778 1266 3130 1350 Χρυσίππου
3178 1274 3281 1330 5⁹7

519 1375 562 1427 V
610 1387 668 1434 10
706 1391 766 1431 τε
813 1370 910 1432 καὶ
954 1373 1071 1432 τῶν
1114 1370 1239 1434 κατ’
1295 1370 1468 1435 αὐτὸν
1513 1370 2001 1455 φιλοσοφούντων.
2092 1371 2399 1453 Θαυμάσαι
2442 1370 2493 1434 δ’
2547 1371 2615 1435 ἄν
2670 1395 2753 1440 τις
2794 1371 3006 1450 αὐτῶν,
3054 1374 3179 1439 πῶς

695 1476 820 1540 ταῖς
863 1475 1080 1543 κοιναῖς
1121 1473 1364 1544 ἐννοίαις
1409 1475 1526 1536 δεῖν
1570 1473 1830 1559 χρῆσθαι
1875 1473 2133 1556 λέγοντες
2178 1474 2323 1558 πρὸς
2376 1472 2477 1543 τὰς
2520 1479 2635 1538 τῶν
2679 1474 2997 1557 τιθεμένων
3044 1473 3180 1534 ἀπο-

695 1573 910 1657 δείξεις,
969 1578 1050 1645 ὡς
1093 1575 1294 1646 οὔσαις
1339 1580 1604 1660 φυσικοῖς
1649 1581 1752 1659 τῆς
1797 1574 2077 1657 ἀληθείας
2129 1578 2457 1662 κριτηρίοις,
2510 1577 2579 1640 οὐ
2624 1577 2835 1646 πάσαις
2880 1578 3096 1660 μᾶλλον
3141 1572 3181 1657 ἢ
3233 1589 3263 1632 ⁵

697 1675 931 1746 ταύταις
973 1684 1229 1763 χρῶνται
1274 1681 1418 1764 πρὸς
1462 1679 1565 1748 τὰς
1629 1677 1822 1748 θέσεις
1865 1683 1982 1742 τῶν
2047 1680 2276 1744 οἰκείων
2342 1682 2661 1763 δογμάτων.
2748 1679 2821 1742 τὰ
2872 1682 3008 1760 γοῦν
3052 1675 3182 1760 περὶ

693 1781 956 1863 κράσεως
1023 1780 1120 1844 ὑπ’
1174 1781 1366 1845 αὐτῶν
1411 1780 1696 1866 λεγόμενα
1740 1780 1808 1845 οὐ
1856 1780 2029 1864 μόνον
2076 1782 2143 1846 οὐ
2191 1787 2556 1868 προσχρῆται
2620 1787 2745 1852 ταῖς
2787 1783 3056 1867 φυσικαῖς
3098 1779 3181 1840 ἐν·

594 1903 652 1950 15
691 1883 885 1959 νοίαις,
955 1883 1103 1946 ἀλλὰ
1147 1885 1242 1948 καὶ
1287 1888 1554 1948 πλεῖστον
1601 1884 1736 1948 ὅσον
1781 1885 2007 1947 ἀποδεῖ.
2098 1885 2163 1949 τό
2228 1909 2289 1948 τε
2354 1887 2465 1971 γὰρ
2512 1890 2686 1969 σῶμα
2754 1885 2847 1948 διὰ
2912 1887 3181 1967 σώματος

694 1989 910 2070 χωρεῖν
956 1985 1091 2049 ὅλον
1137 1987 1260 2072 ὅλῳ
1308 1985 1819 2072 παρεκτεινόμενον
1864 1986 1933 2049 οὐ
1982 1987 2155 2070 μόνον
2185 1987 2305 2074 <οὖ>
2350 1989 2689 2074 προσπίπτει
2736 1987 2882 2052 κατὰ
2923 1985 3026 2056 τὰς
3068 2007 3181 2048 κοι-

693 2088 792 2158 νὰς
837 2089 1074 2165 ἐννοίας,
1121 2089 1271 2153 ἀλλὰ
1315 2093 1412 2154 καὶ
1459 2091 1733 2155 ἀδύνατον
1779 2089 1925 2154 εἶναι
1969 2091 2364 2176 προείληπται.
2454 2093 2673 2176 φυσικὴ
2732 2091 2839 2175 γὰρ
2883 2089 3073 2153 ἔννοια
3114 2087 3181 2150 τὸ
3207 2101 3264 2144 10

692 2191 756 2254 τὸ
825 2194 1040 2275 πλῆρες
1107 2193 1311 2278 μηκέτ’
1367 2194 1426 2257 ἐν
1471 2193 1631 2279 αὑτῷ
1703 2193 1985 2258 δύνασθαι
2050 2193 2338 2280 δέχεσθαί
2377 2219 2446 2258 τι.
2538 2195 2619 2278 μὴ
2684 2193 2793 2278 γὰρ
2838 2191 2923 2257 ἔτι
2966 2195 3181 2275 πλῆρες

691 2293 836 2358 εἶναι
881 2295 1163 2360 δύνασθαι
1208 2296 1273 2358 τὸ
1317 2299 1521 2381 χώραν
1565 2293 1706 2382 ἔχον
1751 2296 1826 2370 ἐν,
1857 2296 2019 2382 αὑτῷ
2052 2299 2317 2383 δεκτικὴν
2350 2299 2556 2380 ὁμοίου
2602 2295 2769 2371 τινός,
2815 2295 2862 2378 †
2892 2295 3178 2380 ὤφθησαν

584 2417 651 2464 20
689 2395 845 2484 ἔχειν
915 2401 1008 2462 δεῖ
1067 2399 1138 2482 ἢν
1204 2399 1450 2482 φυσικήν
1496 2421 1559 2461 τε
1603 2399 1698 2462 καὶ
1765 2400 1961 2483 κοινὴν
2005 2399 2285 2484 πρόληψιν
2352 2399 2467 2484 ἤδη
2525 2402 2690 2463 δοκεῖ
2737 2421 2879 2462 τισιν
2922 2396 3180 2478 εὔλογον,

690 2501 842 2564 εἶναί
879 2524 930 2563 τι
977 2505 1091 2563 τῶν
1138 2501 1426 2584 σωμάτων
1488 2498 1766 2577 δεκτικόν,
1833 2501 1869 2563 ὃ
1913 2505 2199 2586 καλοῦμεν
2244 2502 2439 2566 τόπον.
2526 2507 2653 2571 πῶς
2701 2502 2811 2585 γὰρ
2856 2499 2925 2565 ἄν
2972 2522 3053 2567 τις
3098 2500 3179 2584 μὴ
3210 2513 3264 2556 1⁸

689 2604 887 2687 φωνὰς
930 2603 1100 2674 κενὰς
1145 2601 1492 2689 βουλόμενος
1536 2603 1719 2686 λέγειν
1765 2604 2065 2687 ἐπινοήσαι
2132 2607 2308 2688 σῶμά
2351 2629 2403 2668 τι
2448 2609 2663 2690 πλῆρες
2714 2607 2894 2669 αὑτοῦ
2937 2605 3031 2666 καὶ
3077 2625 3181 2684 μη-

692 2709 789 2772 δὲν
835 2706 975 2793 ἔχον
1023 2708 1081 2770 ἐν
1127 2708 1289 2791 αὑτῷ
1337 2709 1502 2770 κενὸν
1546 2707 1857 2790 διάστημα,
1902 2707 2220 2793 δεχόμενον
2264 2709 2324 2772 ἐν
2370 2709 2530 2794 αὑτῷ
2576 2708 2717 2772 ἄλλο
2763 2713 2936 2790 σῶμα
2966 2705 3183 2788 ὁμοίως

691 2814 906 2896 πλῆρες
949 2811 1156 2891 αὑτοῢ;
1203 2813 1256 2874 εἰ
1303 2811 1406 2894 μὲν
1449 2809 1562 2894 γὰρ
1607 2809 1703 2872 διὰ
1747 2811 1943 2893 πόρων
1988 2816 2158 2874 τινῶν
2190 2815 2407 2896 χωρεῖν
2452 2810 2599 2874 αὐτὰ
2642 2809 2716 2874 δι’
2772 2811 3040 2894 ἀλλήλων
3084 2805 3177 2868 λέ-

583 2935 648 2984 25
686 2939 792 2998 γει,
860 2914 928 2978 οὐ
973 2913 1170 2981 κενοὺς
1215 2915 1341 2998 ἐρεῖ
1399 2913 1532 2984 τοὺς
1577 2911 1788 2994 πόρους
1839 2913 1973 2982 τοὺς
2040 2913 2395 2999 δεχομένους
2458 2914 2525 2976 τὸ
2573 2917 2772 2997 σῶμα;
2838 2911 2970 2976 ἀλλ’
3024 2911 3178 2974 οὕτω
3204 2924 3260 2966 ⁸⁰

691 3019 751 3081 ἐν
797 3023 880 3102 τῷ
928 3018 1156 3098 σώματι
1200 3019 1357 3080 κενά.
1447 3017 1498 3080 εἰ
1543 3017 1607 3080 δὲ
1651 3017 1889 3099 πλήρεις
1954 3015 2133 3080 ἄλλου
2185 3017 2335 3085 τινὸς
2388 3019 2677 3097 σώματος,
2744 3017 2797 3080 εἰ
2844 3017 2948 3100 μὲν
2994 3014 3177 3081 ὑπεξι-

691 3120 852 3190 όντος
897 3120 1100 3184 τούτου
1145 3121 1244 3183 καὶ
1289 3123 1779 3204 παραχωροῦντος
1842 3123 1949 3202 τῆς
1990 3121 2193 3204 χώρας
2256 3123 2340 3202 τῷ
2400 3118 2885 3204 ἐπεισκρινομένφ
2934 3121 3179 3201 σώματι,

691 3223 814 3288 οὐδ’
870 3224 1055 3292 οὕτως
1099 3219 1260 3286 ἔσται
1304 3223 1370 3285 τὸ
1415 3227 1608 3305 σῶμα,
1654 3221 1804 3284 καθὸ
1852 3225 2044 3304 σῶμα,
2090 3222 2408 3307 δεχόμενόν
2452 3244 2503 3284 τι
2550 3223 2725 3303 σῶμα
2768 3222 2829 3284 ἐν
2874 3221 3058 3304 αὐτῷ,
3126 3217 3189 3281 εἴ

689 3351 756 3411 γε
801 3329 1102 3412 ὑποχωρεῖ
1143 3327 1388 3410 θάτερον
1433 3323 1688 3409 θατέρῳ,
1731 3324 1785 3386 εἰ
1827 3323 1893 3386 δὲ
1938 3323 2339 3406 ὑπομένοντος,
2386 3327 2510 3393 πῶς
2558 3322 2679 3386 οἷόν
2709 3346 2773 3386 τε
2802 3323 2937 3392 τοὺς
2964 3325 3178 3403 πεπλη-

585 3452 653 3500 30
690 3431 986 3517 ρωμένους
1030 3427 1242 3512 πόρους
1287 3431 1558 3510 σώματος
1602 3427 1664 3488 ἐν
1709 3425 1905 3495 αὑτοῖς
1946 3425 2089 3490 ἄλλο
2134 3451 2186 3490 τι
2230 3425 2511 3512 δέχεσθαι
2556 3429 2761 3509 σῶμα;
2808 3426 3041 3510 καὶγὰρ
3086 3425 3181 3490 διὰ
3204 3439 3260 3482 ὕ

689 3541 794 3618 τῆς
836 3531 1171 3616 αἰσθήσεως
1213 3533 1521 3614 γνώριμον,
1567 3529 1651 3593 ὅτι
1699 3529 1850 3612 μηδὲ
1894 3527 1965 3592 τὰ
2009 3527 2332 3592 λεπτότατα
2374 3533 2478 3592 τοῦ
2524 3531 2797 3612 σώματος
2842 3529 3041 3610 ἀγγεῖα
3086 3551 3179 3590 πε·

693 3634 1048 3721 πληρωμένα
1093 3635 1192 3698 οἷά
1233 3633 1298 3697 τέ
1343 3635 1464 3698 ἐστι
1510 3632 1784 3702 δέξασθαι
1831 3633 2003 3713 σῶμα
2048 3631 2109 3694 ἐν
2136 3631 2331 3701 αὑτοῖς
2376 3636 2461 3716 τῷ
2509 3631 2881 3695 κεκωλῦσθαι
2924 3632 3021 3694 καὶ
3064 3630 3180 3693 ἐπι-

693 3740 1035 3825 πεφράχθαι
1095 3738 1198 3807 τὰς
1241 3743 1344 3822 τῆς
1391 3736 1799 3820 μεταστάσεως
1848 3731 1857 3820 Ι
1905 3733 2095 3798 αὐτῶν
2151 3733 2337 3802 ὁδούς.
2428 3730 2513 3796 ἔτι
2556 3731 2607 3796 δ’
2662 3734 2716 3796 εἰ
2761 3731 2857 3796 διὰ
2900 3736 3122 3817 πεπλη-
3168 3741 3273 3798 598

691 3841 969 3927 ρωμένων
1015 3845 1132 3904 τῶν
1178 3839 1373 3924 πόρων
1420 3841 1457 3922 ἡ
1503 3841 1756 3923 πάροδος
1800 3844 1920 3909 τοῖς
1964 3841 2217 3922 σώμασι,
2263 3837 2525 3921 περιττόν
2571 3836 2693 3900 ἐστι
2736 3837 2801 3899 τὸ
2847 3835 3061 3922 πόρους
3103 3836 3177 3898 εἰ-

588 4076 610 4126 l
652 4078 741 4144 τῆς
766 4072 882 4126 add.
909 4072 1076 4125 Ideler
1095 4067 1176 4124 R?
1355 4071 1386 4123 5
1422 4070 1618 4123 ἀτόνων
1645 4073 1746 4123 Ra:
1783 4069 1947 4122 τόνων
1986 4071 2039 4136 (α
2066 4071 2431 4139 suprascr.)A:
2470 4067 2629 4120 τόνων
2649 4069 2825 4122 BCPS
3002 4067 3051 4120 6.
3076 4069 3107 4120 7
3146 4065 3283 4139 φθεί-

585 4161 758 4232 ροντα]
807 4162 1049 4230 φάρμακα
1083 4158 1246 4211 Ideler
1420 4158 1494 4210 12.
1530 4158 1589 4210 13
1627 4157 1688 4211 οὐ
1713 4160 1890 4218 πάσαις
1927 4157 2119 4228 μᾶλλον
2154 4159 2187 4227 ἡ
2214 4157 2415 4215 ταύταις
2440 4158 2647 4224 scripsi:
2687 4155 2857 4214 οὔσαις
2880 4154 3073 4223 μᾶλλον
3110 4157 3141 4226 ἠ
3168 4154 3285 4208 ταὺ-

583 4269 690 4307 ταις
709 4251 964 4302 ABCPS:
1003 4245 1193 4316 μᾶλλον
1219 4246 1251 4314 ἢ
1279 4245 1478 4304 τοΰταις
1501 4250 1572 4300 R:
1613 4245 1805 4314 μᾶλλον
1830 4245 1863 4317 ἦ
1890 4245 2085 4305 τούτοις
2110 4265 2141 4298 a
2324 4246 2383 4298 15
2422 4244 2597 4298 ἀποδεῖ
2620 4244 2795 4313 Apelt:
2834 4243 2965 4296 ἅπαν
2990 4243 3064 4295 δεῖ
3096 4243 3217 4296 libri

588 4337 648 4389 16
687 4336 744 4390 οὒ
783 4335 900 4388 add.
925 4334 1079 4403 Apelt
1260 4333 1320 4384 17
1360 4339 1540 4404 φυσικῆ
1567 4338 1741 4388 ABPa
1906 4335 1988 4403 τὸ]
2025 4335 2105 4404 τῷ
2138 4337 2239 4386 Ra:
2284 4347 2383 4384 om.
2406 4335 2489 4386 Ps
2674 4331 2749 4384 19.
2772 4331 2842 4384 ‘20
2877 4328 3280 4401 ὤφθησαν-ἣν]

585 4425 854 4496 σαφήνειαν
891 4424 1012 4495 ἔχει,
1047 4421 1121 4475 δι’
1143 4423 1206 4492 ἣν
1233 4423 1396 4475 Diels:
1435 4421 1716 4492 ὀφθαλμοῖς
1751 4423 1883 4476 ἔστιν
1918 4421 2050 4475 ἰδεῖν.
2098 4421 2161 4491 ἣν
2190 4421 2379 4473 ldeler=
2420 4417 2667 4490 ὤφθησαν
2692 4419 2841 4490 ἔχειν.
2890 4415 2959 4471 δι’
2980 4418 3045 4488 ἣν
3066 4419 3217 4487 Apelt

585 4514 655 4567 20
689 4513 853 4567 δοκεῖν
888 4513 1065 4564 BCPS
1243 4509 1305 4562 21
1347 4529 1394 4562 τι
1431 4511 1613 4579 Apelt:
1651 4511 1709 4564 τὸ
1743 4510 1867 4563 libri
2042 4507 2329 4589 δεΙχόμενον
2366 4508 2419 4588 ἐν
2456 4507 2597 4588 αυτῷ
2634 4506 2757 4588 Q?
2792 4505 3137 4587 σῷμαΙκτικὸν
3172 4511 3217 4560 R

583 4617 610 4670 ὃ
657 4617 865 4683 scripsi:
923 4613 978 4666 ὃν
1023 4615 1146 4668 libri
1359 4615 1442 4667 24.
1481 4616 1548 4668 25
1594 4616 1744 4685 λέγει]
1783 4615 1889 4689 ἔχει
1926 4619 2025 4669 Ra:
2072 4616 2173 4686 ἐρεῖ
2208 4612 2369 4684 Apelt
2580 4613 2645 4667 25
2682 4613 2740 4666 οὔ
2778 4613 2988 4682 scripsi:
3025 4611 3058 4682 ῆ
3097 4611 3217 4666 libri

585 4703 698 4757 ἀλλ’
723 4701 858 4756 οὕτω
885 4703 1096 4771 scripsi:
1137 4701 1264 4756 ἀλλὰ
1301 4705 1364 4756 τὰ
1402 4707 1497 4768 (τῶ
1523 4705 1581 4768 S)
1617 4705 1760 4758 libri:
1799 4704 1831 4773 ἢ
1872 4703 1997 4756 ἄλλα
2032 4704 2141 4756 τινὰ
2170 4703 2332 4755 ldeler
2508 4702 2575 4754 26
2630 4699 2832 4770 πλήρεις
2868 4701 3046 4768 Apelt:
3102 4697 3283 4768 πλῆρες

583 4793 698 4844 libri
865 4790 948 4842 28.
975 4789 1042 4842 29
1081 4789 1130 4842 εἴ
1160 4807 1214 4859 γε
1243 4791 1421 4857 Apelt:
1461 4791 1559 4844 εἴτε
1584 4791 1703 4844 libri
1884 4791 1942 4843 31
1989 4790 2270 4844 λεπτότατα
2296 4791 2409 4854 τοῦ]
2446 4789 2753 4842 λεπτοτάτου
2777 4785 2881 4841 B²a
3054 4785 3125 4840 33
3160 4785 3285 4856 μετὰ

584 4880 805 4935 στάσεως
842 4881 891 4930 A
1069 4875 1142 4928 ἔτι
1179 4872 1228 4928 δ’
1267 4879 1311 4930 εἰ
1349 4881 1528 4946 Apelt:
1569 4877 1646 4930 ὅτι
1681 4877 1754 4932 δεῖ
1789 4879 1912 4932 libri
2090 4877 2159 4930 34
2194 4877 2267 4930 ἔτι
2301 4883 2353 4930 A
