3684 5567
3072 1451 3151 1492 Ed.

555 1479 1086 1550 ΑΛΕΞΑΝΔΡΟΥ
1120 1479 1646 1548 ΑΦΡΟΔΙΣΙΕΩΣ
1693 1481 1879 1549 ΠΕΡΙ
1927 1480 2299 1552 ΚΡΑΣΕΩΣ
2346 1485 2483 1552 ΚΑΙ
2531 1479 2973 1552 ΑΥΞΗΣΕΩΣ.
3046 1505 3187 1606 3⁸5¹&

434 1797 460 1850 1
640 1812 678 1851 x·
726 1812 767 1853 a·
810 1814 851 1852 ιι
895 1795 1020 1860 πῶς
1051 1787 1102 1854 δ’
1146 1789 1214 1854 ἄν
1245 1791 1624 1877 παραδέξαιτό
1656 1817 1740 1862 τις
1769 1793 1834 1857 τὸ
1868 1793 1929 1856 ἐν
1958 1799 2033 1878 τῇ
2065 1795 2304 1879 τοιαύτῃ
2336 1795 2535 1879 κράσει
2566 1798 2681 1858 τῶν
2711 1795 3001 1876 σωμάτων

513 1893 756 1958 ἕκαστον
823 1897 938 1958 τῶν
984 1893 1334 1978 κιρναμένων
1401 1899 1709 1980 φυλάττειν
1754 1897 2034 1961 δύνασθαι
2076 1898 2181 1981 τὴν
2227 1898 2437 1961 οἰκείαν
2496 1897 2852 1982 ἐπιφάνειαν,
2921 1899 3001 1964 ὥς

518 1998 668 2078 ὁμοῦ
713 1997 816 2078 μὲν
864 1998 1014 2082 μηδὲ
1057 1999 1122 2061 τὸ
1167 2000 1347 2083 τυχὸν
1378 1999 1556 2062 αὐτοῦ
1591 1998 1787 2082 μόριον
1832 1999 1984 2064 εἶναι’
2022 2001 2137 2084 [τε]
2187 1999 2326 2064 καθ’
2382 2001 2523 2064 αὑτὸ
2568 1998 3000 2086 κεχωρισμένον

439 2121 471 2168 5
511 2099 781 2182 θατέρου,
850 2101 1000 2184 ὁμοῦ
1066 2101 1132 2164 δὲ
1196 2104 1497 2187 φυλάττειν
1560 2103 1802 2168 ἕκαστον
1849 2102 2041 2166 αὐτῶν
2086 2105 2192 2187 τὴν
2237 2104 2573 2188 ἐπιφάνειαν
2618 2103 2722 2185 τὴν
2769 2103 2997 2174 ἑαυτοῦ,
3052 2117 3080 2160 5

507 2205 579 2284 ἢν
623 2203 750 2290 εἶχε
798 2205 895 2268 καὶ
939 2200 1198 2288 πρὸτῆς
1242 2207 1531 2290 κράσεωςς
1577 2210 1746 2269 τοῦτο
1790 2205 1897 2289 γὰρ
1944 2207 2235 2292 ὑπεραίρει
2280 2209 2375 2270 καὶ
2418 2206 2521 2276 τὰς
2549 2203 2610 2268 ἐν
2640 2210 2761 2274 τοῖς
2793 2196 2998 2289 μῦθοις

509 2306 1014 2392 παραδοξολογίας,
1083 2307 1116 2369 ὃ
1182 2308 1376 2392 τίθησι
1423 2307 1762 2393 Χρύσιππος
1810 2311 1946 2374 ὅσον
2012 2311 2073 2374 ἐν
2128 2309 2316 2395 τοῦτῳ
2360 2311 2427 2373 τὸ
2473 2309 2751 2372 δύνασθαι
2794 2307 2867 2370 τὰ
2910 2330 2998 2370 κε-

506 2411 763 2494 κραμένα
807 2411 1167 2496 χωρίζεσθαι
1212 2413 1401 2475 πάλιν.
1489 2416 1592 2476 τοῦ
1637 2435 1700 2475 τε
1766 2414 1875 2497 γὰρ
1931 2414 2113 2496 λέγειν
2170 2414 2451 2477 δύνασθαι
2502 2413 2863 2498 χωρίζεσθαι
2926 2411 2999 2473 τὰ

507 2513 852 2599 κεκραμένα,
919 2513 1068 2576 ἀλλὰ
1112 2517 1209 2577 καὶ
1252 2519 1354 2578 τοῦ
1401 2513 1538 2598 μηδ’
1597 2517 1748 2584 ὅλως
1794 2515 2107 2600 κιρνᾶσθαί
2144 2541 2268 2580 τινα
2323 2517 2602 2580 δύνασθαι
2654 2515 2836 2597 λέγειν
2894 2537 2995 2597 μα·
3024 2531 3080 2572 ιο

403 2638 468 2682 10
505 2623 629 2702 κρῷ
697 2615 1150 2700 παραδοξότερον
1215 2621 1313 2680 καὶ
1364 2619 1518 2701 παρὰ
1563 2618 1664 2687 τὰς
1723 2619 1993 2682 ἁπάντων
2039 2619 2259 2688 ἐννοίας
2326 2621 2390 2682 τὸ
2444 2617 2627 2701 λέγειν
2696 2619 2845 2698 ὁμοῦ
2891 2617 2995 2699 μὲν

505 2719 581 2783 δι’
638 2719 790 2784 ὅλων
835 2720 1105 2804 ἀλλήλων
1151 2726 1367 2806 χωρεῖν
1412 2745 1534 2784 τινα
1582 2725 1846 2805 σώματα,
1892 2725 1973 2791 ὡς
2003 2723 2183 2806 μηδὲν
2214 2722 2407 2786 αὐτῶν
2440 2721 2639 2806 μόριον
2668 2719 2811 2783 εἶναι
2844 2709 2983 2782 καθ’

501 2820 661 2903 αὑτό,
734 2825 882 2904 ὁμοῦ
949 2821 1008 2886 δ’
1071 2823 1314 2887 ἕκαστον
1382 2825 1576 2888 αὐτῶν
1623 2826 1734 2888 ὑπὸ
1781 2830 1887 2909 τῆς
1952 2826 2166 2893 οἰκείας
2218 2825 2551 2910 ἐπιφανείας
2596 2822 2994 2908 περιέχεσθαι,

501 2925 600 3008 ὑφ’
665 2926 735 3009 ἧς
778 2927 1100 3010 περιείχετο
1147 2929 1242 2989 καὶ
1285 2928 1397 3012 πρὸ
1451 2933 1556 3010 τῆς
1609 2928 1832 3011 μίξεως.
1922 2927 1987 2991 τό
2032 2952 2095 2991 τε
2142 2927 2241 2992 οὖν
2288 2934 2462 3012 σῶμα
2506 2926 2599 2990 διὰ
2644 2929 2916 3006 σώματος
2943 2924 2990 3007 †

500 3029 776 3112 οὐδεμιᾶς
821 3031 1042 3093 ἐλάττω
1089 3030 1366 3115 διαφορὰν
1411 3028 1560 3110 ἔχειν
1630 3031 1963 3115 συμβέβηκε
2018 3035 2133 3094 τῶν
2180 3031 2327 3095 κατὰ
2392 3029 2735 3116 φιλοσοφίαν
2780 3030 2989 3112 δογμά-
3019 3044 3071 3086 1⁵

395 3151 460 3200 15
499 3155 611 3194 των
657 3135 754 3196 καὶ
799 3137 915 3194 τῶν
959 3135 1088 3216 περὶ
1136 3133 1344 3215 μίξεώς
1387 3156 1450 3196 τε
1503 3137 1598 3197 καὶ
1653 3136 1917 3218 κράσεως
1980 3133 2186 3216 λόγων.
2274 3135 2341 3198 οὐ
2406 3134 2517 3218 γὰρ
2572 3131 2743 3216 μόνον
2810 3131 2991 3215 διηνέ-

499 3236 737 3320 χθησαν
781 3235 925 3320 πρὸς
969 3236 1256 3319 ἀλλήλους
1301 3239 1430 3320 περὶ
1474 3237 1642 3299 τοῦδε
1706 3241 1807 3300 τοῦ
1853 3237 2133 3322 δόγματος
2179 3239 2231 3301 οἱ
2281 3239 2413 3319 μίαν
2456 3238 2597 3320 ὅλην
2642 3235 2987 3298 ὑποκεῖσθαι

500 3341 643 3401 πᾶσι
688 3341 806 3406 τοῖς
851 3338 911 3400 ἐν
955 3336 1173 3418 γενέσει
1219 3340 1482 3421 σώμασιν
1550 3338 1813 3421 λέγοντες
1858 3340 2001 3423 πρὸς
2064 3341 2198 3410 τοὺς
2242 3341 2309 3404 ἐκ
2352 3338 2745 3424 διωρισμένων
2790 3361 2852 3400 τε
2896 3341 2992 3401 καὶ

505 3440 952 3526 κεχωρισμένων
997 3441 1288 3523 σωμάτων
1342 3446 1646 3511 ποιοῦντας
1675 3441 1856 3526 αὐτήν
1912 3443 2024 3525 (ὧν
2055 3445 2109 3507 οἱ
2143 3444 2244 3528 μὲν
2282 3444 2473 3527 ἄτομα
2505 3445 2751 3526 σώματα
2782 3440 2991 3525 ἄπειρα
3014 3457 3073 3499 ευ

495 3549 578 3628 τῷ
625 3544 861 3628 πλήθει,
929 3542 1076 3607 κατὰ
1143 3549 1350 3629 σχῆμα
1394 3547 1490 3609 καὶ
1537 3543 1784 3629 μέγεθος
1851 3545 2023 3630 μόνον
2070 3548 2176 3630 τὴν
2243 3548 2385 3630 πρὸς
2430 3545 2660 3629 ἄλληλα
2704 3544 2983 3629 διαφορὰν

385 3667 460 3714 20
498 3645 728 3732 ἔχοντα,
772 3647 876 3716 τὰς
921 3647 1109 3732 ἀρχὰς
1141 3645 1148 3732 Ι
1183 3651 1278 3712 καὶ
1325 3647 1394 3711 τὰ
1441 3650 1707 3733 στοιχεῖά
1749 3670 1921 3732 φασιν
1961 3648 2134 3725 εἶναι,
2181 3653 2279 3713 καὶ
2309 3653 2384 3730 τῇ
2418 3649 2635 3712 τούτων
2666 3647 2937 3712 συνθέσει
2982 3655 3089 3712 590

497 3773 561 3814 τε
605 3753 700 3814 καὶ
744 3755 883 3835 ποιᾷ
929 3756 1252 3836 περιπλοκῇ
1298 3749 1382 3814 ἔτι
1429 3775 1491 3814 τε
1535 3751 1688 3821 τάξει
1731 3755 1829 3814 καὶ
1874 3751 2037 3815 θέσει
2078 3752 2261 3816 τᾶλλα
2310 3751 2594 3835 γίνεσθαι·
2644 3750 2739 3836 ἐφ’
2794 3751 2865 3835 ἧς
2896 3751 2985 3815 δό-

494 3854 592 3938 ξης
637 3858 854 3936 πρῶτοι
897 3854 1001 3938 μὲν
1045 3855 1379 3924 Λεύκιππός
1422 3878 1484 3917 τε
1528 3857 1624 3919 καὶ
1673 3852 2032 3939 Δημόκριτος
2094 3855 2364 3938 γενέσθαι
2408 3857 2691 3930 δοκοῦσιν,
2758 3855 2983 3940 ὕστεροι

493 3957 559 4020 δὲ
619 3951 960 4042 Ἐπίκουρός
1024 3981 1088 4020 τε
1153 3961 1250 4022 καὶ
1314 3959 1368 4020 οἱ
1447 3958 1550 4041 τὴν
1618 3956 1798 4042 αὐτὴν
1865 3959 2053 4040 τούτῳ
2120 3957 2453 4041 τραπέντες·
2520 3959 2575 4020 οἱ
2641 3957 2706 4020 δὲ
2770 3957 2984 4035 αὐτῶν,
3037 3974 3065 4017 5

383 4189 410 4240 1
460 4189 572 4259 περὶ
630 4189 857 4258 κράσεως
900 4187 988 4241 καὶ
1032 4186 1214 4255 μίξεως
1251 4187 1318 4240 B:
1373 4188 1480 4259 περὶ
1527 4185 1706 4255 μίξεως
1742 4192 1820 4242 Ra
2070 4189 2103 4240 4
2155 4187 2281 4258 μηδὲ
2328 4189 2535 4256 scripsi:
2588 4187 2717 4257 μήτε
2759 4187 2879 4242 libri

377 4293 438 4328 τε
479 4277 861 4345 circumscripsi
1105 4276 1135 4328 7
1187 4273 1326 4344 ὅσον]
1375 4275 1594 4328 fortasse
1639 4275 1723 4334 ὡς
1759 4275 1822 4328 ὃν
1870 4275 1964 4343 (ὡς
2000 4273 2144 4333 ὄντος
2179 4276 2229 4327 ἐν
2276 4275 2443 4344 τούτῳ
2488 4279 2577 4328 τοῦ
2614 4275 2792 4342 Apelt)
3001 4277 3085 4347 τὸ]

377 4367 460 4432 τῷ·
506 4381 538 4416 a
801 4364 832 4416 9
880 4362 1030 4432 ἀλλὰ]
1087 4359 1200 4415 ἀλλ’
1247 4363 1278 4430 ἢ
1317 4366 1394 4416 Ra
1664 4347 1904 4415 δὺνασθαι
1948 4367 2049 4416 Ra:
2115 4362 2319 4416 δύναται
2366 4363 2511 4429 (υνατ
2555 4379 2620 4415 ex
2668 4364 2817 4426 corr.)
2855 4365 2942 4416 rel.

383 4451 452 4504 10
487 4450 646 4508 ἐνοίας
681 4455 757 4504 Ra
973 4456 1094 4503 ante
1129 4451 1188 4504 τὸ
1226 4451 1343 4503 add.
1383 4449 1415 4518 ἢ
1461 4467 1597 4503 man.
1639 4467 1737 4503 rec.
1773 4455 1853 4504 Ra
2070 4452 2125 4503 ll
2176 4451 2326 4516 εἶναι]
2360 4447 2395 4526 ᾗ
2434 4455 2514 4504 Ra
2728 4451 2791 4503 14
2828 4451 3083 4522 οὐδεμιᾶς]

378 4537 624 4608 μηδεμιᾶς
661 4541 739 4592 Ra
943 4539 1003 4592 15
1049 4539 1192 4607 λόγον
1229 4540 1300 4590 A¹
1339 4539 1490 4604 (corr.
1531 4539 1624 4603 Αἵ)
1842 4539 1906 4591 16
1960 4540 2030 4605 οἱ]
2075 4538 2135 4592 οὒ
2172 4543 2248 4592 Ra
2482 4540 2541 4592 17
2596 4540 2780 4609 γενέσει
2816 4558 2870 4592 ει
2926 4539 3084 4610 γενὲσι

377 4626 526 4679 codd.
721 4643 774 4678 τε
825 4641 926 4678 om.
971 4645 1004 4678 a
1209 4627 1270 4679 18
1325 4631 1580 4684 ποιοῦντες
1623 4629 1702 4678 Ra
1900 4627 1959 4679 19
2010 4632 2127 4695 post
2162 4623 2371 4696 μέγεθος
2406 4627 2437 4678 2
2474 4629 2573 4680 litt.
2612 4643 2784 4680 erasae
2820 4632 2871 4678 A

375 4713 440 4765 21
499 4714 616 4766 ποιά
660 4730 690 4764 a
1023 4711 1242 4782 γίνεσθαι
1287 4717 1390 4766 Ra:
1455 4715 1592 4767 inter
1635 4713 1797 4766 τᾶλλα
1845 4718 1897 4766 et
1942 4711 2027 4784 ἐφ’
2080 4715 2233 4766 7-—8
2277 4715 2479 4767 litterae
2536 4721 2857 4767 evanuerunt
2903 4717 2957 4768 in
3006 4719 3079 4767 A:

373 4801 616 4854 fenestra·
635 4803 692 4853 in
725 4803 798 4854 B:
854 4817 952 4853 om.
991 4804 1120 4857 CPS
1369 4801 1434 4854 23
1470 4800 1637 4871 τούτῳ
1683 4801 1972 4874 τραπέντες]
2008 4801 2203 4854 τοὺτων
2242 4801 2438 4861 ἑπέντες
2474 4805 2579 4854 Ra:
2632 4799 2826 4856 τοὺτων
2862 4803 3083 4864 ἐπιόντες

373 4887 526 4948 δόξαν
564 4887 727 4943 ΙᾶεΙει·
