3684 5567
528 221 665 260 XXIV
1694 220 2085 274 PRAEFATIO

533 391 666 456 cari
710 411 752 456 a
796 391 1205 459 Trincavello
1253 394 1613 477 DANEsmM,
1678 394 1763 459 de
1814 413 1943 476 quo
1997 393 2160 460 haee
2209 392 2344 458 ine:
2421 401 2525 473 „tu
2580 394 2733 459 mihi
2787 394 2852 459 in
2895 394 3251 460 Alexandri

538 509 1038 589 Quaestionibus
1090 532 1257 597 quae
1310 514 1397 579 ad
1450 515 1693 579 calcem
1738 514 2092 598 perductae
2144 514 2229 578 ad
2281 513 2628 579 editionem
2683 521 3048 598 properant,
3103 533 3249 580 eam

538 651 800 715 operam
848 640 912 699 et
956 634 1265 699 auxilium
1309 633 1669 718 impertitus
1715 653 1806 716 es,
1861 639 1934 698 ut
1977 632 2285 717 quidquid
2330 632 2602 698 studiosi
2656 631 2968 698 bonarum
3009 632 3252 699 littera-

538 772 679 815 rum
724 772 805 818 ex
852 752 1086 818 nostris
1131 752 1459 820 laboribus
1504 772 1575 818 se
1620 750 1970 836 profecisse
2013 752 2354 835 senserint,
2405 751 2474 816 id
2517 751 2623 818 vel
2667 752 2945 818 maxime
2986 752 3099 817 tibi
3143 752 3253 818 de-

542 868 794 937 beant.“
900 889 979 935 ex
1044 870 1169 937 boe
1235 871 1429 955 igitur
1494 873 1654 939 libro
1722 892 1854 939 non
1919 874 2126 939 solum
2191 873 2268 957 is,
2335 892 2416 938 ex
2469 890 2596 956 quo
2647 890 2690 937 a
2753 871 3068 957 impressa
3131 880 3252 958 est,

542 989 659 1055 sed
704 989 900 1055 etiam
946 990 1200 1056 codices
1246 991 1295 1054 B
1346 1000 1409 1057 et
1454 993 1498 1057 S
1544 992 1813 1059 correcti
1859 990 2088 1075 sunt.¹)

712 1108 1089 1192 Explicatur
1130 1116 1347 1177 autem
1376 1110 1501 1175 bac
1528 1111 1799 1194 ratione,
1846 1131 1960 1176 eur
1988 1117 2084 1177 tot
2113 1110 2421 1176 lectiones
2449 1111 2675 1177 classis
2704 1111 2926 1179 FSGL
2969 1114 3256 1179 secunda

543 1248 737 1295 manu
780 1230 847 1295 in
876 1230 1193 1296 Venetum
1225 1230 1279 1293 Β
1324 1230 1637 1297 venerint.
1728 1229 2023 1295 nimirum
2068 1229 2256 1295 huius
2299 1230 2584 1297 familiae
2626 1230 2856 1296 librum
2885 1232 2986 1297 vir
3027 1231 3255 1298 doctus

539 1350 651 1415 ille
695 1349 972 1417 correxit
1016 1350 1094 1415 cf.
1140 1352 1265 1435 4‚2.
1296 1352 1380 1417 23
1427 1351 1527 1435 7,2
1573 1350 1722 1435 8,34
1770 1350 1957 1434 10,28
2004 1351 2167 1433 11‚1.
2193 1350 2235 1415 5
2281 1349 2468 1433 12,13
2519 1350 2706 1435 18,2Ο
2746 1352 2953 1434 2Ο,14.
3041 1373 3256 1437 neque

544 1468 847 1554 offendet,
893 1469 1064 1553 quod
1094 1468 1169 1537 S'
1210 1473 1447 1537 multas
1490 1470 1801 1536 lectiones
1845 1468 2110 1535 alterius
2135 1469 2362 1535 Veneti
2390 1470 2516 1535 258
2547 1488 2775 1535 manus
2817 1470 2884 1535 in
2915 1470 2960 1537 S
2990 1472 3255 1557 invexit,

543 1608 705 1673 quas
770 1610 913 1655 cum
984 1587 1289 1656 fratribus
1364 1589 1466 1654 hic
1531 1589 1973 1673 praeterierat.
2081 1606 2233 1653 nam
2297 1608 2428 1654 non
2493 1591 2702 1656 solum
2776 1590 3067 1675 coniecit,
3139 1592 3256 1659 sed

544 1710 737 1776 etiam
798 1730 879 1775 ex
933 1712 1181 1777 Veneto
1230 1711 1282 1776 B
1342 1711 1560 1794 (quem
1620 1709 1856 1775 scimus
1913 1706 2050 1775 fere
2104 1709 2468 1776 consentire
2519 1728 2660 1773 cum
2707 1706 2821 1793 V’)
2874 1710 3114 1793 passim
3165 1712 3257 1778 in-

544 1837 765 1914 specto
822 1851 1005 1895 suum
1050 1830 1283 1895 librum
1336 1828 1632 1895 correxit.
1722 1829 1812 1893 ita
1854 1828 2094 1893 factum
2149 1835 2266 1911 est,
2321 1835 2391 1894 ut
2435 1848 2633 1912 saepe
2677 1826 2796 1893 S²a
2851 1830 3260 1897 consentiant

552 1969 695 2014 eum
740 1948 911 2015 V'B:
991 1950 1127 2033 19,7
1177 1950 1386 2028 2127.
1412 1949 1497 2013 30
1540 1948 1682 2032 22,1
1732 1948 1942 2030 24,18.
1972 1946 2052 2013 19
2095 1947 2234 2030 (ubi
2282 1948 2331 2011 B
2378 1946 2639 2013 exhibet
2681 1948 3112 2033 ἐστιν-εἷναι)
3153 1952 3256 2036 25,

548 2070 648 2134 22.
673 2069 757 2134 25
810 2069 1009 2152 27,17
1059 2069 1216 2152 31,9
1269 2070 1415 2151 32,5
1458 2069 1656 2151 33,19
1709 2068 1884 2149 34‚7.
1973 2067 2161 2131 simul
2214 2085 2474 2133 causam
2528 2067 2840 2152 videmus,
2899 2088 3010 2133 cur
3059 2070 3262 2155 46,10

556 2188 781 2272 130,13
828 2207 969 2253 cum
1016 2207 1143 2253 uno
1191 2186 1439 2253 Veneto
1486 2186 1537 2251 B
1584 2194 1942 2269 congruant
1985 2184 2124 2252 S’a.

722 2306 1065 2391 Ingeniose
1108 2307 1243 2373 dixi
1274 2306 1625 2373 coniecisse
1669 2314 1998 2372 auctorem
2046 2305 2390 2370 lectionum
2423 2304 2624 2371 B'S²a
2667 2306 3083 2389 signatarum.
3157 2312 3262 2375 vel

551 2427 917 2494 emendavit
948 2434 1267 2511 corrupta,
1300 2448 1355 2493 e.
1381 2446 1474 2510 gr.
1510 2427 1653 2509 11,9
1703 2426 1891 2509 15,30
1938 2424 2080 2507 16‚5
2104 2422 2242 2509 (ἔτι)
2271 2422 2456 2507 17,32
2504 2425 2709 2509 18,13.
2737 2427 2818 2491 16
2862 2428 3008 2511 30,9
3053 2430 3259 2511 36,12.

552 2548 828 2632 suspicio
872 2554 1089 2613 autem
1134 2548 1277 2611 aliis
1323 2551 1582 2631 praeter
1626 2546 1944 2610 Venetum
1989 2544 2114 2610 258
2166 2541 2453 2607 fontibus
2497 2562 2644 2609 eum
2698 2566 2881 2613 usum
2925 2568 3069 2615 esse
3113 2570 3264 2633 quo-

554 2667 764 2733 minus
808 2676 1131 2753 naseatur‚
1178 2667 1337 2733 haec
1382 2664 1604 2731 tabula
1647 2671 1804 2749 puto
1851 2662 2178 2746 impediet.

736 2822 894 2887 10,13
930 2822 1045 2875 οὔτε
1081 2821 1363 2890 γινόμενονι
1402 2820 1625 2874 fortasse
1661 2820 1767 2874 ἅτε
1806 2820 2094 2891 γινόμενον
2134 2818 2250 2872 οὔτε
2285 2818 2384 2883 <τὸ>
2421 2820 2679 2889 γινόμενον
2707 2820 2868 2874 S²B²a

734 2910 856 2976 13,3
928 2906 1014 2981 ἐφ’
1054 2908 1111 2961 ὃν
1148 2911 1209 2962 V:
1248 2909 1415 2978 ἕτερον
1452 2911 1677 2962 correxit
1702 2908 1901 2962 GFSL:
1939 2908 2028 2976 μὲν
2067 2908 2117 2961 ἓν
2156 2906 2317 2960 B⁹S²a

730 2999 893 3065 3229
932 2997 1162 3051 δεκτικόν
1202 2997 1261 3049 V:
1299 2998 1497 3049 correxi
1534 2995 1813 3051 δεικτικόνι
1861 2994 2016 3049 αἴτιον
2051 2995 2214 3048 S²B²a

732 3087 897 3153 34,12
934 3092 1151 3139 πεσεῖται
1190 3084 1276 3137 V¹z
1314 3085 1481 3138 πέσσει
1515 3104 1569 3137 τε
1608 3086 1831 3138 correxit
1857 3084 1950 3136 V²:
1989 3083 2269 3137 ἐκπεσεῖται
2306 3083 2398 3135 S²a

732 3175 897 3242 3635
933 3180 1026 3245 τῆς
1060 3176 1129 3232 εἰς
1154 3175 1216 3225 V:
1253 3178 1343 3242 γῆς
1380 3173 1448 3231 εἰς
1484 3174 1706 3227 correxit
1743 3172 1858 3226 GF:
1902 3174 1995 3241 τῆς
2030 3174 2206 3235 (τινος)
2241 3171 2310 3228 εἰς
2347 3168 2506 3223 B2S²a

732 3264 896 3329 66‚15
934 3269 1033 3315 πᾶν
1069 3262 1129 3315 V:
1168 3264 1215 3314 τί
1251 3260 1309 3313 ἂν
1347 3262 1577 3314 correxit
1610 3260 1859 3329 Spengeh
1903 3266 2139 3312 παντοῖον
2178 3258 2338 3311 B²S²a

705 3352 898 3417 103,22
936 3350 1051 3403 οὔτε
1088 3348 1164 3403 ὅτι
1202 3351 1261 3402 V:
1300 3349 1469 3402 οὒκέτι
1506 3350 1730 3401 correxi:
1768 3347 1886 3401 οὔτε
1923 3346 2015 3400 S²a

706 3440 899 3506 104,·23
937 3438 1063 3510 παρ’
1101 3438 1221 3508 ὅπερ
1260 3456 1391 3491 οινον
1428 3439 1491 3490 V:
1526 3433 1651 3506 παρ’
1692 3436 1719 3489 ὃ
1756 3443 1983 3507 περαῖνον
2022 3436 2249 3489 correxit
2285 3436 2356 3488 G:
2402 3431 2524 3505 παρ’
2563 3432 2683 3505 ὅπερ
2721 3436 2843 3489 εἶναι
2881 3435 3041 3487 B³S²a

708 3527 903 3593 129‚28
940 3527 1369 3598 διαγεγόνασινΝἜ
1408 3522 1475 3579 δι’
1514 3526 1547 3577 ἃ
1583 3526 1834 3595 γεγόνασιν
1873 3526 2096 3577 correxi:
2133 3522 2235 3588 (ὃν)
2273 3522 2608 3594 διαγεγόνασιν
2647 3523 2806 3577 B²S²a

733 3666 954 3731 Addas
1001 3666 1209 3749 70‚30‚
1266 3664 1392 3747 ubi,
1441 3662 1591 3748 quia
1643 3661 1979 3727 οὐκ-αὐτὸ
2022 3660 2186 3726 falso
2239 3659 2551 3727 tribuerat
2599 3660 3059 3743 interlocutori‚
3105 3662 3274 3743 ἡγου-

569 3787 727 3871 μένῳ
772 3786 943 3869 quod
988 3784 1295 3868 optimum
1341 3790 1439 3850 est
1480 3782 1546 3847 in
1590 3785 1842 3868 ἠγοῦμαι
1887 3782 2260 3867 pessumdat
2304 3781 2416 3866 ἄρα
2461 3781 2628 3845 ultro
2662 3779 2928 3863 intruso,
2975 3779 3081 3844 vel
3125 3779 3274 3863 36,3

566 3907 672 3971 ubi
702 3906 922 3972 videre
952 3904 1103 3969 licet
1132 3903 1453 3987 quomodo
1482 3900 1970 3985 interpolationi
2000 3901 2324 3967 secundae
2368 3920 2596 3966 manus
2620 3900 2849 3966 Veneti
2881 3899 3006 3965 258
3037 3918 3275 3965 novam

566 4026 922 4109 adiungant
967 4022 1184 4089 B²S'a.
1276 4043 1466 4106 porro
1513 4021 1846 4105 of.46,1.2
1891 4022 2039 4100 51,2
2087 4022 2274 4106 73,16
2324 4021 2569 4106 129,25.

1012 4190 1176 4197 ——.—....
1209 4189 1367 4196 ———

714 4300 750 4361 ¹)
789 4296 1011 4351 Difficile
1048 4312 1168 4349 vero
1206 4301 1285 4348 est
1329 4296 1393 4347 de
1430 4297 1505 4348 eis
1556 4296 1812 4347 secundae
1863 4310 2046 4346 manus
2084 4294 2395 4347 lectionibus
2441 4293 2688 4357 iudicare,
2739 4308 2872 4361 quae
2909 4298 3000 4345 aut
3033 4292 3070 4346 S
3106 4296 3199 4345 aut
3233 4292 3278 4345 B

568 4386 854 4457 peculiares
906 4391 1031 4438 sunt
1076 4390 1169 4438 aut
1213 4384 1445 4437 alterutri
1485 4400 1601 4435 cum
1652 4400 1683 4435 a
1731 4397 2045 4435 communes
2119 4382 2248 4435 latet
2283 4382 2440 4445 enim,
2487 4388 2658 4433 utrum
2706 4381 2790 4432 bic
2827 4380 3157 4443 accesserint,
3207 4395 3280 4431 an

571 4475 679 4527 illic
727 4474 949 4527 omissae
996 4475 1119 4526 sint.
1214 4478 1367 4539 atque
1423 4471 1709 4524 levidensia
1756 4477 1907 4535 sunt,
1961 4486 2094 4539 quae
2139 4486 2277 4521 unus
2315 4466 2375 4521 8²
2420 4471 2646 4536 praebet.
2721 4472 2798 4520 tot
2842 4472 3014 4521 autem
3066 4472 3118 4521 et
3171 4472 3278 4519 tam

570 4563 876 4631 ingeniosae
929 4564 1271 4623 coniecturae,
1327 4576 1460 4627 quae
1498 4560 1754 4612 secundae
1800 4560 1986 4612 Veneti
2031 4558 2074 4610 B
2121 4559 2299 4610 manui
2345 4558 2612 4621 debentur,
2659 4586 2724 4594 —
2771 4558 2928 4609 etiam
2976 4555 3042 4609 ad
3089 4556 3278 4609 librum

572 4652 648 4703 De
685 4650 791 4703 fato
840 4653 897 4703 in
932 4665 1039 4702 uno
1078 4651 1176 4702 hoc
1214 4648 1390 4701 codice
1431 4647 1675 4716 leguntur
1711 4652 1896 4699 notatu
1935 4646 2272 4715 dignissimae
2317 4645 2543 4698 eiusdem
2589 4660 2772 4697 manus
2811 4644 3174 4697 adnotationes
3212 4673 3278 4681 —

572 4737 818 4792 videntur
854 4738 920 4790 ad
958 4738 1114 4790 huius
1150 4738 1345 4789 codicis
1382 4751 1733 4803 possessorem
1770 4734 1936 4787 redire
1973 4750 2089 4785 cum
2127 4733 2314 4787 alienis
2351 4749 2446 4785 sua
2481 4734 2696 4785 inventa
2731 4731 3084 4785 adnotantem.
3154 4732 3280 4785 haec

576 4828 755 4880 omnia
790 4826 1068 4895 diligenter
1105 4824 1289 4893 collegi
1329 4830 1379 4876 et
1416 4825 1471 4876 in
1511 4827 1761 4892 apparatu
1800 4822 2063 4892 proposui.
2123 4889 2131 4899 .
