3684 5567
473 249 557 313 96
1451 243 1755 301 AnoPmN
1796 244 1916 299 κΑι
1957 243 2222 300 ΛΥΣΕΩΝ

576 417 849 484 ἐναντίων
904 423 1174 503 δυνάμεις
1234 418 1375 505 ἔχον
1431 420 1543 505 οὐχ
1589 420 1777 489 οὕτως
1831 418 1991 504 ἔχειν
2047 417 2279 483 δύναται
2332 418 2538 494 αὐτάς,
2594 421 2677 487 ὡς
2729 416 2856 500 ἅμα
2896 416 3089 480 αὐτῶν

578 524 676 585 καὶ
718 525 821 593 τὰς
866 524 1154 609 ἐνεργείας
1197 524 1499 608 δέχεσθαι.
1587 524 1900 605 ἀναγκαῖον
1945 522 2052 605 γὰρ
2101 521 2247 584 κατὰ
2292 520 2394 590 τὰς
2437 520 2727 604 ἐνεργείας
2771 518 2912 582 αὐτὸ
2959 521 3095 582 διαι-
3121 533 3176 575 95

581 626 839 706 ρεῖσθαι,
898 631 979 696 ὡς
1022 627 1081 690 ἐν
1126 626 1293 709 ἄλλῳ
1340 626 1445 709 μὲν
1490 624 1691 709 χρόνῳ
1740 626 1807 688 τὸ
1855 624 2052 708 ἕτερον
2098 622 2290 686 αὐτῶν
2334 623 2660 705 γίγνεσθαι,
2715 622 2776 685 ἐν
2821 619 2985 704 ἄλλῳ
3031 620 3095 683 δὲ

580 727 644 789 τὸ
692 727 905 812 ἕτερον,
950 730 989 812 ἡ
1036 730 1101 791 δὲ
1144 727 1419 811 αἴσθησις
1464 728 1587 810 ἅμα
1618 724 1835 811 ἔκρινεν
1883 724 2074 789 αὐτῶν
2119 725 2222 793 τὰς
2251 726 2553 808 διαφοράς,
2598 728 2682 793 ὡς
2727 724 2850 805 ἅμα
2895 722 3088 785 αὐτῶν

507 848 537 897 5
576 829 973 915 αἰσθανομένη
1018 833 1115 895 καὶ
1161 830 1233 893 τὰ
1278 828 1404 913 εἴδη
1460 830 1858 915 λαμβάνουσα,
1907 826 1914 914 Ι
1963 828 2026 892 εἴ
2059 852 2126 912 γε
2169 829 2234 891 τὸ
2279 827 2664 891 αἰσθάνεσθαι
2708 826 2769 889 ἐν
2815 830 2889 909 τῇ
2937 830 3053 887 τῶν
3101 832 3198 887 183

577 934 748 996 εἰδῶν
793 938 910 999 τῶν
956 935 1254 1018 αἰσθητῶν
1308 934 1503 1017 λήψει.
1596 934 1724 995 ἐπεὶ
1768 934 1835 995 δὲ
1878 934 1973 996 καὶ
2019 931 2214 1014 νόησις
2267 932 2434 994 δοκεῖ
2481 935 2556 1013 τῇ
2613 933 2716 991 τοῦ
2761 926 2950 996 εἴδους
2991 930 3094 990 τοῦ

576 1036 889 1118 νοουμένου
932 1038 1105 1121 λήψει
1152 1035 1437 1118 γίνεσθαι,
1490 1035 1583 1098 διὰ
1626 1039 1797 1099 τοῦτο
1842 1034 2003 1098 εἶπεν
2047 1035 2113 1099 τὸ
2167 1033 2226 1095 εἰ
2273 1037 2549 1095 τοιοῦτο
2597 1031 2931 1114 αἴσθησις
2977 1030 3091 1093 καὶ

577 1137 617 1219 ἣ
664 1136 925 1221 νόησις.
994 1139 1175 1201 εἰπὼν
1222 1139 1287 1201 δὲ
1316 1141 1496 1201 ταῦτα
1538 1138 1633 1200 καὶ
1666 1137 1875 1213 δείξας,
1921 1137 2011 1200 ὅτι
2057 1135 2214 1215 μένει
2259 1133 2345 1197 ἔτι
2390 1134 2832 1218 ἡάπορηθεῖσα
2877 1132 3088 1215 ἀπορία
3147 1146 3176 1189 τι

577 1240 659 1307 ὡς
700 1238 837 1323 (μὴ)
881 1240 1169 1324 δυναμένη
1215 1240 1478 1315 λύεσθαι,
1524 1238 1599 1303 δι’
1641 1240 1723 1301 ὧν
1769 1239 2107 1323 ἐπήνεγκεν,
2153 1236 2199 1317 †
2229 1241 2312 1307 ὥς
2357 1242 2625 1322 προεῖπεν
2671 1234 2808 1299 ἀλλ’
2851 1236 3090 1318 ὥσπερ

478 1361 542 1407 lo
576 1343 657 1425 ἣν
720 1344 1018 1407 καλοῦσί
1068 1366 1248 1412 τινες
1320 1344 1616 1426 στιγμὴν
1684 1342 1723 1425 ἢ
1783 1343 1901 1425 μία
1961 1342 1999 1424 ἢ
2055 1341 2204 1415 δύο,
2267 1342 2486 1422 ταύτῃ
2557 1339 2670 1402 καὶ
2738 1336 3086 1421 διαιρετή,

578 1445 676 1507 καὶ
720 1445 791 1507 τὰ
836 1444 988 1510 ἄλλα
1040 1445 1113 1508 τὰ
1158 1446 1255 1509 ἐπὶ
1297 1446 1546 1519 τούτοις,
1606 1446 1732 1529 ἥτις
1775 1444 1925 1514 λέξις
1981 1442 2210 1528 σφόδρα
2265 1444 2510 1526 ἀσαφῶς
2563 1465 2626 1504 τε
2679 1442 2776 1503 καὶ
2821 1438 3094 1524 βραχέως
3121 1456 3174 1497 ιο

575 1546 853 1633 εἰρημένη
909 1552 1135 1611 τοιοῦτο
1197 1548 1482 1630 σημαίνει.
1582 1546 1736 1616 ἀξιοῖ
1782 1550 2040 1609 τοιοῦτον
2101 1545 2247 1608 εἶναι
2302 1546 2367 1607 τὸ
2426 1541 2476 1627 ᾦ
2543 1545 2581 1625 ἡ
2638 1542 2914 1625 αἴσθησις
2971 1546 3090 1609 τοῖς

578 1646 756 1733 ζῴοις
800 1650 1012 1731 γίνεται
1056 1655 1171 1712 τῶν
1202 1650 1523 1731 αἰσθητῶν,
1570 1653 1653 1717 ὡς
1682 1650 1966 1713 δύνασθαι
2011 1650 2138 1731 ἅμα
2169 1649 2271 1731 μὲν
2318 1646 2378 1710 ἓν
2420 1646 2586 1720 εἶναι,
2633 1646 2756 1727 ἅμα
2787 1647 2852 1709 δὲ
2881 1646 3091 1716 πολλά,

575 1750 758 1820 οὕτως
804 1754 886 1820 ὡς
929 1753 1027 1815 καὶ
1072 1752 1137 1814 τὸ
1169 1757 1437 1835 σημεῖον,
1482 1751 1618 1814 ὅταν
1654 1755 1737 1821 ὡς
1767 1755 2001 1814 πολλῶν
2046 1756 2331 1835 γραμμῶν
2376 1749 2555 1834 πέρας
2583 1750 2813 1832 ληφθῇ.
2881 1748 2942 1810 αἱ
2984 1748 3091 1831 γὰρ
3121 1762 3174 1804 15

477 1871 535 1920 15
573 1852 691 1914 ἀπὸ
720 1857 838 1917 τῶν
885 1859 989 1937 τῆς
1020 1854 1383 1939 περιφερείας
1426 1858 1528 1917 τοῦ
1568 1854 1781 1917 κύκλου
1828 1854 1926 1917 ἐπὶ
1967 1856 2032 1917 τὸ
2065 1853 2296 1936 κέντρον
2341 1850 2620 1935 ἀγόμεναι
2651 1852 2879 1915 εὐθεῖαι
2910 1849 3089 1933 πέρας
3135 1930 3140 1936 ι

575 1953 785 2039 ἔχουσι
841 1960 1024 2020 πᾶσαι
1078 1958 1145 2019 τὸ
1200 1956 1431 2040 κέντρον
1486 1960 1587 2019 τοῦ
1642 1956 1886 2030 κύκλου,
1941 1956 2002 2019 ἓν
2056 1961 2328 2039 σημεῖον,
2383 1956 2416 2018 ὃ
2463 1958 2706 2037 σημεῖον
2761 1953 2822 2016 ἓν
2879 1952 2942 2015 ὂν
2995 1954 3094 2015 καὶ

575 2060 765 2122 πολλά
810 2061 938 2127 πώς
968 2057 1139 2134 ἐστιν,
1186 2057 1322 2121 ὅταν
1354 2061 1437 2127 ὥς
1467 2059 1718 2142 ἑκάστης
1762 2062 1879 2121 τῶν
1919 2062 2202 2141 γραμμῶν
2249 2056 2344 2120 ἐπ’
2389 2056 2532 2119 αὐτὸ
2578 2057 2880 2142 ἀχθεισῶν
2913 2054 3091 2137 πέρας
3117 2071 3174 2112 2⁰

574 2160 955 2245 λαμβάνηται.
1030 2160 1084 2221 εἰ
1125 2159 1236 2243 γὰρ
1279 2162 1507 2222 τοιοῦτό
1554 2183 1608 2223 τι
1651 2161 1690 2243 ἡ
1738 2158 2014 2245 αἴσθησις
2058 2158 2173 2242 εἴη,
2218 2158 2368 2222 καθὸ
2417 2159 2520 2241 μὲν
2568 2158 2630 2221 ἓν
2675 2183 2728 2221 τι
2773 2160 2870 2222 καὶ
2915 2158 3090 2221 ἀδιαί·

576 2262 741 2344 ρετόν
786 2262 971 2339 ἐστιν,
1026 2260 1088 2324 ἓν
1136 2259 1297 2325 ἔσται
1352 2263 1417 2324 τὸ
1472 2268 1661 2346 κρῖνον
1712 2262 1896 2346 (ἀλλὰ
1939 2264 2036 2326 καὶ
2091 2264 2214 2345 ἅμα
2258 2264 2437 2343 κρίνει
2488 2262 2562 2324 τὰ
2605 2262 2666 2325 ἐν
2720 2266 2839 2329 τοῖς
2883 2260 3092 2344 πέρασι

468 2382 535 2429 2ο
573 2369 689 2427 τῶν
735 2370 1019 2447 γραμμῶν
1064 2370 1148 2447 τῷ
1196 2366 1383 2426 πάντα
1428 2364 1498 2426 τὰ
1543 2364 1764 2448 πέρατα
1820 2366 1947 2449 ἅμα
1991 2365 2139 2429 εἶναι
2183 2366 2278 2428 καὶ
2325 2364 2385 2427 ἕν
2431 2364 2542 2446 τι),
2602 2364 2856 2427 καθόσον
2903 2364 2968 2426 δὲ
3013 2367 3094 2432 ὡς
3119 2380 3174 2420 25

570 2466 753 2548 τῆσδε
796 2467 891 2529 καὶ
937 2468 1115 2548 τῆσδε
1168 2465 1348 2549 πέρας
1410 2468 1766 2551 λαμβάνεται
1817 2471 1822 2551 i
1873 2469 1970 2531 καὶ
2024 2472 2278 2531 τοσαῦτα
2332 2468 2718 2552 λαμβάνεται,
2775 2464 2908 2529 ὅσαι
2955 2468 3050 2530 καὶ
3097 2473 3196 2529 184

574 2567 821 2643 εὐθεῖαι,
866 2570 1073 2631 πολλά.
1157 2570 1252 2631 καὶ
1297 2569 1445 2632 κατὰ
1485 2575 1656 2633 τοῦτο
1698 2573 1869 2634 πάλιν
1915 2572 2173 2635 καθόσον
2221 2571 2324 2653 μὲν
2375 2569 2476 2633 οὖν
2521 2568 2710 2633 πολλὰ
2755 2569 2826 2632 τὰ
2871 2568 3092 2652 πέρατα

576 2670 672 2733 καὶ
718 2672 1119 2753 διαφερουσῶν
1148 2676 1454 2755 γραμμῶν,
1500 2672 1689 2736 πολλὰ
1734 2671 1897 2737 ἔσται
1943 2674 2015 2736 τὰ
2055 2672 2366 2758 κρινόμενα
2412 2673 2510 2736 καὶ
2541 2672 2954 2756 κεχωρισμένα
2995 2672 3090 2735 καὶ

570 2772 917 2857 διαφέροντα
946 2773 1042 2836 καὶ
1074 2773 1284 2855 τρόπον
1315 2772 1440 2836 τινὰ
1470 2775 1515 2857 †
1554 2774 1719 2837 οὔπω
1752 2776 2211 2861 κεχωρισμένον,
2253 2774 2511 2839 καθόσον
2542 2775 2609 2837 τὸ
2641 2774 2872 2857 κέντρον
2903 2776 3090 2838 πολλά
3143 2790 3174 2833 5

465 2894 531 2943 25
568 2898 694 2943 πως
738 2874 839 2959 ἧν,
895 2876 977 2937 ὧν
1024 2875 1265 2938 ἕκαστον
1320 2877 1567 2960 κριτικὸν
1626 2876 1688 2941 ὂν
1742 2883 1847 2941 τοῦ
1903 2878 1962 2941 ἐν
2018 2884 2092 2961 τῇ
2151 2878 2268 2961 ἰδίᾳ
2318 2882 2567 2961 γραμμῇ
2623 2877 2854 2945 πάθους
2907 2875 3088 2953 ὄντος,

573 2976 828 3040 καθόσον
876 2978 940 3041 δὲ
984 2976 1045 3041 ἓν
1091 2978 1157 3040 τὸ
1202 2978 1269 3041 ἐκ
1308 2980 1538 3042 πάντων
1586 2979 1739 3043 ἐστὶν
1784 2982 2101 3065 ἀδιάφορον
2146 2982 2242 3043 καὶ
2287 2981 2478 3063 πάντῃ
2524 2981 2590 3043 τὸ
2635 2978 2796 3055 αὐτό,
2843 2979 2986 3043 αὐτὸ
3027 2980 3088 3043 ἕν

572 3103 637 3142 τε
690 3076 850 3143 ἔσται
922 3081 988 3143 τὸ
1050 3084 1237 3164 κρῖνον
1305 3082 1401 3144 καὶ
1456 3081 1580 3165 ἅμα
1642 3086 1854 3167 κρῖνον.
1952 3083 2050 3148 καὶ
2115 3085 2181 3146 τὸ
2239 3083 2343 3164 μὲν
2412 3082 2496 3151 εἰς
2552 3082 2714 3145 λύσιν
2781 3083 3087 3167 εἰρημένον
3117 3100 3172 3142 ιο

572 3186 690 3244 τῶν
752 3182 1141 3267 ἠπορημένων
1194 3186 1469 3247 τοιοῦτον.
1566 3185 1625 3248 τί
1672 3187 1737 3248 δὲ
1792 3190 2051 3250 τοιοῦτον
2109 3186 2422 3271 λαμβάνειν
2476 3182 2631 3247 ἔστιν
2685 3185 2782 3248 ἐπὶ
2843 3190 2948 3269 τῆς
3005 3186 3087 3249 αἰ·

573 3284 878 3369 σθήσεως,
946 3282 1080 3368 (ὡς)
1145 3283 1269 3366 ἅμα
1336 3284 1397 3347 ἔν
1464 3310 1527 3349 τε
1595 3286 1740 3351 εἶναι
1804 3289 1903 3353 καὶ
1972 3290 2189 3361 πολλά,
2261 3288 2479 3370 ὁμοίως
2544 3292 2630 3371 τῷ
2698 3292 2800 3353 τοῦ
2869 3288 3084 3352 κύκλου

466 3404 535 3452 30
571 3386 793 3470 κέντρῳ
860 3391 945 3470 τῷ
1011 3388 1092 3454 ὡς
1151 3386 1358 3471 πέρατι
1416 3394 1532 3450 τῶν
1599 3392 1829 3451 πολλῶν
1897 3390 2144 3453 εὐθειῶν
2212 3389 2522 3474 ληφθέντι,
2597 3389 2665 3453 οὐ
2735 3386 2931 3474 ῥᾴδιον
2998 3392 3086 3455 εὑ·
3117 3408 3169 3450 15

572 3492 709 3571 ρεῖν.
807 3488 985 3570 σῶμά
1033 3510 1096 3550 τε
1154 3487 1263 3571 γὰρ
1317 3490 1381 3551 τὸ
1436 3486 1684 3573 ἔσχατον
1742 3491 2144 3575 αἰσθητήριον,
2214 3491 2273 3554 ἐν
2331 3487 2382 3575 ᾧ
2443 3492 2656 3573 γίνεται
2704 3491 2778 3553 τὰ
2832 3496 2948 3555 τῶν
3003 3494 3084 3556 αἰ·

573 3590 812 3673 σθητῶν
865 3590 1059 3672 πάθη,
1124 3591 1219 3653 καὶ
1282 3578 1397 3676 οὐχ
1450 3590 1571 3653 οἶόν
1634 3616 1697 3655 τε
1750 3592 1821 3655 τὰ
1875 3593 1991 3654 ἀπὸ
2055 3597 2171 3655 τῶν
2227 3592 2399 3656 πέντε
2452 3592 2848 3678 αἰσθητηρίων
2916 3596 3082 3678 πάθη

571 3690 1017 3773 διαπεμπόμενα
1068 3690 1162 3753 ἐπ’
1217 3692 1358 3756 αὐτὸ
1414 3696 1497 3761 ὡς
1548 3693 1641 3755 διὰ
1699 3698 1982 3778 γραμμῶν
2045 3700 2129 3779 τῷ
2187 3695 2350 3779 αὐτῷ
2414 3696 2600 3780 μορίῳ
2655 3699 2754 3758 τοῦ
2814 3699 3085 3779 σώματος
3111 3715 3169 3757 2⁰

573 3794 922 3878 ἐπιβάλλειν.
1010 3793 1229 3875 γένοιτο
1274 3794 1385 3877 γὰρ
1428 3793 1499 3857 ἂν
1545 3797 1714 3858 πάλιν
1760 3797 1820 3859 ἐν
1866 3802 1952 3881 τῷ
2001 3797 2164 3881 αὐτῷ
2217 3797 2290 3860 τὰ
2332 3797 2560 3861 ἐναντία
2602 3795 2876 3879 γινόμενα
2920 3800 3084 3883 πάθη

465 3915 530 3964 35
569 3899 667 3960 καὶ
719 3896 966 3959 ἐναντίαι
1017 3897 1296 3979 κινήσεις,
1354 3895 1416 3959 εἴ
1457 3920 1525 3979 γε
1578 3898 1673 3961 διὰ
1724 3899 1992 3983 τοιαύτης
2045 3902 2332 3985 κινήσεως
2383 3902 2424 3983 ἡ
2477 3897 2604 3964 κατ’
2660 3898 2947 3984 ἐνέργειαν
3003 3901 3085 3964 αἴ-

571 4000 797 4081 σθησις.
884 3996 1021 4060 οὐδὲ
1065 3997 1173 4080 γὰρ
1217 3997 1290 4060 τὰ
1334 3996 1435 4083 ἀφ’
1490 4001 1619 4070 ἑνὸς
1660 4001 2045 4086 αἰσθητηρίου
2091 4001 2532 4086 ὃιαπεμπόμενα
2575 4001 2670 4064 ἐπ’
2726 4001 2868 4065 αὐτὸ
2913 4004 3083 4088 πάθη

570 4100 667 4163 οἷά
710 4123 773 4163 τε
818 4099 966 4162 κατὰ
1011 4101 1077 4162 τὸ
1122 4098 1265 4163 αὐτὸ
1318 4101 1519 4185 μόριον
1562 4102 1741 4166 αὐτοῦ
1784 4104 2066 4186 γίνεσθαι,
2121 4103 2167 4184 †
2199 4104 2348 4181 οἷον,
2403 4104 2463 4167 εἴ
2499 4126 2565 4185 γε
2617 4108 2733 4167 τῶν
2780 4104 2884 4186 μὲν
2931 4106 3085 4170 ἐναν-
3111 4124 3167 4166 25

466 4304 489 4355 1
536 4304 667 4376 ἔχειν
690 4304 809 4371 Sp.:
844 4304 961 4375 ἔχον
1002 4304 1117 4357 libri
1282 4304 1311 4357 7
1350 4309 1575 4359 τοιοῦτον
1614 4306 1755 4375 ἠὸρ.
1918 4306 1951 4359 8
1988 4306 2148 4375 μένει]
2187 4307 2276 4373 μὲν
2313 4306 2389 4376 εἴη
2409 4309 2483 4360 Sa
2649 4310 2678 4360 9
2716 4308 2786 4379 μὴ
2825 4308 2942 4361 add.
2969 4310 3106 4363 vict.

462 4388 525 4443 δι’
554 4391 627 4442 ῶν
652 4397 900 4463 προεῖπεν,
927 4390 1198 4460 ἐπήνεγκεν
1224 4390 1361 4444 coni.
1389 4393 1501 4459 Sp.:
1528 4390 1690 4444 λύων
1717 4392 2007 4462 ἐπήνεγκεν,
2047 4393 2121 4451 ὡς
2141 4400 2431 4461 προεῖπον,
2461 4394 2719 4449 Schwartz
2749 4396 2883 4449 bene
3053 4397 3120 4449 10
3154 4398 3188 4467 ἡ

462 4476 551 4546 μία
574 4477 629 4546 (η
656 4495 746 4546 μια
765 4479 837 4541 V)
864 4476 917 4528 αἱ
942 4477 1088 4530 libri:
1126 4475 1158 4547 ᾖ
1198 4476 1287 4547 μία
1323 4478 1411 4529 καὶ
1446 4474 1479 4549 ᾗ
1520 4479 1655 4531 vict.
1694 4480 1757 4530 cf.
1786 4478 1940 4542 94,21
2096 4480 2157 4531 12
2195 4481 2422 4550 σημαίνει
2461 4499 2492 4533 a
2518 4481 2634 4549 Sp.=
2672 4481 2995 4552 σημαίνεινν
3141 4482 3186 4533 ὡ

460 4564 539 4616 sio
577 4568 625 4615 v
831 4562 894 4614 ιτ
941 4563 1064 4617 αὐτὸ
1111 4563 1387 4637 ἀχθεισῶν]
1440 4564 1562 4617 αὐτὸ
1610 4563 1713 4637 axa
1759 4566 1818 4618 in
1863 4566 1944 4619 lit.
1985 4570 2030 4618 v
2211 4566 2278 4618 22
2331 4566 2496 4619 πολλὰ
2537 4566 2652 4635 sp.:
2699 4567 2882 4621 πολλαὶ
2925 4568 3047 4621 libri
3155 4549 3166 4561 ‘

460 4650 527 4703 24
582 4648 805 4703 fortasse
848 4648 1015 4703 οὕτω
1060 4669 1171 4724 κεχ.
1218 4650 1309 4716 (τὸ
1356 4654 1587 4720 κρῖνον)
1824 4653 2175 4721 κεχωρισμένα
2219 4654 2307 4721 Sp.
2551 4654 2619 4706 25
2673 4658 2764 4706 τοῦ
2801 4654 2905 4707 13²⁸
2949 4654 3066 4722 Sp.=
3120 4659 3190 4729 τῇ

460 4738 663 4789 VB¹FS
877 4737 943 4790 26
991 4736 1113 4790 αὐτὸ
1158 4737 1211 4789 ἕν
1250 4738 1388 4789 vict.
1434 4736 1549 4805 Sp.:
1604 4736 1745 4807 αὐτῷ
1784 4737 1834 4788 ἕν
1875 4738 1996 4792 libri
2209 4740 2276 4793 29
2327 4740 2398 4797 ὡς
2437 4740 2617 4793 addidi
2835 4740 2901 4793 37
2959 4740 3064 4793 οἷον
3099 4758 3186 4794 su·

459 4828 696 4889 spectum
734 4822 1016 4892 Spengolio
1224 4824 1445 4876 fortasse
1480 4822 1585 4891 ἅμα
1622 4823 1686 4876 ef.
1716 4824 1835 4885 973
