3684 5567
1360 264 1643 321 ΒΙΒΛΙΟΝ
1682 266 2044 324 ΔΕΥΤΕΡΟΝ
2084 270 2289 323 :21—22
3107 276 3176 339 71

575 440 816 510 ἑαυτοὺς
872 444 953 510 ὡς
1015 443 1195 525 μηδὲν
1243 441 1676 527 Ἀριστοτέλους
1738 445 1870 527 περὶ
1925 446 2191 528 προνοίας
2258 447 2577 529 εἰρηκότος,
2643 446 2928 510 δεικνύναι
2993 446 3079 510 ὅτι

574 545 752 627 μηδὲν
798 543 924 627 μετ’
966 544 1329 615 ἐπιστάσεώς
1374 570 1435 609 τε
1464 548 1559 609 καὶ
1605 548 1902 630 φροντίδος
1949 548 2228 630 λέγουσιν.
3101 568 3154 608 1⁰

568 766 766 831 XXII.
860 767 1232 853 Ἐξήγησις
1292 762 1549 834 λέξεως
1608 764 1681 833 ἐκ
1746 774 1864 834 τοῦ
1929 771 2264 853 δευτέρου
2325 772 2490 856 Περὶ
2552 772 2897 855 γενέσεως
2966 774 3076 835 καὶ

566 870 834 955 φθορᾶς
872 870 1405 955 Ἀριστοτέλους
1450 871 1679 941 ἄλλως
1736 872 2000 959 ἔχουσα
2061 874 2244 957 παρὰ
2297 876 2418 959 τὴν
2472 876 2539 937 ἐν
2595 881 2688 960 τῷ
2753 876 2854 944 εἰς
2905 876 3073 937 αὐτὸ

496 992 527 1039 5
566 972 1044 1057 ὑπομνήματι·
1092 976 1130 1059 ἢ
1180 975 1253 1037 δὲ
1296 973 1480 1042 λέξις
1523 974 1711 1037 ἐστὶν
1756 978 1908 1059 ἥδε·
1948 976 2064 1038 “ei
2111 977 2229 1057 μὲν
2277 975 2391 1040 οὖν
2438 979 2534 1045 εἰς
2565 978 2854 1061 ἄπειρον
2897 977 3074 1041 εἶσιν
3105 995 3157 1037 15

565 1078 673 1140 ἐπὶ
707 1078 781 1140 τὸ
813 1078 1030 1154 κάτω,
1078 1079 1199 1141 οὐκ
1244 1076 1443 1141 ἔσται
1474 1079 1741 1160 ἀνάγκη
1787 1078 1862 1140 τὸ
1896 1078 2188 1163 ὕστερον
2235 1082 2394 1142 τόδε
2438 1080 2768 1162 γενέσθαι
2813 1082 3074 1155 ἁπλῶς,

565 1178 707 1243 ἀλλ’
762 1180 831 1249 ἐξ
886 1181 1323 1249 ὑποθέσεως·
1388 1180 1499 1243 ἀεὶ
1554 1180 1679 1265 γὰρ
1740 1180 1984 1264 ἕτερον
2040 1180 2444 1265 ἔμπροσθεν
2511 1188 2776 1268 ἀνάγκη
2847 1183 3072 1259 ἔσται,

1198 1282 1281 1346 δι’
1339 1282 1371 1346 ὃ
1417 1284 1645 1347 ἐκεῖνο
1692 1285 1960 1367 ἀνάγκη
2006 1284 2422 1367 γενέσθαι”.
3100 1303 3156 1345 20

712 1438 782 1503 Εἰ
827 1441 887 1503 ἐν
932 1441 1019 1510 οἷς
1062 1441 1127 1503 τὸ
1175 1442 1409 1526 ὕστερον
1454 1442 1513 1511 ἐξ
1558 1443 1829 1523 ἀνάγκης,
1876 1438 1988 1525 <ἐν>
2020 1441 2260 1510 ἐκείνοις
2295 1440 2490 1523 μόνοις
2535 1444 2757 1525 ἀληθὲς
2800 1445 3066 1527 δειχθείη

461 1562 523 1608 10
558 1542 623 1604 τὸ
656 1540 740 1605 (εἰ
770 1545 835 1606 τὸ
868 1550 1116 1626 πρῶτον,
1164 1545 1224 1614 ἐξ
1255 1543 1526 1631 ἀνάγΙκης
1570 1547 1635 1608 τὸ
1684 1542 1971 1628 δστερον’,
2017 1544 2112 1607 ἐπὶ
2147 1546 2210 1607 δὲ
2243 1550 2346 1627 τῆς
2375 1546 2456 1613 εἰς
2486 1545 2721 1629 ἄπειρον
2753 1546 3034 1627 γενέσεως
3080 1553 3174 1609 134

558 1646 665 1709 οὐκ
706 1644 825 1709 ἔστι
872 1649 937 1710 τὸ
985 1648 1219 1731 ὕστερον
1267 1649 1326 1718 ἐξ
1372 1650 1624 1731 ἀνάγκης
1683 1652 1765 1731 τῷ
1825 1648 1976 1730 μηδὲ
2020 1647 2278 1729 γίνεσθαι
2325 1649 2389 1709 τὸ
2436 1646 2606 1721 αὐτό,
2662 1645 2782 1710 οὐδ’
2842 1648 2910 1710 ἂν
2955 1650 3066 1732 πρὸ

555 1754 656 1813 τοῦ
703 1751 957 1834 ἐσχάτου
1000 1750 1301 1834 γινομένου
1349 1753 1551 1820 ἁπλῶς
1596 1750 1662 1813 ἄν
1710 1774 1761 1812 τι
1816 1750 1876 1819 ἐξ
1925 1751 2180 1833 ἀνάγκης
2235 1751 2438 1831 γίνοιτο
2485 1757 2568 1834 τῷ
2620 1752 2812 1832 μόνως
2857 1752 2927 1814 τὰ
2973 1775 3067 1833 με·
3121 1768 3148 1810 τι

558 1852 693 1921 ταξὺ
738 1858 837 1915 τοῦ
882 1854 1213 1917 τελευταίου
1260 1856 1325 1918 τὸ
1371 1856 1680 1936 ἀναγκαῖον
1728 1854 1932 1921 ἁπλῶς
1975 1850 2134 1937 ἔχειν
2181 1854 2336 1935 παρὰ
2381 1859 2480 1916 τοῦ
2529 1854 2748 1931 τέλους,
2795 1856 2850 1917 εἰ
2895 1860 3062 1918 τοῦτο

555 1956 755 2025 ἁπλῶς
800 1958 864 2019 τὸ
909 1956 1205 2039 γινόμενον
1262 1958 1322 2027 ἐξ
1376 1960 1647 2042 ἀνάγκης.
1740 1959 1790 2020 εἰ
1834 1958 1946 2041 γὰρ
1992 1957 2178 2020 ἐκεῖνο
2234 1958 2294 2026 ἐξ
2351 1958 2604 2042 ἀνάγκης
2647 1959 2879 2032 ἁπλῶς,
2933 1957 3062 2020 τότε

456 2078 515 2125 15
553 2059 647 2120 καὶ
692 2058 765 2121 τὰ
810 2060 919 2143 πρὸ
966 2060 1143 2123 αὐτοῦ
1178 2062 1237 2131 ἐξ
1268 2063 1522 2145 ἀνάγκης
1566 2058 1748 2133 ἔσται,
1795 2066 1912 2122 τῶν
1960 2060 2168 2141 μεταξὺ
2215 2059 2262 2141 †
2307 2065 2408 2123 τοῦ
2455 2084 2518 2123 τε
2565 2060 2655 2123 ἐπ’
2698 2060 2933 2145 ἄπειρον
2980 2085 3056 2141 γι-

552 2162 792 2245 νομένου
846 2162 1088 2227 ἕκαστον
1134 2165 1193 2233 ἐξ
1248 2165 1587 2234 ὑποθέσεως
1632 2166 1696 2227 τὸ
1744 2165 2052 2244 ἀναγκαῖον
2098 2162 2258 2248 ἔχον.
2349 2165 2400 2226 εἰ
2445 2164 2552 2248 γὰρ
2608 2167 2672 2227 τὸ
2731 2167 2834 2246 μὲν
2888 2164 3062 2226 ταύτὸ
3093 2180 3146 2221 ιο

554 2263 741 2339 ἔσται,
797 2268 891 2329 δεῖ
930 2270 1026 2331 καὶ
1072 2272 1239 2330 τοῦτο
1298 2268 1359 2331 δν
1406 2270 1516 2353 πρὸ
1561 2266 1770 2340 αὐτοῦ,
1830 2268 1926 2330 καὶ
1973 2268 2190 2347 ὁμοίως
2235 2270 2405 2329 πάλιν
2461 2268 2586 2330 ἐκεῖ
2636 2270 2700 2331 τὸ
2750 2269 3056 2349 ἀναγκαῖον

550 2368 661 2438 ἕξει
708 2370 753 2453 †
796 2370 905 2455 γὰρ
957 2370 1143 2434 ἐκεῖνο
1190 2368 1351 2435 ἔσται
1404 2371 1462 2440 ἐξ
1518 2372 1790 2454 ἀνάγκης,
1854 2371 1905 2432 εἰ
1957 2370 2022 2433 τὸ
2079 2370 2222 2451 μετὰ
2275 2376 2464 2445 τοῦτο,
2523 2372 2618 2433 καὶ
2670 2371 2853 2441 οὕτως
2905 2382 3061 2454 προϊ·

553 2472 765 2544 όντων,
820 2473 950 2535 ἐπεὶ
996 2475 1178 2556 μηδὲν
1224 2472 1473 2559 ἔσχατόν
1528 2474 1650 2536 ἐστι
1706 2479 1807 2535 τοῦ
1855 2474 2090 2557 ἀπείρου
2147 2473 2206 2542 ἐξ
2263 2476 2515 2557 ἀνάγκης
2568 2475 2874 2555 μέλλοντος
2918 2474 3057 2557 γίνε-
3088 2492 3139 2533 ιε.

444 2596 513 2641 20
548 2578 715 2647 σθαι,
762 2578 963 2645 ἁπλῶς
1008 2577 1068 2646 ἐξ
1113 2578 1366 2661 ἀνάγκης
1412 2578 1628 2659 ἐγίνετο
1673 2579 1769 2640 καὶ
1814 2576 1888 2639 τὰ
1932 2578 2042 2659 πρὸ
2089 2576 2296 2651 αὑτοῦ,
2352 2578 2436 2645 οἷς
2484 2581 2651 2641 πάλιν
2699 2578 2756 2646 ἐξ
2804 2580 3058 2662 ἀνάγκης

542 2679 856 2761 γινομένοις
900 2680 1095 2743 εἵπετο
1126 2682 1221 2744 καὶ
1255 2683 1317 2743 τὸ
1351 2684 1675 2743 τελευταῖον
1724 2681 1783 2749 ἐξ
1830 2682 2084 2764 ἀνάγκης
2128 2679 2409 2763 γίνεσθαι,
2459 2682 2510 2743 εἰ
2554 2683 2623 2743 τὰ
2669 2687 2890 2765 πρῶτα.
2960 2681 3052 2743 οὐ·

543 2781 662 2845 κέτ’
718 2783 813 2845 ἐπὶ
858 2789 974 2845 τῶν
1029 2784 1183 2847 οὕτω
1236 2784 1549 2867 γινομένων
1610 2782 1770 2847 ἔσται
1824 2786 2020 2869 λαβεῖν
2078 2786 2183 2867 τὴν
2239 2785 2505 2868 τοιαύτην
2552 2785 2900 2847 ἀκολουθίαν
2947 2787 3050 2866 τὴν
3083 2800 3140 2841 90

542 2885 595 2947 εἰ
646 2886 711 2947 τὸ
766 2890 1016 2968 πρῶτον,
1084 2888 1145 2957 ἐξ
1198 2888 1449 2971 ἀνάγκης
1504 2892 1569 2951 τὸ
1626 2888 1882 2972 ὕστερον.
1971 2890 2036 2951 τὸ
2091 2890 2155 2950 δὲ
2209 2888 2395 2952 ζὥστε
2451 2890 2504 2951 εἰ
2550 2889 2630 2970 μὴ
2688 2886 2840 2949 ἔστιν
2897 2888 3055 2972 ἀρχὴ

542 2992 642 3049 τοῦ
698 2989 966 3071 ἀπείρου,
1033 2989 1170 3053 οὐδὲ
1227 2992 1291 3053 τὸ
1362 2996 1590 3075 πρῶτον
1649 2988 1841 3061 ἔσται,
1911 2990 1987 3053 δι’
2049 2991 2080 3053 ὃ
2147 2993 2457 3073 ἀναγκαῖον
2511 2990 2669 3055 ἔσται
2734 2990 3052 3071 γενέσθαι’,

436 3108 501 3156 25
542 3090 661 3153 ἴσον
729 3092 848 3155 ἐστὶ
912 3098 997 3176 τῷ
1060 3091 1245 3157 ’ὥστε
1311 3094 1362 3157 εἰ
1434 3096 1516 3178 μὴ
1572 3092 1693 3157 ἔστι
1748 3094 1912 3164 τέλος
1977 3100 2078 3158 τοῦ
2145 3094 2417 3180 ἀπείρου’
2444 3082 2468 3136 ‘-
2535 3097 2724 3179 ἀρχὴν
2791 3095 2900 3178 γὰρ
2954 3100 3050 3157 νῦν
3079 3112 3132 3153 25

538 3195 603 3255 τὸ
646 3194 809 3262 τέλος
852 3194 1043 3268 εἶπεν,
1098 3198 1224 3260 ἐπεὶ
1270 3198 1386 3260 ἀπὸ
1432 3198 1693 3260 τοιούτου
1742 3200 1934 3283 ἀρχή,
1993 3200 2045 3261 εἰ
2090 3201 2417 3280 ἀναγκαίως
2461 3200 2670 3281 γίνοιτο
2727 3200 2790 3259 τὸ
2836 3200 2930 3260 καὶ
2977 3198 3047 3260 τὰ

538 3298 649 3378 πρὸ
694 3296 873 3360 αὐτοῦ
920 3298 1105 3361 πάντα
1159 3299 1217 3367 ἐξ
1272 3300 1526 3383 ἀνάγκης
1584 3301 1833 3385 ὀφείλειν
1888 3304 2170 3383 γίνεσθαι.
2261 3304 2313 3364 εἰ
2357 3304 2422 3364 δὲ
2470 3302 2476 3385 Ι
2529 3303 2607 3386 μὴ
2657 3299 2777 3363 ἔστι
2823 3305 3010 3379 τοῦτο,
3059 3309 3151 3365 135

539 3398 675 3462 οὐδὲ
718 3402 757 3482 ἡ
805 3401 1123 3463 ἀκολουθία
1169 3402 1315 3486 αὕτη
1360 3402 1462 3465 ἐπ’
1512 3404 1687 3467 αὐτοῦ
1736 3405 1968 3487 ἀληθής
2013 3406 2164 3468 ἐστιν
2211 3407 2248 3487 ἡ
2297 3405 2562 3486 λέγουσα,
2608 3404 2662 3465 εἰ
2703 3404 2767 3465 τὸ
2814 3406 3046 3487 πρῶτον

535 3502 601 3563 τὸ
649 3502 914 3587 ὕστερον,
967 3507 1054 3587 τῷ
1110 3504 1213 3587 τὴν
1269 3506 1533 3589 τοιαύτην
1590 3508 1940 3570 ἀκολουθίαν
1998 3508 2196 3589 ἀληθῆ
2251 3508 2510 3587 γίνεσθαι
2565 3507 2624 3569 ἐν
2679 3506 2767 3575 οἷς
2819 3506 2946 3569 ἐστί
2994 3530 3045 3568 τι

428 3622 498 3669 30
534 3601 781 3687 ἔσχατον
828 3605 888 3674 ἐξ
933 3607 1194 3690 ἀνάγκης
1238 3608 1532 3690 γινόμενον
1586 3615 1671 3693 τῷ
1720 3610 1966 3673 ἕπεσθαι
2013 3614 2182 3673 τοῦτο
2229 3615 2312 3693 τῷ
2361 3610 2421 3679 ἐξ
2464 3612 2716 3692 ἀνάγκης
2761 3611 3042 3694 γινομένῳ
3097 3626 3126 3669 ὅ

530 3707 601 3770 τὰ
644 3709 739 3770 καὶ
786 3710 895 3791 πρὸ
941 3708 1119 3772 αὐτοῦ
1177 3710 1237 3779 ἐξ
1290 3710 1544 3795 ἀνάγκης
1592 3736 1653 3775 τε
1696 3713 1992 3795 γίγνεσθαι
2037 3714 2132 3775 καὶ
2183 3714 2406 3797 ἀληθὲς
2451 3712 2596 3775 εἶναι
2642 3712 2737 3797 ἐφ’
2794 3714 3040 3777 ἑκάστου

532 3808 723 3871 αὐτῶν
768 3812 833 3872 τὸ
880 3812 931 3873 εἰ
984 3812 1049 3874 τὸ
1096 3818 1355 3895 πρῶτον,
1412 3815 1509 3875 καὶ
1562 3814 1627 3877 τὸ
1676 3816 1932 3899 ὕστερον.
2023 3818 2246 3900 ἀνάγκη
2292 3818 2430 3899 γάρ,
2489 3817 2541 3878 εἰ
2589 3816 2790 3897 μέλλοι
2845 3842 2882 3900 η
2930 3842 3041 3880 τοι·

530 3912 677 3995 αύτη
733 3914 1051 3977 ἀκολουθία
1110 3916 1339 3999 ἀληθὴς
1395 3915 1664 3992 ἔσεσθαι,
1726 3918 1880 3982 εἶναί
1926 3943 1976 3981 τι
2036 3920 2214 4002 πέρας
2275 3919 2333 3980 ἐν
2390 3924 2505 3987 τοῖς
2561 3921 3035 4004 λαμβανομένοις.
3069 3940 3121 3980 ιο

528 4013 615 4077 ὅτι
662 4014 713 4077 δ’
765 4018 955 4101 ἀρχὴν
1002 4018 1100 4081 καὶ
1144 4018 1209 4080 τὸ
1256 4018 1435 4103 πέρας
1480 4020 1653 4104 λέγει,
1703 4020 1914 4091 ἔδειξεν
1964 4022 2035 4085 δι’
2077 4024 2159 4085 ὧν
2208 4020 2332 4102 μετ’
2385 4021 2574 4103 ὀλίγον
2619 4022 2774 4085 εἶπεν
2821 4026 3032 4095 οὕτως·

419 4264 451 4315 3
494 4260 609 4333 Περὶ
649 4266 889 4333 γενέσεως
926 4268 1011 4319 καὶ
1057 4266 1271 4337 φθορᾶς]
1312 4268 1353 4319 Η
1390 4270 1467 4319 11.
1496 4269 1717 4321 337b25
1933 4272 1962 4321 6
2005 4288 2079 4338 pr.
2119 4270 2200 4338 τὸ]
2239 4290 2266 4323 ο
2307 4273 2362 4322 in
2401 4272 2477 4321 lit.
2519 4276 2560 4321 V
2778 4272 2896 4321 εἰσιν
2937 4276 2982 4321 V

416 4350 475 4403 τὸ
524 4354 707 4404 Arist.:
758 4358 862 4404 τῶν
906 4354 1024 4407 libri
1282 4356 1314 4407 8
1360 4354 1434 4407 διὸ
1481 4357 1568 4408 καὶ
1613 4356 1773 4409 ἐκεῖνο
1828 4360 1958 4409 vict.
2210 4359 2240 4409 9
2287 4360 2338 4409 ἐν
2386 4358 2501 4409 add.
2541 4377 2572 4409 a
2609 4363 2696 4424 Sp.
2916 4358 3136 4431 δειχθείη

414 4438 475 4490 τὸ
522 4442 655 4491 coni.
702 4440 815 4508 Sp.:
874 4439 1053 4513 δειχθῇ
1096 4442 1154 4493 τὸ
1201 4444 1240 4507 (ι
1278 4444 1474 4495 subscr.
1516 4461 1560 4496 v.
1601 4446 1665 4508 c.)
1706 4449 1777 4495 V:
1834 4444 2071 4514 δειχθῆτο
2118 4463 2149 4497 a
2397 4448 2460 4497 10
2514 4446 2556 4497 εἰ
2605 4446 2662 4497 τὸ
2711 4462 2751 4497 s.
2793 4463 2836 4495 v.
2881 4451 2925 4496 V

423 4526 483 4577 13
522 4526 695 4585 ἁπλῶς
731 4535 1027 4597 suspectum
1244 4532 1285 4582 εἰ
1312 4532 1425 4597 Sp.:
1472 4532 1547 4601 εἰη
1587 4533 1661 4584 sie
1690 4537 1753 4585 V:
1794 4534 1868 4601 εἴη
1897 4552 1928 4584 a
2147 4536 2206 4585 14
2246 4534 2300 4586 τὸ
2329 4542 2624 4601 suspectum
2848 4533 2905 4584 15
2945 4553 2999 4585 τε
3039 4536 3136 4587 del.

414 4614 503 4681 Sp.
732 4616 791 4667 17
848 4618 955 4671 ἐκεῖ
999 4617 1057 4669 τὸ
1094 4622 1153 4669 V:
1206 4618 1369 4671 ἔκειτο
1414 4624 1509 4673 Sa:
1554 4621 1715 4671 ἐκεῖνο
1758 4622 1817 4673 τὸ
1862 4623 1993 4673 Vict.
2034 4627 2122 4688 Sp.
2347 4622 2406 4673 18
2463 4621 2583 4690 ἕξει]
2633 4640 2672 4675 ει
2712 4638 2750 4672 s,
2793 4639 2836 4672 v.
2879 4628 2924 4670 V

413 4704 541 4767 (καὶ)
566 4704 657 4773 γὰρ
684 4704 773 4771 Sp.
954 4706 1013 4758 21
1066 4707 1130 4759 τὰ
1168 4710 1215 4756 V
1396 4708 1462 4758 23
1499 4726 1576 4776 pr.
1605 4709 1648 4761 εἰ
1691 4710 1805 4777 Sp.:
1854 4711 1921 4767 εἰς
1967 4711 2084 4761 libri
2284 4711 2348 4761 24
2393 4708 2450 4762 τὸ
2489 4716 2690 4780 πρῶτον
2733 4709 2890 4777 ἔσται]
2933 4718 3132 4781 πρῶτον

413 4790 548 4841 ἔσται
585 4791 728 4843 οὒδὲν
768 4794 927 4845 Arist.
1109 4794 1173 4845 *26
1213 4795 1257 4846 εἰ
1294 4796 1407 4862 Sp.:
1447 4797 1523 4865 εἰη
1552 4799 1625 4848 sic
1658 4802 1719 4847 V:
1764 4796 1839 4867 εἴη
1887 4816 1916 4849 a
2095 4798 2152 4850 τὸ
2193 4800 2276 4850 καὶ
2313 4800 2372 4849 τὰ
2411 4798 2522 4865 Sp.:
2561 4802 2650 4851 τοῦ
2694 4801 2779 4850 καὶ
2817 4798 2874 4849 τὸ
2910 4800 3026 4851 libri

412 4877 480 4929 28
518 4877 733 4949 ἀληθής]
778 4878 964 4952 ἀληθές
1012 4882 1098 4949 Sp.
1281 4883 1349 4933 30
1386 4886 1458 4952 τῷ
1488 4882 1560 4952 ἐξ]
1591 4884 1643 4935 τὸ
1670 4884 1721 4945 ἐξ
1750 4906 1780 4937 a
1959 4884 2144 4955 οὕτως]
2185 4887 2217 4937 l.
2247 4904 2291 4943 e.
2319 4886 2496 4939 338¹·ss
