3684 5567
1273 261 1564 321 ΒΙΒΛΙΟΝ
1600 260 1965 319 ΔΕΥΤΕΡΟΝ
2005 266 2206 319 20-21
3023 265 3106 329 65

495 460 629 499 των.
721 438 1155 521 μεταβάλλοντα
1199 435 1251 499 δ’
1294 436 1355 507 ἐξ
1400 438 1483 500 ὧν
1526 442 1706 501 ταῦτα
1750 437 1823 499 τὰ
1871 441 2115 519 σώματα
2157 437 2369 521 (ταῦτα
2415 436 2466 500 δ’
2509 434 2581 519 ἧν
2627 436 2699 499 τὰ
2744 439 3009 519 στοιχεῖα

498 540 831 622 σωζόμενα)
882 540 1081 603 λύεταί
1121 564 1187 603 τε
1232 538 1333 603 ἀπ’
1389 540 1660 623 ἀλλήλων
1717 542 2110 625 ἀσυμμετρίας
2153 540 2302 609 τινὸς
2357 540 2417 601 ἐν
2463 539 2656 609 αὐτοῖς
2701 538 3001 622 γινομένης

494 646 579 727 τῷ
625 646 1105 727 πλεονεκτήσαντι
1160 643 1221 713 ἐξ
1264 642 1457 707 αὐτῶν
1510 643 1610 726 (οὐ
1663 646 1770 729 γὰρ
1819 644 2056 727 δύναμιν
2114 642 2356 729 ἔχοντα,
2414 641 2554 707 ὥστ’
2614 641 2704 706 ἐπ’
2763 642 2998 726 ἄπειρον
3028 657 3082 699 ιο

494 746 599 828 τὴν
642 747 910 831 τοιαύτην
966 748 1320 831 συμμετρίαν
1376 748 1754 831 φυλάσσειν),
1810 749 1907 811 καὶ
1961 744 2112 810 ἔστιν
2157 749 2198 831 ἥ
2244 770 2306 809 τε
2361 752 2476 808 τῶν
2524 746 2694 831 ζῴων
2749 747 2843 810 καὶ
2887 749 3003 807 τῶν

426 868 457 916 5
496 846 689 911 ἄλλων
734 854 851 913 τῶν
885 850 1178 914 συνθέτων
1224 852 1515 933 σωμάτων
1558 852 1755 936 φθορὰ
1786 851 2055 935 γινομένη
2100 852 2183 919 εἰς
2227 852 2331 933 τὴν
2377 854 2493 913 τῶν
2525 851 2830 935 στοιχείων
2878 851 3008 912 ἀνά-

496 956 681 1029 λυσιν,
727 953 787 1023 ἐξ
832 956 913 1017 ὧν
960 954 1107 1017 κατὰ
1153 955 1504 1038 συμμετρίαν
1550 954 1675 1017 τινὰ
1718 956 1821 1037 τὴν
1870 956 2014 1039 πρὸς
2053 954 2284 1038 ἄλληλα
2328 959 2442 1016 τῶν
2488 954 2792 1039 στοιχείων
2838 955 2876 1036 ἡ
2923 952 3010 1035 γέ·
3041 969 3092 1010 15

495 1056 647 1124 νεσίς
690 1080 753 1119 τε
795 1057 989 1121 αὐτῶν
1036 1058 1130 1121 καὶ
1176 1060 1215 1141 ἡ
1263 1057 1550 1126 σύστασις.
1636 1059 1731 1121 καὶ
1778 1058 1809 1119 ὃ
1855 1057 2073 1140 κόσμος
2117 1060 2182 1121 δὲ
2234 1064 2349 1121 τῶν
2395 1056 2463 1120 ἔκ
2507 1081 2672 1120 τινων
2720 1059 3008 1141 σωμάτων

495 1159 750 1245 ἐνεργείᾳ
797 1160 977 1224 ὄντων
1008 1162 1156 1225 κατὰ
1200 1160 1525 1246 μεταβολήν
1570 1184 1693 1225 τινα
1732 1161 1962 1244 γέγονεν
2008 1160 2055 1243 †
2100 1164 2276 1246 δῆλον
2323 1160 2409 1223 ὅτι
2441 1162 2510 1224 τὰ
2544 1164 2788 1243 σώματα
2818 1160 3010 1223 ἐκεῖνα

497 1265 745 1334 σώζεται
789 1263 851 1326 ἐν
895 1262 1091 1349 αὐτῷ,
1145 1265 1228 1326 ὧν
1276 1264 1423 1327 κατὰ
1470 1266 1796 1351 μεταβολὴν
1842 1267 1882 1348 ἡ
1927 1265 2147 1348 γένεσις
2191 1264 2403 1340 αὐτῶν,
2451 1264 2758 1346 σωζόμενα
2803 1265 2867 1326 δὲ
2913 1265 3008 1327 καὶ
3036 1280 3092 1322 2⁰

394 1387 459 1433 lo
494 1366 782 1451 δυνάμενα
813 1367 1093 1437 κάκείνως
1124 1366 1305 1452 ἔχειν,
1353 1371 1435 1437 ὥς
1474 1366 1688 1454 ἔχοντα
1720 1370 2100 1453 μεταβάλλειν
2145 1370 2228 1437 εἰς
2271 1370 2337 1431 τὸ
2370 1366 2588 1450 κόσμος
2625 1366 2788 1442 εἶναι,
2836 1368 3006 1430 πάλιν

500 1469 568 1533 ἂν
632 1470 1012 1556 μεταβάλλοι,
1084 1473 1167 1541 εἰς
1229 1472 1294 1535 ὃν
1356 1474 1787 1557 μεταβάλλοντα
1845 1472 2036 1535 οὐκέτ’
2101 1471 2171 1535 ἂν
2237 1474 2268 1535 ὃ
2333 1472 2548 1553 κόσμος
2611 1469 2734 1553 εἴη,
2799 1471 2995 1555 ὥσπερ

496 1575 726 1658 ὁρῶμεν
786 1576 1221 1659 μεταβάλλοντα
1262 1578 1335 1639 τά
1379 1599 1440 1638 τε
1502 1577 1662 1639 ἁπλᾶ
1710 1578 1956 1659 σώματα
2003 1576 2086 1644 εἰς
2145 1575 2373 1659 ἄλληλα
2419 1578 2622 1658 πρῶτα
2675 1573 2721 1655 †
2762 1573 2833 1655 ἢν
2875 1574 3008 1635 ὑπο-

498 1676 767 1762 κειμένην
812 1678 1011 1747 αὐτοῖς
1056 1678 1197 1761 ὕλην
1239 1678 1385 1743 εἶναι
1428 1680 1694 1763 δεκτικὴν
1739 1684 1857 1742 τῶν
1889 1680 2328 1743 εἰδοποιούντων
2375 1678 2446 1741 τὰ
2488 1683 2693 1761 πρῶτα
2738 1679 3005 1758 σώματα,

494 1782 593 1843 καὶ
638 1782 707 1843 τὰ
754 1781 1031 1857 σύνθετα,
1090 1780 1097 1869 Ι
1155 1781 1291 1846 ὅταν
1347 1784 1383 1866 ἢ
1439 1784 1529 1846 διὰ
1588 1784 1695 1867 τὴν
1741 1784 1912 1868 φύσιν
1967 1784 2006 1866 ἢ
2054 1783 2151 1847 διά
2201 1806 2326 1845 τινα
2369 1780 2586 1850 ἔξωθεν
2643 1781 2974 1861 περίστασιν
3022 1785 3114 1841 122

395 1904 455 1952 15
494 1884 855 1968 ἐπικρατήσῃ
900 1908 953 1947 τι
998 1886 1059 1948 ἐν
1100 1885 1316 1961 αὐτοῖς,
1364 1888 1395 1951 ὃ
1441 1888 1565 1950 λύει
1609 1888 1713 1971 τὴν
1756 1886 2109 1971 συμμετρίαν
2155 1886 2345 1949 αὐτῶν
2391 1887 2532 1968 πρὸς
2565 1884 2812 1967 ἄλληλα,
2856 1880 2991 1945 καθ’

499 1988 569 2071 ἣν
615 1989 679 2051 τὸ
726 1987 871 2051 εἶναι
918 1994 1005 2073 τῷ
1055 1990 1319 2073 συνθέτῳ
1366 1993 1612 2073 σώματι.

496 2192 661 2255 ΧΧΙ.
742 2190 888 2257 Ὅτι
934 2196 1025 2279 μὴ
1074 2196 1251 2259 κατὰ
1296 2198 1741 2282 συμβεβηκὸς
1785 2200 1824 2280 ἡ
1871 2198 2162 2280 πρόνοια
2203 2196 2379 2259 κατὰ
2417 2192 2889 2279 Ἀριστοτέλη.
3058 2207 3086 2249 ⁵

666 2347 885 2435 Πρῴην
930 2352 1069 2433 ἡμῖν
1114 2352 1427 2435 γινομένων
1472 2354 1617 2437 πρὸς
1659 2355 1792 2423 τοὺς
1838 2354 2100 2437 ἑταίρους
2144 2354 2274 2437 περὶ
2319 2352 2588 2438 προνοίας
2631 2352 2850 2433 λόγων,
2906 2350 3000 2411 καὶ

500 2452 861 2535 πειρωμένου
910 2478 1022 2537 μου
1080 2456 1392 2533 δεικνύναι,
1453 2455 1541 2518 ὅτι
1586 2457 1649 2519 τέ
1694 2458 1816 2520 ἐστι
1872 2456 2018 2520 κατὰ
2067 2454 2441 2540 Ἀριστοτέλη
2495 2455 2612 2517 ἀπὸ
2667 2460 2781 2516 τῶν
2826 2454 3003 2516 θείων

390 2574 457 2621 20
494 2559 606 2617 τῶν
656 2556 884 2638 θνητῶν
930 2557 1233 2640 ἐπιμέλειά
1266 2583 1349 2628 τις
1393 2561 1489 2622 καὶ
1520 2559 1780 2644 πρόνοια,
1825 2561 1920 2623 καὶ
1967 2560 2068 2635 τίς,
2116 2562 2212 2623 καὶ
2256 2560 2380 2622 τίνα
2423 2558 2691 2641 γινομένη
2737 2558 2834 2620 τὸν
2879 2554 3002 2640 τρό-
3036 2572 3088 2613 1⁰

496 2681 602 2720 πον
650 2657 809 2729 ὄντος
856 2660 1091 2743 ἑτοίμου
1135 2662 1341 2743 λέγειν,
1408 2662 1537 2725 εἶπέ
1582 2686 1665 2732 τις
1709 2668 1825 2726 τῶν
1883 2663 2183 2747 παρόντων
2229 2668 2458 2746 πρῶτον
2504 2660 2658 2730 ἄξιον
2705 2659 2851 2722 εἶναι
2899 2684 3002 2742 μα-

492 2760 646 2839 θεῖν,
703 2766 832 2831 πῶς
875 2764 1297 2846 ἀποκρίνασθαι
1352 2767 1447 2827 δεῖ
1487 2766 1631 2848 πρὸς
1682 2766 1815 2834 τοὺς
1860 2766 2230 2848 ἐρωτῶντας,
2291 2764 2508 2848 πότερα
2553 2765 2672 2849 χρὴ
2719 2786 3001 2847 προηγου-

497 2862 684 2945 μένως
729 2865 913 2947 λέγειν
957 2866 1029 2929 τὰ
1074 2868 1211 2930 θεῖα
1255 2870 1439 2931 τῶνδε
1484 2870 1861 2953 προνοεῖσθαι
1904 2868 2041 2932 καθ’
2098 2870 2282 2951 ἡμᾶς,
2337 2868 2376 2952 ἢ
2423 2866 2569 2930 κατὰ
2613 2866 2996 2951 συμβεβηκός.
3029 2882 3084 2923 15

491 2968 544 3028 οἱ
589 2967 698 3051 γὰρ
744 2968 812 3031 οὐ
859 2971 1175 3053 φάσκοντες
1231 2970 1378 3034 εἶναι
1422 2972 1568 3035 κατὰ
1614 2970 1994 3056 Ἀριστοτέλη
2050 2970 2318 3055 πρόνοιαν
2373 2973 2478 3055 τὴν
2533 2968 2634 3055 ὑφ’
2688 2972 2860 3053 ἡμῶν
2913 2974 3002 3031 λε-

386 3088 451 3135 25
487 3070 734 3155 γομένην
787 3072 1066 3153 γίνεσθαι,
1121 3072 1393 3156 πρόνοιαν
1452 3075 1598 3138 κατὰ
1646 3074 2012 3159 συμβεβηκός
2057 3096 2198 3159 φασι
2250 3074 2510 3157 γίνεσθαι
2562 3073 2856 3156 λέγεσθαι.
2947 3074 2999 3135 εἰ

490 3174 552 3235 δὲ
597 3173 657 3235 ἐν
702 3178 907 3249 πᾶσιν,
969 3176 1055 3244 οἷς
1110 3178 1511 3261 προστίθεται,
1566 3180 1630 3241 τὸ
1677 3180 1825 3241 κατὰ
1883 3180 2251 3263 συμβεβηκὸς
2309 3183 2411 3241 τοῦ
2466 3180 2547 3262 μὴ
2602 3178 2810 3259 κυρίως
2853 3176 2997 3240 εἶναι
3025 3194 3081 3235 2⁰

491 3276 711 3345 τούτοις
757 3278 796 3339 ἃ
839 3278 1064 3361 λέγεται
1123 3280 1367 3365 σημεῖόν
1413 3282 1562 3357 ἐστι,
1619 3285 1685 3346 τὸ
1732 3284 1795 3345 δὲ
1857 3284 1938 3365 μὴ
1985 3282 2200 3365 κυρίως
2254 3281 2315 3344 ὂν
2363 3282 2485 3345 οὐδ’
2544 3280 2606 3344 ὄν
2652 3305 2805 3354 πως,
2862 3278 2982 3343 οὐδ’

491 3378 559 3441 ἂν
601 3382 639 3463 ἡ
686 3381 834 3445 κατὰ
880 3384 1249 3468 συμβεβηκὸς
1294 3386 1577 3470 λεγομένη
1624 3385 1864 3471 πρόνοια
1908 3386 2003 3469 εἴη
2051 3385 2290 3470 πρόνοια
2327 3385 2470 3466 μετὰ
2515 3384 2782 3467 τοιαύτης
2826 3404 2994 3467 προσ-

488 3482 679 3567 θήκης
718 3486 1024 3570 λεγομένη.
1114 3488 1263 3552 κατὰ
1310 3490 1673 3575 συμβεβηκός
1716 3514 1779 3552 τε
1818 3490 1924 3573 γὰρ
1971 3490 2328 3573 κεΙκινῆσθαι
2368 3488 2592 3571 λέγεται
2639 3487 2708 3550 τὰ
2757 3489 2836 3570 μὴ
2885 3512 2960 3549 κι-
3007 3494 3098 3550 123

383 3604 450 3652 30
487 3588 736 3669 νούμενα
781 3591 994 3672 κυρίως
1036 3614 1100 3654 τε
1145 3593 1241 3654 καὶ
1287 3589 1421 3655 καθ’
1479 3594 1647 3667 αὑτά,
1693 3596 1787 3657 καὶ
1833 3593 1982 3656 κατὰ
2029 3594 2397 3677 συμβεβηκὸς
2440 3590 2594 3653 αἴτια
2641 3593 2742 3674 μὲν
2788 3594 2986 3664 ταῦτα,

486 3686 587 3774 ἀφ’
642 3691 725 3752 ὧν
774 3692 1029 3776 μηδεμία
1075 3696 1369 3758 συντέλεια
1414 3696 1872 3779 προηγουμένως
1925 3696 2068 3779 πρὸς
2110 3696 2182 3758 τὰ
2227 3696 2309 3758 ὧν
2362 3694 2517 3758 αἴτια
2561 3693 2706 3756 εἶναι
2747 3692 2988 3775 λέγεται.

488 3794 539 3856 εἰ
583 3796 655 3878 δὴ
690 3796 785 3859 καὶ
830 3798 934 3878 τὴν
966 3796 1237 3881 πρόνοιαν
1284 3799 1429 3882 μετὰ
1476 3800 1688 3884 ταύτης
1726 3800 1983 3881 γίνεσθαι
2032 3805 2136 3883 τῆς
2167 3800 2512 3883 προσθήκης
2541 3798 2803 3880 λέγομεν,
2853 3796 2992 3866 ἴσως
3045 3814 3074 3855 5

484 3895 543 3965 ἐξ
588 3898 669 3959 ὧν
714 3898 960 3982 λέγομεν
1015 3901 1179 3964 αὐτοὶ
1231 3902 1361 3985 περὶ
1408 3904 1677 3985 προνοίας
1730 3903 2061 3989 ἀναιροῖμεν
2119 3901 2186 3965 ἂν
2231 3902 2296 3964 τὸ
2351 3901 2495 3964 εἶναι
2548 3901 2652 3983 τὴν
2699 3898 2985 3983 πρόνοιαν.

482 4002 563 4069 ὡς
606 4000 715 4086 γὰρ
762 4004 864 4087 τὴν
897 4005 1171 4089 κίβδηλον
1217 4006 1487 4090 δραχμὴν
1533 4006 1649 4092 οὐχ
1694 4007 1817 4071 οἷόν
1862 4030 1926 4069 τε
1971 4007 2238 4091 δραχμὴν
2285 4004 2432 4067 εἶναι
2475 4002 2658 4085 λέγειν
2704 4008 2787 4087 τῷ
2834 4003 2986 4065 ἀναι-

381 4120 447 4170 35
485 4104 709 4188 ρετικὸν
761 4108 943 4190 αὐτῆς
993 4106 1136 4171 εἶναι
1192 4108 1259 4171 τὸ
1315 4110 1760 4194 προσκείμενον,
1822 4110 2008 4178 οὕτως
2059 4108 2195 4172 οὐδὲ
2248 4108 2352 4191 τὴν
2411 4106 2558 4169 κατὰ
2620 4106 2986 4190 συμβεβηκὸς
3014 4124 3069 4165 1⁰

382 4275 405 4327 l
444 4274 756 4346 μεταβάλλον
782 4279 845 4331 τὰ
865 4284 913 4331 V
1054 4278 1239 4349 ταῦτα]
1276 4280 1497 4335 fortasse
1523 4288 1673 4335 τοῦτο
1816 4280 1850 4333 3
1887 4280 2068 4353 ἔχοντα
2095 4281 2346 4333 VFB¹S¹=
2391 4276 2496 4348 ἔχει
2521 4276 2655 4331 B²S²
2679 4276 2792 4345 Sp.:
2833 4277 2966 4347 ἔχειν
2992 4298 3024 4331 a

374 4362 407 4412 4
443 4362 707 4431 φυλάσσειν
740 4364 952 4419 B’S²Fa
988 4366 1105 4435 Sp.:
1142 4367 1583 4435 (ρυλοίσσειἺῘΒῐὸ1
1724 4371 1755 4421 7
1804 4376 1910 4422 τῶν
1948 4371 2008 4421 ἐκ
2043 4370 2245 4421 VB¹S¹:
2287 4373 2392 4419 τῶν
2431 4366 2474 4418 εἰ
2512 4364 2700 4418 B²S²a:
2746 4366 2805 4418 ἐκ
2845 4368 3003 4419 vict.:
3049 4368 3092 4420 εἰ

374 4448 431 4501 ἐκ
466 4450 555 4518 Sp.
734 4452 769 4505 8
818 4452 1041 4523 γέγονεν]
1086 4452 1307 4522 γίνεσθαι
1348 4455 1380 4525 ἦ
1426 4458 1674 4526 γεγονέναι
1714 4458 1848 4509 vict.
2037 4458 2068 4509 9
2115 4456 2212 4521 ὧν]
2251 4454 2292 4525 ᾧ
2335 4474 2364 4507 a
2410 4454 2498 4522 Sp.
2693 4452 2885 4521 αὐτῶν]
2935 4455 3090 4507 αὑτοῦ

375 4536 627 4590 Schwartz
810 4540 875 4593 10
912 4540 1005 4609 ὡς]
1049 4542 1117 4599 εἰς
1158 4544 1221 4593 τὰ
1263 4543 1333 4594 Β2
1498 4543 1849 4613 μεταβάλλειν]
1900 4542 2195 4614 μεταβάλλει
2230 4544 2343 4611 Sp.:
2391 4542 2610 4593 fortasse
2649 4540 2951 4609 μετέβαλλεν

380 4624 431 4675 11
483 4624 563 4693 ὃν]
610 4626 675 4678 τὰ
711 4646 767 4680 a:
814 4628 1031 4683 fortasse
1076 4628 1103 4681 ὃ
1314 4630 1339 4683 ὁ
1378 4632 1475 4684 del.
1520 4632 1662 4684 Diels
1884 4632 1946 4683 12
1994 4638 2198 4701 πρῶτα·
2243 4648 2306 4699 ην
2355 4632 2430 4682 sic
2469 4634 2542 4680 V:
2598 4635 2777 4697 πρῶτα
2824 4627 2887 4697 ἢν
2925 4630 3088 4681 3¹8¹:

372 4718 545 4781 πρῶτα
581 4717 660 4783 τῷ
696 4714 792 4785 τὴν
826 4715 995 4769 B²S²a
1030 4716 1119 4784 Sp.
1285 4718 1349 4769 14
1398 4720 1487 4771 alt.
1525 4720 1557 4790 ἢ
1596 4721 1737 4773 SB‘2a
1773 4720 1892 4788 Sp.:
1949 4721 2036 4772 καὶ
2071 4720 2188 4770 B¹V
2369 4718 2436 4769 ‘23
2483 4714 2820 4787 προνοεῖσθαι]
2859 4725 3088 4785 προνοεῖν

372 4805 471 4851 τῶν
514 4802 649 4853 coni.
692 4800 809 4869 Sp.=
837 4810 1064 4873 προνοεῖν
1103 4804 1377 4871 Schwartz,
1418 4808 1603 4861 melius
1800 4809 1868 4860 24
1906 4809 1951 4861 οἱ
1989 4806 2153 4859 B2S²a
2191 4807 2302 4873 Sp.:
2343 4806 2386 4857 εἰ
2425 4806 2650 4858 VB¹S¹F
2848 4804 2913 4855 29
2953 4823 3089 4856 κεκι-

374 4884 571 4956 νῆσθαι]
622 4906 701 4957 pr.
740 4908 772 4940 κ
808 4890 867 4943 in
902 4891 981 4944 lit.
1020 4896 1069 4943 V
1249 4892 1315 4945 35
1368 4896 1693 4963 προκείμενον
1738 4914 1769 4946 ιι
1813 4898 1902 4962 Sp.
2079 4894 2172 4963 τὴν
2209 4894 2323 4960 Sp.:
2373 4891 2428 4944 τὸ
2467 4893 2584 4944 libri

472 4996 619 5045 Suppl.
649 4997 781 5036 Arist.
809 4998 851 5037 11
879 4994 907 5038 ‘2
962 4999 1083 5039 Alex.
1114 5000 1271 5049 scripta
1304 5000 1478 5040 minora.
2641 4979 2681 5042 ἴ)
