3684 5567
558 231 677 295 184
1432 186 1889 283 ΑΛΒΞΑΝΔΡοι·
1927 224 2378 284 ΑΦΡοΔιΣιΕΩΣ

664 402 923 486 εὑρετήν.
1014 404 1102 467 διὸ
1168 404 1240 466 τὰ
1307 403 1409 485 μὲν
1456 402 1604 467 ἄλλα
1648 407 1793 487 ζῷα,
1860 402 1899 465 ἃ
1965 402 2110 466 εἴκει
2163 406 2286 472 ταῖς
2331 404 2662 487 φαντασίαις
2730 403 2951 485 μόναις,
3017 403 3142 468 κατ’

660 505 839 575 αὐτὰς
884 505 1012 592 ἔχει
1056 511 1171 570 τῶν
1218 506 1698 589 συγκαταθέσεων
1742 530 1804 568 τε
1849 508 1944 569 καὶ
1989 510 2106 567 τῶν
2173 506 2321 568 κατὰ
2363 504 2464 575 τὰς
2511 506 2740 589 πράξεις
2806 508 3004 590 ὁρμῶν
3069 508 3150 569 αἰ·
3181 527 3238 568 ιο

665 608 804 685 τίσις,
874 611 904 671 ὁ
952 610 1015 673 δὲ
1061 608 1369 694 ἅνθρωπος
1412 607 1540 695 ἔχει
1582 613 1698 671 τῶν
1753 613 2235 691 προσπιπτουσῶν
2303 606 2520 679 ἔξωθεν
2586 614 2918 693 φαντασιῶν
2987 610 3148 695 αὐτῷ

665 714 797 797 περὶ
841 717 957 775 τῶν
1002 714 1301 796 πρακτέων
1348 714 1546 796 κριτὴν
1592 714 1687 775 τὸν
1732 709 1922 793 λόγον,
1989 709 2040 798 ᾧ
2091 716 2396 797 χρώμενος
2439 714 2686 794 ἑκάστην
2731 712 2924 775 αὐτῶν
2968 712 3154 781 ἐξετά·

597 834 626 883 5
668 817 772 890 ζει,
820 816 901 899 μὴ
951 816 1124 897 μόνον
1168 816 1220 877 εἰ
1264 816 1521 899 φαίνεται
1565 814 1821 899 τοιαύτη,
1869 816 2042 878 ὁποία
2085 815 2367 900 φαίνεται,
2415 814 2564 877 ἀλλὰ
2608 816 2706 879 καὶ
2748 816 2800 878 εἰ
2830 813 2972 877 ἔστι.
3049 814 3153 878 κᾶν

665 918 808 1001 εὕρῃ
843 922 1033 1001 ζητῶν
1064 918 1209 981 κατὰ
1238 920 1337 980 τὸν
1380 918 1548 999 λόγον
1594 919 1823 981 ἀλλοῖον
1869 918 2048 1001 αὐτῆς
2093 922 2195 981 τοῦ
2239 918 2547 1002 φαίνεσθαι
2589 917 2655 979 τὸ
2699 916 2864 999 εἶναι,
2909 918 2978 981 οὐ
3009 917 3150 981 διότι
3181 936 3234 978 ιὸ

662 1022 853 1083 τοιάδε
918 1045 1001 1091 τις
1065 1022 1323 1105 φαίνεται
1376 1024 1783 1106 συνεχώρησεν
1837 1019 2010 1103 αὐτῇ,
2079 1018 2228 1095 ἀλλ’,
2295 1018 2384 1082 ὅτι
2437 1021 2518 1103 μὴ
2575 1021 2670 1083 καὶ
2733 1018 2854 1083 ἔστι
2897 1022 3154 1105 τοιαύτη,

663 1122 949 1187 ἐνίσταται
993 1124 1136 1208 πρὸς
1180 1124 1379 1205 αὐτήν.
1469 1124 1653 1193 οὕτως
1709 1126 1846 1205 γοῦν
1892 1124 1986 1186 καὶ
2031 1122 2222 1205 ἡδέων
2290 1129 2453 1187 τινῶν
2522 1124 2884 1207 φαινομένων
2950 1126 3156 1187 πολλά-

668 1249 755 1295 κις
822 1226 1121 1312 ἀπέχεται,
1190 1227 1373 1291 καίτοι
1419 1225 1601 1310 ὄρεξιν
1647 1223 1858 1311 (ἔχων)
1904 1226 2116 1301 αὐτῶν,
2183 1224 2272 1289 ὅτι
2317 1228 2398 1309 μὴ
2443 1226 2539 1287 τὸν
2591 1223 2760 1307 λόγον
2829 1224 3002 1311 ἔσχεν
3068 1232 3152 1310 τῷ

563 1348 623 1395 10
658 1329 989 1413 φαινομένῳ
1056 1327 1395 1413 συνᾴδοντα,
1464 1328 1681 1412 ὁμοίως
1751 1331 1815 1393 δὲ
1883 1330 1977 1392 καὶ
2023 1328 2386 1413 συμφέροντα
2431 1328 2682 1413 φανέντα
2727 1328 2850 1391 τινὰ
2893 1332 3149 1414 παρῃτή-
3179 1349 3236 1390 2⁰

664 1452 825 1506 σατο,
872 1436 956 1516 τῷ
1004 1432 1162 1516 λόγῳ
1208 1437 1376 1495 τοῦτο
1422 1433 1609 1503 δόξαν.
1686 1434 1739 1495 εἰ
1781 1432 1848 1495 δὲ
1891 1434 1956 1495 τὸ
2001 1430 2094 1517 ἐφ’
2150 1434 2288 1514 ἡμῖν
2333 1431 2456 1495 ἐστι
2499 1432 2561 1494 ἐν
2607 1437 2680 1515 τῇ
2715 1435 2916 1515 λογικῇ
2951 1452 3158 1513 συγκα-

666 1534 921 1610 ταθέσει,
988 1537 1113 1619 ἥτις
1158 1537 1251 1598 διὰ
1294 1540 1395 1599 τοῦ
1443 1536 1825 1620 βουλεύεσθαι
1871 1537 2103 1617 γίνεται,
2171 1535 2225 1596 οἱ
2270 1534 2336 1596 δὲ
2379 1534 2438 1596 ἐν
2485 1538 2558 1617 τῇ
2631 1534 3052 1616 συγκαταθέσει
3095 1558 3158 1599 τε

665 1638 761 1700 καὶ
807 1638 963 1721 ὁρμῇ
1010 1658 1182 1722 φασιν
1227 1637 1392 1714 εἶναι,
1438 1638 1525 1701 ὅτι
1569 1639 1667 1701 καὶ
1712 1638 1940 1721 ἀλόγως
1967 1639 2199 1719 γίνεται,
2246 1638 2412 1720 δῆλοι
2457 1636 2528 1699 δι’
2571 1638 2654 1699 ὧν
2684 1637 2947 1719 λέγουσιν
2981 1640 3156 1723 ῥᾳθυ-
3183 1658 3240 1699 2⁵

664 1738 903 1825 μότερον
970 1742 1103 1826 περὶ
1167 1745 1269 1804 τοῦ
1334 1738 1425 1824 ἐφ’
1483 1742 1621 1825 ἡμῖν
1697 1742 2198 1825 διαλαμβάνοντες,
2272 1738 2412 1824 <ὅτι>
2479 1739 2613 1803 οὔτε
2668 1739 2757 1803 ὅτι
2809 1740 2936 1803 ποτ’
3006 1742 3155 1804 ἐστὶν

566 1864 623 1911 15
666 1843 829 1915 αὐτό,
875 1842 1008 1907 οὔτε
1052 1843 1114 1906 ἐν
1157 1843 1261 1906 τίνι
1306 1845 1536 1925 γίνεται,
1582 1842 1863 1924 λέγουσιν.
1940 1846 2004 1906 τὸ
2049 1844 2158 1928 γὰρ
2187 1842 2332 1907 εἶναι
2362 1845 2576 1928 λογικῷ
2612 1842 2778 1906 οὐδὲν
2810 1842 2954 1907 ἄλλο
2983 1844 3158 1920 ἐστίν,

666 1948 704 2029 ἢ
750 1948 815 2008 τὸ
861 1947 1051 2031 ἀρχὴν
1098 1946 1361 2031 πράξεων
1408 1944 1569 2009 εἶναι.
1646 1950 1728 2013 ὡς
1770 1947 1876 2030 γὰρ
1924 1945 2086 2031 ἄλλῳ
2118 1947 2178 2009 ἐν
2210 1946 2374 2031 ἄλλῳ
2417 1948 2482 2009 τὸ
2529 1946 2694 2023 εἶναι,
2737 1952 2821 2031 τῷ
2870 1948 2972 2029 μὲν
3019 1946 3158 2031 ζῴῳ

664 2050 725 2111 ἐν
771 2054 854 2135 τῷ
901 2050 1223 2134 ὁρμητικῷ,
1268 2052 1353 2132 τῷ
1401 2050 1466 2111 δὲ
1510 2050 1645 2132 πυρὶ
1690 2050 1749 2111 ἐν
1796 2055 1880 2134 τῷ
1931 2050 2138 2135 θερμῷ
2185 2072 2248 2113 τε
2291 2050 2387 2113 καὶ
2435 2050 2824 2135 θερμαντικῷ,
2879 2050 3042 2133 ἄλλῳ
3087 2050 3153 2111 δὲ
3183 2066 3240 2108 ω

666 2153 728 2215 ἐν
774 2152 957 2236 ἄλλῳ,
1004 2151 1187 2219 οὕτως
1230 2152 1293 2213 δὲ
1340 2154 1425 2235 τῷ
1470 2152 1771 2235 ἀνθρώπῳ
1818 2153 1879 2215 ἐν
1924 2158 2010 2238 τῷ
2061 2157 2298 2237 λογικῷ,
2345 2151 2377 2214 ὃ
2423 2150 2544 2215 ἴσον
2591 2152 2711 2215 ἐστὶ
2755 2158 2842 2237 τῷ
2889 2153 2948 2215 ἐν
2995 2153 3153 2237 αὑτῷ

667 2257 857 2340 ἀρχὴν
927 2252 1082 2339 ἔχειν
1135 2258 1235 2317 τοῦ
1304 2256 1399 2316 καὶ
1452 2253 1687 2317 ἑλέσθαι
1739 2278 1793 2317 τι
1847 2257 1940 2320 καὶ
2007 2257 2117 2339 μή·
2186 2258 2281 2319 καὶ
2343 2258 2408 2318 τὸ
2465 2254 2606 2317 αὐτὸ
2663 2254 2864 2340 ἄμφω,
2931 2256 3082 2320 ὥστε
3127 2256 3157 2317 ὁ

562 2380 629 2425 20
666 2362 832 2421 τοῦτο
900 2358 1149 2441 ἀναιρῶν
1218 2356 1440 2440 ἀναιρεῖ
1483 2358 1578 2419 τὸν
1632 2356 1966 2442 ἄνθρωπον.
2055 2356 2326 2442 ἐοίΙκασιν
2381 2357 2445 2421 δὲ
2511 2357 2996 2441 παραλελοιπότες
3063 2360 3158 2423 τὸν
3197 2368 3266 2423 52

666 2462 836 2543 λόγον
880 2462 941 2523 ἐν
986 2464 1059 2543 τῇ
1108 2461 1267 2544 ὁρμῇ
1312 2460 1378 2522 τὸ
1424 2458 1516 2543 ἐφ’
1575 2462 1712 2544 ἡμῖν
1758 2461 2043 2539 τίθεσθαι,
2113 2460 2200 2523 ὅτι
2271 2460 2471 2544 μηκέτ’
2529 2462 2589 2524 ἐν
2649 2466 2735 2548 τῷ
2783 2462 3162 2547 βουλεύεσθαι

667 2564 927 2646 λέγουσιν
992 2564 1188 2631 αὐτοῖς
1252 2563 1315 2625 τὸ
1362 2562 1455 2645 ἐφ’
1512 2564 1650 2646 ἡμῖν
1696 2561 1841 2626 εἶναι
1909 2568 2210 2649 προχωρεῖ
2259 2565 2322 2627 τὸ
2378 2563 2654 2649 σόφισμα.
2743 2565 2838 2627 ἐπὶ
2901 2564 3004 2647 μὲν
3049 2566 3156 2649 γὰρ

666 2674 770 2752 τῆς
816 2668 1000 2751 ὁρμῆς
1046 2664 1283 2750 ἔχουσιν
1329 2664 1513 2748 λέγειν
1558 2666 1623 2727 τὸ
1670 2666 1762 2727 ἐπὶ
1808 2672 1928 2735 τοῖς
1975 2664 2148 2752 ζῴοις
2193 2666 2440 2731 εἶναιτὰ
2467 2668 2737 2751 γινόμενα
2768 2666 2904 2731 καθ’
2947 2668 3152 2751 ὁρμήν,
3207 2686 3238 2727 ὅ

668 2770 755 2833 ὅτι
800 2771 881 2853 μὴ
929 2770 1025 2832 οἷά
1069 2792 1132 2833 τε
1176 2770 1357 2854 χωρὶς
1424 2770 1609 2853 ὁρμῆς
1654 2770 1725 2831 τὰ
1768 2765 1841 2831 δι’
1899 2768 2090 2831 αὐτῶν
2136 2770 2406 2853 γινόμενα
2473 2777 2676 2848 ποιεῖν,
2743 2771 2794 2833 εἰ
2853 2769 2912 2833 δ’
2965 2771 3024 2833 ἐν
3069 2776 3154 2855 τῷ

563 2896 630 2943 -25
670 2873 1051 2961 βουλεύεσθαι
1095 2874 1161 2935 τὸ
1208 2870 1303 2957 ἐφ’
1359 2874 1519 2954 ἡμῖν,
1586 2870 1754 2935 ἔνθεν
1800 2870 1996 2935 οὐκέτ’
2051 2872 2246 2942 αὐτοῖς
2287 2874 2482 2937 εἵπετο
2526 2874 2592 2936 τὸ
2640 2874 2722 2957 μὴ
2767 2874 3044 2937 δύνασθαι
3087 2874 3160 2937 τὰ

670 2975 744 3040 δι’
800 2977 1115 3059 ἀνθρώπου
1159 2973 1427 3057 γινόμενα
1470 2974 1663 3045 ἄλλως
1728 2975 1998 3058 γενέσθαι
2041 2979 2127 3060 τῷ
2176 2976 2271 3037 τὸν
2316 2974 2626 3059 ἄνθρωπον
2689 2974 2824 3039 ὄντα
2870 2978 3157 3060 βουλευτι-
3185 2996 3242 3037 ιο

673 3081 774 3144 κὸν
818 3081 900 3163 μὴ
948 3079 1135 3141 πάντα
1178 3077 1249 3139 τὰ
1292 3076 1563 3159 γινόμενα
1607 3077 1679 3141 δι’
1735 3077 1911 3141 αὐτοῦ
1958 3076 2372 3162 βουλευόμενον
2420 3084 2623 3142 ποιεῖν.
2701 3078 2768 3142 οὐ
2798 3079 2906 3163 γὰρ
2952 3081 3156 3155 πάντα,

670 3184 707 3245 ἃ
754 3186 1050 3263 ποιοῦμεν,
1098 3181 1549 3265 βουλευσάμενοι
1594 3185 1893 3263 ποιοῦμεν,
1960 3179 2112 3242 ἀλλὰ
2155 3183 2432 3249 πολλάκις
2477 3180 2602 3263 με’ν,
2671 3180 2738 3244 οὐ
2795 3184 3160 3265 συγχωροῦν·

670 3310 765 3355 τος
810 3289 910 3347 τοῦ
957 3288 1157 3366 καιροῦ
1204 3288 1316 3344 τῶν
1363 3284 1702 3369 πραχθῆναι
1748 3282 1993 3347 δεόντων
2039 3286 2124 3368 τῷ
2173 3282 2603 3367 βουλεύσασθαι
2645 3283 2876 3369 χρόνον,
2933 3284 3029 3345 καὶ
3075 3284 3156 3368 μὴ

566 3410 631 3457 30
669 3387 1127 3476 βουλευσάμενοί
1187 3408 1310 3448 τινα
1376 3390 1673 3467 ποιοῦμεν,
1742 3388 2017 3455 πολλάκις
2079 3387 2144 3448 δὲ
2201 3387 2296 3449 καὶ
2343 3384 2417 3448 δι’
2475 3388 2672 3470 ἀργίαν
2731 3386 2770 3470 ἦ
2816 3408 2937 3449 τινα
2981 3385 3159 3469 ἄλλην
3193 3404 3246 3447 ιε

670 3493 871 3557 αἰτίαν.
952 3491 1003 3553 εἰ
1048 3490 1113 3551 δὲ
1156 3489 1227 3551 τὰ
1275 3488 1377 3570 μὲν
1424 3490 1901 3573 βουλευσαμένων
1948 3491 2137 3572 ἡμῶν,
2183 3489 2254 3551 τὰ
2299 3489 2365 3552 δὲ
2408 3489 2505 3551 καὶ
2551 3488 2632 3571 μὴ
2679 3488 3160 3573 βουλευσαμένων

669 3596 901 3680 γίνεται,
947 3591 1141 3657 οὐκέτι
1185 3594 1389 3677 χώραν
1436 3588 1561 3675 ἔχει
1606 3593 1671 3654 τὸ
1716 3592 1902 3675 λέγειν
1949 3593 2013 3655 τὸ
2059 3592 2131 3655 τὰ
2177 3590 2274 3655 διὰ
2319 3596 2420 3654 τοῦ
2468 3590 2849 3675 βουλεύεσθαι
2891 3590 3164 3673 γινόμενα

572 3855 593 3905 1
636 3852 840 3921 εὑρέτην
878 3854 925 3901 V
1177 3848 1325 3913 ἄλλα]
1362 3847 1519 3917 ἄλογα
1560 3852 1605 3899 Η
1859 3850 1904 3901 1.
1943 3848 1974 3901 2
2011 3844 2133 3900 κατ’
2175 3847 2351 3913 αὐτὰς]
2387 3850 2474 3900 καὶ
2510 3848 2693 3906 ταὺτας
2729 3853 2776 3901 Η
2803 3866 2876 3921 γρ.
2905 3851 2989 3901 Es

566 3942 597 3992 :2
648 3936 848 4009 πράξεις
904 3956 949 3991 v.
995 3956 1037 3989 c.
1086 3938 1234 3989 Va¹'·':
1290 3934 1451 3995 τάξεις
1500 3938 1667 3989 V¹Es
1927 3938 1960 3989 3
2006 3935 2445 4006 προσπιπτουσῶν]
2502 3953 2605 3988 σων
2653 3939 2710 3989 in
2757 3938 2830 3989 lit.
2877 3938 2944 3989 m'
2985 3938 3094 3989 sive
3138 3952 3184 3987 v.
3225 3952 3270 3987 c.

566 4046 606 4081 s.
646 4045 693 4079 v.
733 4032 779 4078 V
958 4024 1098 4095 αὐτῷ
1134 4032 1418 4094 φαντασιῶν
1463 4024 1541 4075 8¹²⁸
1750 4024 1781 4077 5
1822 4024 1992 4091 ὁποία]
2049 4022 2196 4093 ὅμοια
2233 4024 2395 4076 Lond.
2681 4026 2711 4077 6
2759 4026 2952 4095 ζητῶν]
3007 4026 3068 4094 {q
3111 4040 3274 4093 supra

566 4132 694 4168 vers.
736 4120 779 4165 V
994 4112 1161 4171 αὐτοῖς
1206 4116 1250 4165 Ο
1551 4112 1581 4163 9
1629 4130 1793 4164 καιτοι
1832 4117 1878 4163 V
2127 4110 2284 4183 ὄρεξιν
2325 4112 2457 4184 ἔχων
2494 4113 2735 4166 BfflES:
2792 4112 2924 4185 ἔχων
2973 4112 3130 4183 ὄρεξιν
3167 4112 3268 4163 3¹²:

566 4200 723 4272 ὄρεξιν
748 4206 791 4253 V
976 4203 1029 4252 11
1082 4199 1201 4264 (ὅτι)
1244 4202 1319 4269 τῷ
1354 4200 1516 4253 Lond.
1556 4202 1600 4253 Ο
1823 4199 1882 4251 13
1939 4196 2013 4251 ὅτι
2049 4217 2140 4271 περ
2177 4198 2250 4251 13²
2485 4200 2546 4251 14
2591 4198 2666 4251 ὅτι
2704 4200 2905 4253 addidi:
2961 4205 3080 4252 ante
3117 4196 3270 4269 ῥαθυ-

566 4292 775 4361 μότερον
814 4290 927 4357 (13)
966 4292 1117 4357 Oasp.
1157 4289 1241 4340 Or.
1279 4288 1415 4353 (‚,vel
1452 4286 1673 4356 λέγουσιν
1711 4286 1865 4351 del.“)
2082 4286 2142 4338 15
2191 4285 2330 4357 αὐτῷ
2375 4287 2454 4339 a¹⁹
2680 4286 2880 4356 λογικὸν
2927 4287 3088 4341 Lond.
3125 4291 3170 4340 O

571 4378 632 4429 16
690 4378 721 4447 ἠ
762 4382 807 4428 V
1023 4374 1160 4445 ἄλλῳ
1200 4376 1273 4427 ἐν·
1299 4377 1413 4428 Cas.
1451 4379 1523 4429 O:
1580 4373 1752 4432 ἁπλῶς
1788 4376 1838 4427 ἐν
1879 4375 2029 4442 Casp.
2067 4377 2139 4428 0:
2183 4372 2349 4432 ἄλλως
2386 4374 2504 4428 libri
2687 4376 2750 4428 18
2785 4376 2874 4429 alt.
2909 4375 2960 4427 ἐν
2997 4391 3095 4427 om.
3123 4374 3200 4427 ⁸¹²

567 4464 705 4533 αὑτῷ
746 4466 955 4531 scripsi:
1012 4462 1155 4532 αὐτῷ
1200 4462 1363 4515 Lond.
1402 4464 1473 4515 O:
1532 4462 1607 4531 τῷ
1644 4462 1773 4514 Va¹²
2082 4460 2143 4513 19
2201 4460 2398 4515 ἑλέσθαι
2436 4464 2644 4530 scripsi:
2701 4460 2902 4535 ἔχεσθαι
2937 4463 3080 4516 libri:
3139 4463 3271 4532 ἐνερ-

565 4560 663 4622 γεῖν
704 4552 771 4603 13²
1016 4552 1084 4615 τι]
1134 4554 1223 4600 τοῦ
1269 4552 1401 4602 coni.
1442 4554 1485 4603 Ο
1744 4548 1924 4618 ἄμφω]
1973 4550 2081 4601 scil.
2127 4548 2185 4601 τὸ
2231 4548 2434 4618 λογικὸν
2481 4558 2533 4602 et
2575 4549 2841 4620 ἅνθρωπος
2887 4550 2995 4617 (καὶ
3043 4550 3100 4602 τὸ
3148 4550 3272 4603 αὐτὸ

566 4640 761 4709 ἀφιέναι
797 4641 933 4691 coni.
960 4638 1111 4705 Casp.
1137 4638 1205 4703 Ο)
1387 4637 1454 4689 20
1488 4635 1879 4709 παραλελιπότεσ
1903 4640 1967 4687 V:
2005 4636 2418 4707 παραλελειπότες
2455 4642 2500 4689 Η
2682 4640 2746 4690 24
2797 4638 2868 4707 μὴ
2909 4640 3042 4690 HSB
3086 4638 3144 4691 in
3189 4637 3270 4690 lit.

568 4742 732 4795 Lond.
773 4747 835 4797 O:
874 4730 972 4813 μὴν
1011 4746 1086 4795 sie
1128 4748 1189 4793 V:
1228 4743 1327 4812 μὴν
1366 4740 1444 4794 a¹2
1657 4740 1722 4793 25
1760 4740 1880 4809 ἡμιν
1923 4744 1963 4791 V
2181 4741 2244 4795 27
2283 4748 2416 4795 ποιεῖ
2449 4740 2503 4795 ³²
2713 4742 2782 4795 30
2817 4742 2985 4813 ἀργιαν
3023 4746 3069 4793 V

567 4830 634 4882 32
672 4830 829 4901 λέγειν
868 4830 925 4883 τὸ
964 4847 1062 4883 om.
1103 4832 1147 4883 Ο
