3684 5567
512 283 595 347 38
1238 276 1695 335 ΑΛΕΞΑΝΔΡΟΥ
1734 275 2040 334 ΑΠΟΡΙΩΝ
2082 274 2200 332 ΚΑΙ
2241 275 2510 334 ΛΥΣΕΩΝ

620 457 837 523 λοντος.
907 456 1002 518 καὶ
1049 456 1290 535 δυνάμει
1338 454 1441 536 μὲν
1482 451 1682 536 οὔσης,
1728 452 1934 534 ἐπειδὴ
1981 453 2223 533 δυνάμει
2269 451 2422 515 ἐστὶν
2465 450 2575 535 ὕλη
2607 453 2779 513 τοῦτο
2824 448 2856 511 ὃ
2887 448 3125 531 γίνεται·

624 556 885 640 ἐνεργείᾳ
947 558 1013 619 δὲ
1078 556 1158 639 μὴ
1215 554 1414 637 οὔσης,
1480 554 1569 617 ὅτι
1624 554 1858 617 οὐδέπω
1911 554 2064 617 ἐστὶν
2120 552 2152 615 ὃ
2205 554 2442 635 γίνεται·
2513 552 2580 615 οὐ
2623 553 2732 635 γὰρ
2780 551 2848 614 ἂν
2894 550 3128 633 ἐγίνετο.

620 656 787 720 αὗται
856 660 927 740 δὴ
992 658 1317 741 διαφέροιεν
1385 656 1453 719 ἂν
1521 658 1794 739 ἀλλήλων
1857 660 1942 739 τῷ
1999 658 2103 737 τὴν
2171 655 2276 737 μὲν
2347 657 2582 739 πρώτην
2647 656 2762 717 ἀπὸ
2831 656 2932 715 τοῦ
2997 651 3130 713 ὑπο·
3159 666 3214 707 1⁰

620 760 889 842 κειμένου
944 764 1019 843 τῇ
1067 759 1287 842 γενέσει
1340 760 1437 822 καὶ
1489 760 1970 843 προϋπάρχοντος
2023 762 2098 839 τῇ
2155 758 2326 841 φύσει
2367 756 2658 840 γεγονέναι
2709 754 2978 837 (τοιαύτη
3021 754 3128 838 γὰρ

550 882 579 928 5
621 863 658 942 ἡ
696 862 803 945 ὕλη
851 866 926 945 τῇ
975 862 1156 944 αὑτῆς
1185 861 1375 945 φύσει,
1422 861 1483 929 ἐξ
1529 861 1599 943 ἧς
1636 861 1847 942 γίνεται
1895 859 1957 923 ὂν
2005 860 2108 942 μέν
2153 883 2206 922 τι
2251 858 2398 922 κατὰ
2442 862 2546 944 τὴν
2581 858 2764 940 αὑτῆς
2807 856 2998 939 φύσιν,
3046 856 3126 938 μὴ

623 963 686 1025 ὃν
733 964 798 1026 δὲ
842 964 991 1027 κατὰ
1044 965 1150 1046 τὴν
1194 964 1625 1048 συμβεβηκυῖαν
1680 961 1832 1043 αὐτῇ
1878 960 2204 1046 στέρησιν),
2259 961 2364 1043 τὴν
2421 962 2485 1023 δὲ
2537 960 2807 1043 δευτέραν
2861 959 2979 1022 ἀπὸ
3023 962 3128 1041 τῆς
3157 974 3210 1017 ιε

620 1066 888 1149 σχέσεως
930 1064 1109 1150 αὐτῆς
1153 1070 1257 1149 τῆς
1302 1067 1445 1147 πρὸς
1488 1064 1520 1127 ὃ
1565 1066 1794 1146 γίνεται.
1865 1068 1948 1147 τῷ
1995 1063 2104 1148 γὰρ
2149 1062 2433 1126 δύνασθαι
2479 1063 2582 1145 μὲν
2626 1062 2919 1145 γενέσθαι,
2967 1062 3052 1130 εἰς
3097 1061 3132 1124 ὃ

623 1170 994 1252 μεταβάλλει,
1043 1169 1289 1253 μηδέπω
1336 1170 1400 1231 δὲ
1430 1167 1577 1231 εἶναι
1620 1166 1680 1229 ἐν
1724 1167 1914 1249 τούτῳ
1961 1166 2027 1228 τὸ
2056 1165 2352 1248 γινόμενον
2398 1165 2458 1235 ἐξ
2487 1164 2670 1249 αὐτῆς
2711 1166 2944 1247 γίνεται.
3013 1162 3133 1228 εἴτε

619 1268 727 1351 γὰρ
772 1268 845 1352 ἧν
893 1270 1009 1354 ἤδη
1064 1272 1123 1334 ἐν
1170 1272 1359 1356 αὐτῷ,
1415 1270 1522 1334 οὐκ
1566 1270 1634 1333 ἂν
1680 1270 1927 1351 ἐγίνετο,
1990 1268 2108 1333 εἴτε
2162 1270 2244 1352 μὴ
2298 1268 2370 1352 ἦν
2417 1268 2550 1352 μέν,
2604 1267 2676 1352 ἧν
2723 1269 2788 1331 δὲ
2833 1268 3216 1344 ἀδύνατον,εο

518 1392 581 1439 10
624 1372 903 1436 ἀδύνατον
958 1376 1041 1443 εἰς
1101 1374 1249 1437 αὐτὰ
1306 1375 1711 1458 μεταβάλλειν·
1784 1371 1952 1435 οὐδὲν
2011 1374 2120 1457 γὰρ
2174 1377 2290 1435 τῶν
2355 1372 2652 1435 ἀδυνάτων
2713 1370 2947 1452 γίνεται.
3047 1376 3131 1455 τῷ

620 1474 901 1538 δύνασθαι
969 1478 1073 1555 μὲν
1148 1476 1231 1544 εἰς
1297 1476 1328 1540 ὃ
1396 1476 1607 1557 γίνεται
1684 1474 2098 1558 μεταβάλλειν,
2177 1473 2421 1557 μηδέπω
2497 1474 2562 1535 δὲ
2623 1474 2708 1541 εἰς
2772 1472 2914 1536 αὐτὸ
2981 1472 3133 1557 ἐνερ·

620 1578 747 1661 γείᾳ
802 1578 1291 1662 μεταβεβληκέναι
1344 1578 1533 1661 τούτῳ
1595 1579 1661 1640 τὸ
1715 1575 2014 1659 γινόμενον
2071 1576 2130 1645 ἐξ
2181 1574 2364 1659 αὐτῆς
2417 1576 2649 1658 γίνεται.
2753 1576 3004 1659 ὑπάρχει
3066 1576 3132 1637 δὲ
3159 1590 3214 1632 ¹⁸

622 1680 779 1761 αὐτῇ
826 1681 891 1742 τὸ
938 1680 1043 1762 μὲν
1096 1681 1378 1743 δύνασθαι
1422 1682 1579 1762 παρὰ
1630 1685 1737 1764 τῆς
1789 1678 2009 1748 οἰκείας
2061 1678 2293 1764 φύσεως
2345 1678 2434 1759 (ἐν
2479 1678 2669 1761 τούτῳ
2713 1676 2824 1761 γὰρ
2867 1677 3020 1760 αὐτῇ
3065 1679 3131 1740 τὸ

620 1780 734 1863 ὕλῃ
780 1781 989 1863 εἶναι),
1042 1783 1107 1845 τὸ
1164 1783 1229 1845 δὲ
1284 1781 1531 1865 μηδέπω
1585 1782 1842 1864 ἐνεργείᾳ
1897 1780 2046 1844 εἶναι
2091 1780 2248 1863 παρὰ
2301 1785 2406 1863 τῆς
2461 1782 2809 1865 στερήσεως.
2901 1779 3139 1841 δύναταί

517 1902 579 1951 15
623 1906 701 1951 τις
748 1884 843 1945 ἐπὶ
896 1889 999 1966 τῆς
1045 1886 1279 1967 πρώτης
1322 1885 1546 1953 λύσεως
1597 1883 1667 1947 τὰ
1713 1884 1994 1967 εἰρημένα
2037 1886 2300 1966 διαιρεῖν,
2355 1886 2438 1951 ὡς
2489 1885 2555 1946 τὸ
2601 1884 2704 1966 μὲν
2749 1882 2931 1966 αὐτῆς
2980 1880 2988 1967 Ι
3035 1882 3134 1945 ἐπὶ
3171 1890 3238 1945 75

618 1992 723 2069 τῆς
769 1988 1100 2070 στερήσεως
1154 1988 1425 2073 εἰρῆσθαι
1468 1988 1684 2069 λέγειν,
1742 1988 1807 2049 τὸ
1856 1987 1920 2049 δὲ
1965 1986 2062 2049 ἐπὶ
2114 1990 2216 2067 τῆς
2263 1984 2432 2068 ὕλης,
2493 1983 2672 2067 οὔσης
2715 1984 2822 2068 γὰρ
2878 1990 2982 2067 τῆς
3027 1984 3132 2067 μὲν

622 2091 953 2171 στερήσεως
1018 2088 1155 2151 καθ’
1212 2090 1351 2151 αὐτὸ
1420 2090 1523 2171 μὲν
1580 2090 1660 2172 μὴ
1721 2086 1912 2163 ὄντος,
1987 2088 2136 2151 κατὰ
2189 2086 2561 2172 συμβεβηκὸς
2613 2087 2678 2150 δὲ
2728 2086 2922 2162 ὄντος,
2989 2085 3132 2149 διότι

620 2189 738 2253 ὄντι
784 2190 935 2273 οὔσῃ
990 2196 1063 2273 τῇ
1121 2192 1232 2273 ὕλῃ
1281 2191 1636 2275 συμβέβηκε,
1698 2196 1801 2273 τῆς
1846 2189 1897 2253 δ’
1956 2190 2099 2272 ὕλης
2143 2188 2282 2253 καθ’
2337 2190 2519 2273 αὑτὴν
2575 2189 2680 2271 μὲν
2725 2188 2932 2272 οὔσης,
2986 2190 3134 2252 κατὰ
3186 2205 3215 2247 ε

618 2294 990 2377 συμβεβηκὸς
1034 2294 1098 2355 δὲ
1146 2294 1225 2375 μὴ
1274 2291 1473 2375 οὔσης,
1520 2292 1662 2355 διότι
1707 2294 1746 2375 ἡ
1795 2292 2063 2375 στέρησις
2114 2291 2266 2375 αὐτῇ
2317 2292 2398 2374 μὴ
2447 2291 2510 2355 ὃν
2557 2289 2702 2354 οὖσα
2748 2292 3130 2376 συμβέβηκεν.

513 2414 579 2461 20
617 2397 715 2458 τὸν
779 2397 884 2479 γὰρ
946 2396 1153 2457 λύοντα
1206 2395 1313 2477 τὴν
1374 2401 1489 2458 τῶν
1548 2396 1808 2478 ἀρχαίων
1869 2396 2114 2479 ἀπορίαν
2178 2394 2328 2477 ἐρεῖν
2394 2395 2489 2456 καὶ
2543 2393 2610 2456 ἐκ
2665 2398 2764 2457 τοῦ
2831 2395 2912 2477 μὴ
2976 2392 3139 2462 ὄντος

628 2499 829 2565 ἁπλῶς
874 2498 1135 2579 γίνεσθαι
1180 2497 1253 2559 τὰ
1296 2498 1567 2579 γινόμενα
1612 2498 1708 2559 καὶ
1752 2498 1821 2559 ἐκ
1868 2500 1968 2559 τοῦ
2014 2495 2179 2565 ὄντος
2223 2498 2455 2571 ἁπλῶς,
2506 2498 2602 2559 καὶ
2647 2496 2764 2580 ἰδία
2808 2497 2914 2578 μὲν
2961 2496 3133 2578 μηδέ·
3163 2512 3218 2554 ιο

623 2622 785 2682 τερον
832 2599 1024 2661 αὐτῶν
1072 2600 1265 2661 ἱκανὸν
1312 2600 1456 2683 πρὸς
1495 2597 1715 2679 γένεσίν
1760 2621 1884 2661 τινα
1931 2597 2074 2661 εἶναι
2119 2598 2300 2681 (μήτε
2343 2598 2451 2680 γὰρ
2497 2599 2560 2661 τὸ
2609 2596 2744 2681 μηδ’
2803 2598 2866 2662 ὃν
2913 2600 3136 2674 ἁπλῶς,

623 2700 711 2763 ὅτι
757 2701 908 2784 μηδὲ
954 2698 1017 2762 ὃν
1061 2700 1129 2762 ἐκ
1173 2705 1275 2763 τοῦ
1321 2702 1475 2764 οὕτω
1532 2702 1613 2784 μὴ
1670 2698 1833 2768 ὄντος
1876 2700 2114 2783 γίνεται,
2172 2702 2321 2785 μήτε
2365 2701 2429 2763 τὸ
2477 2698 2541 2763 ὃν
2586 2698 2722 2763 καθ’
2779 2701 2951 2764 αὑτό·
3016 2700 3130 2784 ἤδη

622 2803 733 2886 γὰρ
766 2803 834 2866 ἄν
866 2801 1061 2883 εἶναι),
1110 2802 1412 2887 ἀμφότερα
1443 2803 1507 2864 δὲ
1537 2804 1798 2885 γίνεσθαι
1825 2807 1933 2885 τῆς
1959 2802 2241 2883 γενέσεως
2286 2800 2462 2875 αἴτια,
2507 2802 2656 2865 ἀλλὰ
2686 2804 2752 2865 τὸ
2801 2804 2905 2883 μὲν
2951 2802 3032 2887 μὴ
3067 2801 3132 2865 ὃν

510 2924 574 2973 25
614 2906 709 2967 καὶ
740 2905 844 2986 τὴν
876 2904 1143 2988 στέρησιν
1192 2905 1274 2985 μὴ
1318 2903 1455 2967 καθ’
1497 2904 1657 2967 αὑτό.
1736 2902 1901 2987 (καθ’
1943 2902 2114 2987 acub>
2157 2902 2264 2987 γὰρ
2311 2902 2382 2967 ἂν
2427 2903 2494 2967 ἐκ
2539 2904 2746 2987 ταύτης
2789 2903 3030 2985 ἐγίνετο,
3079 2905 3132 2967 εἰ
3159 2920 3214 2962 ιε

618 3006 988 3086 ὑπομένουσα
1036 3006 1383 3089 μετέβαλλεν
1414 3007 1496 3075 εἰς
1526 3005 1848 3068 τούναντίον
1879 3005 2055 3088 αὐτῇ.
2132 3009 2301 3069 τοῦτο
2333 3004 2384 3068 δ’
2420 3005 2724 3069 ἀδύνατον·
2771 3005 2840 3069 οὐ
2871 3006 2979 3089 γὰρ
3009 3004 3131 3069 οἷόν

618 3130 681 3169 τε
727 3108 1029 3191 ὑπομένειν
1092 3110 1188 3171 καὶ
1235 3109 1583 3173 ὑποκεῖσῦαί
1632 3132 1739 3171 τινι
1784 3108 1848 3171 τὸ
1901 3112 1976 3191 τῇ
2024 3108 2204 3170 αὑτοῦ
2251 3108 2422 3191 φύσει
2468 3108 2550 3190 μὴ
2599 3106 2691 3182 ὄν,
2745 3108 2884 3172 οὐδὲ
2937 3109 3002 3172 τὸ
3047 3108 3131 3171 ἐν·

622 3210 812 3272 αντίον
858 3210 965 3272 τινὶ
1010 3209 1133 3273 οἷόν
1174 3232 1237 3272 τε
1284 3212 1615 3292 σωζόμενον
1663 3210 1936 3279 δέξασθαι
1983 3210 2052 3291 τὸ,
2093 3209 2348 3273 ἐναντίον
2391 3208 2576 3294 αὐτῷ’.
2651 3210 2798 3274 κατὰ
2843 3212 3130 3296 συμβεβη·
3157 3226 3216 3269 ω

623 3312 725 3380 κὸς
768 3312 835 3374 δὲ
880 3312 943 3374 τὸ
976 3310 1273 3393 γινόμενον
1319 3311 1387 3373 ἐκ
1432 3313 1643 3395 ταύτης
1686 3312 1899 3394 γίνεται
1945 3317 2030 3395 τῷ
2079 3312 2139 3380 ἐξ
2184 3310 2252 3374 οὔ
2283 3311 2498 3393 γίνεται
2539 3310 2778 3393 (γίνεται
2821 3314 2888 3377 δὲ
2933 3314 2999 3375 ἐκ
3028 3319 3134 3397 τῆς
3189 3342 3196 3349 ·

517 3432 585 3481 30
623 3414 794 3497 ὕλης)
838 3414 1045 3498 ἐκείνῳ
1089 3417 1193 3497 τὴν
1244 3414 1507 3498 στέρησιν
1564 3415 1622 3483 ἐξ
1670 3416 1923 3495 ἀνάγκης
1975 3416 2092 3477 δεῖν
2138 3413 2568 3499 συμβεβηκέναι
2623 3414 2750 3497 (καὶ
2795 3414 2982 3485 οὕτως
3027 3418 3132 3498 μὲν

622 3517 659 3599 ἡ
706 3516 925 3597 γένεσις
970 3517 1037 3579 ἐκ
1082 3520 1182 3579 τοῦ
1230 3518 1313 3599 μὴ
1361 3514 1524 3584 ὄντος
1576 3514 1711 3579 καθ’
1768 3516 1938 3580 αὑτό·
1994 3518 2147 3580 καθὸ
2195 3516 2304 3600 γὰρ
2352 3516 2416 3579 ὄν
2461 3540 2611 3585 πως·
2667 3520 2893 3580 τοιοῦτο
2939 3519 3005 3582 δὲ
3047 3525 3133 3604 τῷ
3161 3536 3218 3577 τε

620 3624 705 3700 τῷ
754 3616 871 3680 ὄντι
920 3618 1507 3703 συμβεβηκέναι),·ἐκ
1552 3620 1617 3683 δὲ
1662 3624 1769 3701 τῆς
1813 3619 1956 3701 ὕλης
1997 3619 2258 3699 γίνεσθαι
2305 3619 2408 3701 μὲν
2453 3616 2591 3681 καθ’
2647 3618 2829 3703 αὑτὴν
2873 3619 2948 3683 τὰ
2989 3621 3134 3703 γινό·

623 3741 767 3801 μενα
810 3718 905 3801 (ὃν
950 3721 1060 3803 γὰρ
1104 3718 1252 3784 οὖσα
1295 3720 1441 3784 κατὰ
1484 3721 1581 3784 τὸν
1627 3721 1838 3803 ἑαυτῆς
1883 3719 2052 3802 λόγον
2108 3720 2380 3803 ὑπομένει
2433 3744 2496 3785 τε
2563 3721 2658 3785 καὶ
2711 3724 2986 3794 σώζουσα
3029 3725 3134 3807 τὴν

516 3978 535 4027 l
582 3976 672 4043 μέν
710 3994 765 4044 γε
792 3973 861 4027 Β“·’
1026 3976 1059 4045 ἡ
1101 3973 1195 4047 ὕλη
1234 3993 1265 4028 a
1302 3976 1390 4044 Sp.
1558 3976 1589 4029 3
1628 3996 1775 4030 αυται
1798 3979 1867 4029 V¹
2037 3976 2096 4029 ἂν
2135 3994 2234 4030 om.
2275 3996 2306 4029 a
2343 3978 2431 4047 Sp.
2601 3978 2631 4029 7
2670 3978 2848 4047 αὐτῆς]
2875 3977 2940 4031 αὖ
2978 3994 3019 4033 s.
3046 3996 3093 4031 v.
3121 3985 3171 4034 V

510 4064 599 4131 μὲν
624 4061 845 4133 γίνεσθαι
868 4081 900 4114 a
925 4062 1014 4130 Sp.
1187 4064 1217 4115 9
1258 4062 1501 4116 ἀδύνατον
1527 4064 1813 4127 (ἀδύνατον)
1840 4064 2006 4117 GFSa
2033 4064 2144 4131 Sp.:
2186 4064 2428 4118 ἀδύνατον
2447 4068 2527 4133 (υν
2553 4066 2612 4119 in
2639 4064 2738 4131 lit.)
2760 4068 2854 4118 VB
3029 4067 3091 4119 10
3115 4066 3242 4119 αὐτὸ

512 4150 647 4201 coni.
674 4148 763 4216 Sp.
912 4150 969 4203 ll
1016 4148 1103 4202 οὖν
1142 4148 1383 4203 δύνασθαι
1419 4168 1450 4203 a
1477 4151 1567 4218 Sp.
1709 4150 1895 4218 γίνεται
1931 4152 2048 4202 VB:
2087 4148 2288 4203 δύναται
2327 4154 2536 4206 GFSLa
2559 4151 2648 4218 Sp.
2793 4152 3120 4221 μεταβάλλειν
3145 4172 3241 4223 μη·

512 4234 673 4303 δέπω]
712 4234 813 4287 λειν
853 4256 891 4303 μ.
926 4237 984 4289 in
1022 4237 1097 4289 lit.
1138 4242 1180 4289 V
1332 4238 1396 4291 13
1432 4238 1523 4291 alt.
1564 4237 1717 4311 αὐτῇ]
1758 4237 1891 4309 αὐτῇ
1930 4236 2068 4290 VS‘:
2108 4236 2236 4309 αὕτη
2273 4240 2387 4290 FL:
2423 4236 2580 4306 αὒτῆς
2615 4256 2650 4289 ει
2683 4238 2772 4305 Sp.
2915 4239 3003 4291 alt.
3041 4240 3100 4293 τὸ
3139 4256 3240 4295 om.

510 4327 598 4375 FL
782 4323 843 4374 15
882 4320 935 4374 δέ
974 4342 1048 4380 τις
1085 4324 1302 4378 v²BS²a
1338 4326 1427 4393 Sp.
1618 4326 1683 4377 16
1720 4326 1813 4395 γὰρ
1854 4324 1998 4377 νδέ
2036 4324 2149 4393 Sp.:
2189 4323 2242 4376 δὲ
2281 4327 2407 4377 FSL
2593 4326 2659 4378 18
2697 4324 2802 4378 ὄντι
2839 4340 2939 4379 om.
2975 4345 3008 4378 ε
3045 4326 3134 4395 Sp.

512 4408 672 4479 αὐτὴν
691 4412 949 4462 BGFSLa
969 4410 1085 4479 Sp.:
1116 4412 1278 4482 αὺτῆσ
1302 4418 1345 4462 V
1494 4412 1555 4463 19
1583 4410 1715 4482 αὒτῆ
1738 4411 1928 4465 VBs²a
1947 4412 2060 4479 Sp.:
2091 4410 2220 4482 αὕτη
2247 4412 2426 4466 S¹GF=
2454 4410 2582 4482 αἰνιὴ
2603 4416 2646 4464 L
2787 4410 2912 4464 οὖσα
2931 4416 3238 4469 V'SGFLa:

514 4496 637 4567 ούση
662 4496 778 4547 V²B
924 4496 993 4549 20
1034 4500 1127 4566 γὰρ
1163 4514 1263 4551 om.
1294 4498 1459 4552 13²S²a
1485 4500 1574 4568 Sp.
1718 4497 2004 4563 (δύνασθαι)
2047 4498 2172 4568 ἐρεῖν
2210 4516 2241 4551 a
2278 4498 2366 4566 Sp.
2526 4498 2700 4556 ἁπλῶς
2735 4498 2876 4558 ὄντος
2910 4518 2942 4551 a
2976 4500 3066 4569 Sp.

514 4584 579 4635 22
606 4600 736 4641 τινος
762 4602 793 4635 ει
813 4583 901 4652 Sp.
1031 4586 1100 4657 μὴ
1130 4585 1185 4638 ὃν
1206 4586 1393 4641 FSB²a
1412 4586 1502 4655 Sp.
1630 4586 1695 4639 23
1725 4584 1852 4655 μηδὲ
1877 4583 1934 4636 ὃν
1957 4586 2206 4637 VGFS¹B
2223 4586 2306 4637 ¹L:
2335 4584 2490 4655 μηδὲν
2515 4585 2681 4639 Β’8ἐ
2700 4586 2788 4654 Sp.
2921 4587 2988 4641 25
3015 4590 3241 4659 στέρησιν

512 4672 649 4722 κατὰ
688 4670 1011 4740 συμβεβηκὸς
1048 4672 1117 4743 μὴ
1144 4674 1299 4727 FS¹G
1340 4674 1413 4741 (κ.
1439 4689 1483 4725 σ.
1522 4676 1577 4725 in
1616 4672 1741 4741 mg.)
1883 4668 2010 4725 καθ’
2041 4671 2166 4725 αὑτὸ
2204 4673 2382 4725 addidi
2523 4672 2556 4741 ἠ
2590 4680 2712 4725 ante
2749 4674 2842 4743 γὰρ
2879 4675 2998 4727 add.
3027 4676 3242 4731 v²BS²a

512 4758 603 4823 Sp.
735 4756 800 4809 26
829 4758 1099 4827 μετέβαλεν
1124 4779 1155 4813 a
1178 4761 1267 4829 Sp.
1399 4779 1527 4829 αυτη
1552 4760 1623 4810 V¹
1752 4758 1819 4811 27
1847 4758 1960 4811 οὐδὲ
1985 4758 2274 4812 Schwartz:
2301 4759 2418 4813 οὔτε
2442 4760 2564 4813 libri
2695 4759 2765 4813 30
2787 4760 2888 4814 δεῖν
2914 4776 3015 4815 om.
3035 4782 3066 4815 ε
3083 4762 3171 4831 Sp.

517 4844 577 4897 31
626 4842 764 4901 ὄντος
792 4843 847 4897 ὃν
884 4844 1067 4899 mira
1210 4846 1265 4901 ὄν
1301 4866 1413 4905 πως
1448 4846 1564 4900 vS²
1600 4846 1733 4899 Vict.
1774 4844 1886 4913 Sp.:
1927 4845 1986 4895 ἄν
2025 4864 2134 4905 πως
2173 4848 2323 4899 FSL:
2363 4864 2474 4907 πως
2510 4865 2542 4898 a
2683 4846 2780 4917 τῷ]
2819 4848 2876 4901 τὸ
2903 4866 2934 4899 a
