3684 5567
516 248 640 313 122
1005 248 1335 318 [ΑΠΟΡΙΩΝ
1378 246 1503 304 ΚΑΙ
1540 247 1805 304 Armes
1848 245 2130 302 BIBMON
2169 244 2540 302 TETAPTON
2579 246 2742 314 3—4]

622 422 681 484 αἱ
727 420 871 493 ἕξεις
915 422 1113 497 αὗται,
1168 424 1219 487 εἰ
1275 422 1326 487 δ’
1382 422 1553 486 αὗται
1602 426 1864 504 λογικοῦ,
1919 422 2018 484 καὶ
2068 424 2108 504 ἠ
2157 422 2338 505 μέση·
2394 422 2484 483 διὸ
2529 421 2562 482 ό
2607 424 2740 487 παῖς
2795 416 3008 499 ἄλογος
3051 416 3133 478 ὢν
3187 432 3216 473 5

622 520 745 586 οὔτ’
786 524 847 587 ἐν
893 526 1075 609 ἀρετ-ᾖ
1122 526 1275 591 ἐστιν
1322 524 1442 589 οὔτ’
1486 526 1547 588 ἐν
1592 526 1767 608 κακίᾳ
1810 522 1932 587 οὔτ’
1974 524 2036 585 ἐν
2081 528 2170 608 τῷ
2218 522 2430 605 μεταξὺ
2461 521 2702 601 τούτων,
2748 522 2950 603 ὥσπερ
2993 517 3118 581 οὐδ’

621 625 765 690 ἄλλο
809 652 864 691 τι
906 634 1023 691 τῶν
1056 627 1335 711 ἀλόγων),
1382 630 1850 713 μεταβάλλοντας
1894 626 1945 690 δ’
1986 627 2068 694 εἰς
2110 628 2176 688 τὸ
2207 626 2436 707 λογικὸν
2479 624 2657 691 εὐθὺς
2700 621 2846 686 εἶναι
2891 622 3124 696 κακούς,

624 727 743 791 ἀλλ’
784 730 853 793 οὐ
898 732 1179 813 γίνεσθαι,
1226 733 1567 812 ὁμολογοῖεν
1613 730 1735 813 (ἂν)
1780 731 1876 793 διὰ
1921 729 2138 794 τούτων
2185 734 2270 813 τῷ
2315 731 2532 811 λογικῷ
2583 725 2728 788 κατὰ
2771 723 2941 808 φύσιν
2985 724 3130 787 εἶναι
3157 740 3214 781 ιο

550 848 581 898 5
621 831 725 913 τήν
772 854 835 895 τε
880 834 1105 896 ἀδικίαν
1150 835 1247 896 καὶ
1290 834 1395 916 τὴν
1441 833 1668 908 κακίαν,
1712 832 1772 895 εἴ
1809 856 1876 914 γε
1921 832 1982 895 ἐν
2027 836 2104 913 τῇ
2152 832 2236 899 εἰς
2278 831 2345 892 τὸ
2389 829 2618 910 λογικὸν
2663 827 2960 910 μεταβολῇ
3009 827 3132 907 ἅμα

622 935 717 996 καὶ
765 936 849 1003 εἰς
901 940 1082 998 ταῦτα
1132 936 1373 1017 γίνεται,
1426 936 1523 998 καὶ
1578 935 1700 998 ἴσον
1756 934 1880 997 ἐστὶ
1933 935 1999 997 τὸ
2053 934 2138 1001 εἰς
2189 932 2417 1014 λογικὸν
2475 930 2852 1013 μεταβάλλειν
2907 933 2994 1012 τῷ
3051 930 3132 997 εἰς

622 1038 853 1100 κακίαν·
918 1038 1077 1122 παρὰ
1127 1039 1299 1121 φύσιν
1354 1036 1453 1102 οὖν
1505 1044 1591 1123 τῷ
1644 1042 1862 1123 λογικῷ
1916 1038 1956 1119 ἡ
2019 1038 2220 1121 ἀρετή.
2311 1032 2396 1097 ἔτι
2439 1056 2504 1096 τε
2557 1033 2609 1095 εἰ
2655 1030 2809 1099 ὅλως
2859 1030 3013 1093 ἐστὶν
3065 1031 3133 1092 ἐκ

624 1142 827 1209 κακίας
872 1144 955 1210 εἰς
1000 1143 1211 1225 ἀρετὴν
1268 1142 1595 1225 μεταβολή,
1648 1142 1753 1223 τὴν
1798 1139 2002 1203 κακίαν
2060 1138 2192 1222 ἤτοι
2243 1136 2540 1218 εὐκίνητον
2595 1136 2688 1199 καὶ
2733 1132 3131 1217 εὖαπόβλητον
3161 1147 3214 1189 15

620 1242 852 1325 ἐροῦσιν
898 1244 937 1327 ἢ
986 1244 1227 1326 μόνιμον
1272 1246 1370 1307 καὶ
1416 1244 1772 1325 δυσκίνητον.
1865 1240 1982 1304 ἀλλ’
2039 1242 2092 1304 εἰ
2139 1242 2242 1321 μὲν
2287 1240 2605 1321 εὐκίνητον,
2658 1238 2717 1300 τί
2755 1238 2828 1319 δή
2875 1258 3016 1297 ποτε
3061 1234 3128 1298 οὐ

516 1364 579 1412 10
620 1346 788 1431 ῥᾳδία
842 1349 880 1429 ἡ
937 1347 1019 1414 εἰς
1071 1346 1174 1415 τὰς
1226 1348 1437 1431 ἀρετὰς
1490 1346 1557 1409 ἐκ
1612 1351 1718 1428 τῆς
1770 1344 1975 1412 κακίας
2029 1344 2352 1427 μεταβολή;
2417 1344 2470 1405 εἰ
2521 1343 2586 1405 δὲ
2641 1340 2975 1420 δυσκίνητον
3035 1340 3129 1400 καὶ

625 1447 897 1531 μόνιμον,
946 1450 1121 1533 δῆλον
1168 1452 1250 1518 ὡς
1294 1450 1355 1511 ἐν
1402 1453 1476 1531 τῇ
1526 1450 1609 1517 εἰς
1654 1448 1866 1531 ἀρετὴν
1913 1448 2209 1531 μεταβολῇ
2257 1445 2319 1514 ἐξ
2361 1445 2541 1528 αὐτῆς
2587 1447 2680 1507 δεῖ
2717 1446 2947 1527 πρῶτον
2993 1442 3130 1504 ἀπο·
3155 1456 3214 1498 2⁰

627 1552 917 1635 βληθῆναι
960 1556 1067 1631 τῆς
1111 1553 1314 1620 κακίας
1372 1552 1435 1613 τὸ
1483 1552 1816 1631 δυσκίνητον
1863 1551 1960 1612 καὶ
2007 1548 2280 1632 μόνιμον,
2334 1550 2374 1632 ἧ
2419 1570 2485 1630 γε
2529 1546 2624 1609 διὰ
2669 1546 2992 1629 μαθήσεως
3035 1544 3130 1607 καὶ

619 1653 929 1736 ἀσκήσεως
982 1654 1065 1721 εἰς
1117 1641 1222 1735 τὴν
1281 1653 1491 1737 ἀρετὴν
1547 1652 1869 1737 μετέβαλλε
1931 1654 2029 1715 καὶ
2090 1654 2172 1734 μὴ
2230 1651 2517 1735 ἐξαίφνης.
2620 1647 2740 1712 ἀλλ’
2793 1650 2846 1712 εἰ
2898 1650 3128 1730 πρῶτον

618 1754 916 1840 εὐκίνητος
950 1756 1180 1837 γίνεται,
1223 1756 1297 1839 ἧν
1342 1756 1407 1818 δὲ
1451 1755 1516 1818 τὸ
1548 1754 1693 1818 εἶναι
1738 1755 1891 1837 αὐτῇ
1936 1755 2109 1836 κακίᾳ
2153 1754 2215 1815 ἐν
2259 1756 2348 1836 τῷ
2391 1754 2740 1836 δυσκινήτῳ,
2787 1752 2847 1814 ἐν
2893 1746 2944 1835 ᾧ
2976 1752 3128 1815 ἐστιν
3155 1764 3210 1807 25

516 1876 577 1925 15
616 1858 931 1939 εὐκίνητος,
978 1856 1167 1921 οὐκέτ’
1211 1857 1279 1920 ἄν
1327 1858 1387 1919 ἐν
1425 1856 1617 1941 τούτῳ
1666 1860 1748 1927 ὡς
1790 1858 1963 1920 κακία
2007 1856 2122 1940 εἴη.
2189 1856 2340 1919 ἀλλὰ
2386 1856 2500 1938 μὴν
2545 1854 2668 1917 οὐδ’
2713 1855 2912 1937 ἀρετή.
3001 1856 3130 1921 πῶς

616 1958 729 2042 ἄρα
782 1960 788 2043 Ι
838 1958 999 2024 ἔσται
1044 1960 1105 2023 ἐν
1138 1960 1292 2043 μέσῃ
1337 1960 1441 2023 τινὶ
1488 1960 1605 2030 ἔξει
1650 1960 1682 2022 ὁ
1728 1958 1916 2027 οὕτως
1958 1956 2136 2043 ἔχων,
2183 1959 2309 2021 ἐπεὶ
2356 1960 2450 2022 καὶ
2494 1959 2534 2040 ἠ
2576 1958 2868 2041 μεταβολὴ
2915 1958 2954 2039 ἡ
3001 1957 3084 2025 εἰς
3127 1962 3234 2021 234

616 2063 721 2145 τὴν
767 2063 978 2145 ἀρετὴν
1024 2063 1091 2125 ἐκ
1131 2064 1344 2145 ταύτης
1389 2068 1494 2146 τῆς
1524 2060 1850 2131 διαθέσεως
1892 2062 2131 2143 γίνεται;
2177 2060 2258 2124 ἔτι
2305 2060 2356 2125 δ’
2397 2062 2450 2123 εἰ
2495 2062 2590 2123 καὶ
2635 2058 2724 2122 ὅτι
2772 2062 3026 2137 μάλιστα
3066 2060 3122 2121 οἱ

616 2165 817 2234 παῖδες
860 2164 1027 2227 οὔπω
1072 2166 1185 2229 εἰσὶ
1230 2169 1448 2247 λογικοὶ
1492 2166 1588 2228 καὶ
1635 2165 1729 2227 διὰ
1774 2168 1944 2227 τοῦτο
1999 2162 2134 2226 οὔτε
2179 2165 2394 2247 ἀρετὴν
2447 2161 2682 2249 ἔχουσιν
2725 2162 2861 2224 οὔτε
2903 2161 3126 2240 κακίαν,
3177 2178 3207 2220 ὅ

614 2265 767 2329 ἀλλὰ
820 2271 908 2350 τῷ
953 2268 1211 2350 γίνεσθαι
1266 2267 1477 2337 αὐτοὺς
1530 2268 1597 2330 ἐκ
1650 2273 1765 2329 τῶν
1810 2269 1998 2335 οὕτως
2043 2267 2270 2348 ἀλόγων
2315 2268 2579 2349 λογικούς
2632 2290 2694 2329 τε
2751 2266 2848 2329 καὶ
2892 2264 3123 2343 κακούς,

506 2388 575 2434 20
616 2369 730 2432 εἶεν
778 2369 845 2431 ἂν
893 2370 953 2432 ἐν
1002 2368 1159 2453 μέσῃ
1204 2370 1337 2438 ἕξει.
1428 2370 1495 2433 οὐ
1541 2370 1649 2454 γὰρ
1696 2370 1914 2453 ὁμοίως
1959 2367 2117 2432 οὖτοι
2170 2367 2372 2451 ἄλογοι
2415 2374 2534 2437 τοῖς
2577 2368 2792 2445 ἄλλοις,
2839 2368 2976 2431 οὐδὲ
3017 2368 3126 2451 γὰρ

619 2471 686 2535 ἂν
731 2472 869 2535 οὐδὲ
922 2472 1087 2535 αὐτοὶ
1134 2473 1383 2535 ὃεκτικοὶ
1437 2474 1641 2542 κακίας
1687 2472 1836 2556 ἦσαν
1883 2473 1921 2555 ἦ
1979 2472 2208 2555 ἀρετῆς.
2297 2472 2350 2533 εἰ
2403 2472 2468 2533 δὲ
2524 2471 2838 2557 μηδέτερον
2890 2470 3126 2556 ἔχοντες

617 2574 882 2638 δύνανται
928 2574 1201 2658 ἑκάτερον
1248 2574 1441 2638 αὐτῶν
1482 2574 1778 2651 δέξασθαι,
1824 2572 1932 2637 οὔκ
1977 2575 2120 2637 εἰσιν
2165 2574 2350 2642 οὕτως
2395 2573 2610 2656 ἄλογοι.
2685 2576 2751 2637 τὸ
2797 2574 2872 2657 δὴ
2917 2573 3125 2656 ἄλογον
3154 2590 3208 2633 ιο

616 2678 681 2739 τὸ
727 2676 1082 2741 ἐπιδεκτικὸν
1123 2675 1321 2759 λόγου,
1368 2676 1511 2740 ἄλλο
1559 2678 1621 2742 ὃν
1666 2681 1769 2740 τοῦ
1804 2678 2092 2741 ἀδυνάτου
2138 2675 2534 2751 ἐπιδέξασθαι,
2579 2674 2774 2745 ἄλλως
2817 2674 2885 2739 ἂν
2917 2674 3124 2758 ἄλογον

610 2776 726 2860 εἴη,
781 2780 877 2842 καὶ
924 2777 1040 2864 οὐχ
1082 2780 1269 2847 οὕτως
1321 2780 1387 2843 τὸ
1438 2782 1653 2864 κυρίως
1697 2779 1926 2861 ἄλογον.
2017 2779 2134 2863 ἥδη
2180 2780 2276 2843 καὶ
2321 2780 2666 2847 κατάστασις
2711 2780 2750 2861 ἡ
2794 2783 2895 2842 τοῦ
2941 2779 3126 2847 οὕτως

502 2898 565 2947 25
611 2882 825 2964 ἀλόγου
872 2881 968 2966 εἴη
1014 2881 1082 2945 ἂν
1130 2882 1281 2964 μέση
1328 2881 1460 2956 ἕξις,
1506 2881 1633 2944 ἐπεὶ
1680 2882 1908 2945 ἅπαντα
1953 2882 2034 2951 εἰς
2079 2882 2350 2966 ἑκάτερον
2395 2887 2512 2944 τῶν
2551 2882 2823 2944 ἐναντίων
2869 2883 2907 2965 ἡ
2955 2904 3122 2963 μετα·
3149 2896 3202 2939 15

612 2983 781 3069 βολή,
834 2986 929 3047 καὶ
976 2985 1162 3053 οὕτως
1204 2984 1331 3048 ἐστὶ
1374 2986 1613 3068 δυνάμει
1657 2984 1930 3068 ἑκάτερον
1975 2987 2091 3045 τῶν
2137 2983 2333 3068 ἄκρων
2379 2986 2464 3053 ὡς
2507 2984 2690 3067 μηδὲν
2735 2982 2799 3047 ὃν
2843 2984 3119 3068 ἐνεργείᾳ.

610 3084 733 3149 ἔστι
776 3088 886 3171 γάρ
930 3110 1015 3154 τις
1058 3087 1156 3149 καὶ
1200 3088 1332 3171 περὶ
1387 3088 1483 3148 τὸν
1529 3088 1706 3149 παῖδα
1760 3085 1872 3154 ἕξις
1930 3108 1992 3148 τε
2037 3088 2134 3149 καὶ
2180 3087 2558 3159 κατάστασις,
2613 3084 2715 3170 ἀφ’
2772 3087 2844 3170 ἧς
2887 3086 2971 3155 εἰς
3013 3088 3117 3169 τὴν

612 3187 814 3252 κακίαν
862 3189 956 3251 καὶ
1001 3190 1105 3272 τὴν
1162 3190 1371 3272 ἀρετὴν
1430 3187 1754 3272 μεταβολή,
1811 3190 1938 3272 ἥτις
1990 3188 2050 3251 ἐν
2104 3188 2292 3251 οὐδενὶ
2347 3193 2462 3250 τῶν
2507 3190 2722 3273 κυρίως
2774 3189 2872 3251 καὶ
2917 3189 3121 3258 ἁπλῶς
3146 3204 3203 3246 2⁰

614 3289 842 3374 ἀλόγων
887 3292 1215 3374 λεγομένων
1260 3290 1431 3354 ἐστίν.

499 3569 567 3617 3ο
610 3550 717 3615 IV.
804 3547 1132 3633 Ἀπορίας
1175 3548 1371 3617 λύσις
1415 3554 1535 3633 τῆς
1567 3548 1907 3632 λεγούσης
1953 3550 2224 3634 ὀργάνῳ
2274 3549 2396 3632 μὲν
2444 3551 2660 3634 μηδὲν
2705 3550 2884 3614 εἶναι
2929 3550 3120 3614 ἐναν-

607 3652 782 3729 τίον,
836 3653 1115 3736 πλούτῳ
1168 3651 1243 3715 δὲ
1287 3651 1530 3713 πενίαν
1586 3652 1923 3727 ἐναντίον,
1978 3653 2087 3714 διὸ
2135 3652 2226 3735 μὴ
2271 3652 2452 3715 εἶναι
2502 3654 2615 3715 τὸν
2669 3657 2964 3717 πλοῦτον
3011 3652 3201 3737 39-ae

1748 3778 1976 3838 γανοω

778 3924 882 4011 Τῷ
918 3926 1147 4011 ὀργάνῳ
1192 3925 1359 3989 οὐδέν
1406 3928 1557 3989 ἐστιν
1602 3924 1875 4001 ἐναντίον,
1921 3925 2158 4010 πλούτῳ
2203 3930 2269 3991 δὲ
2303 3927 2310 4010 1
2346 3926 2498 3991 ἔστιν
2543 3949 2598 3988 τι
2639 3926 2914 4004 ἐναντίον,
2959 3926 3074 4013 οὐχ
3119 3935 3224 3993 235

606 4031 637 4093 ὁ
692 4032 942 4098 πλοῦτος
1006 4028 1265 4114 ὄργανον.
1364 4030 1416 4091 εἰ
1478 4030 1581 4111 μὲν
1646 4028 1907 4091 καθόλου
1963 4030 2249 4114 λαμβάνοι
2308 4029 2511 4113 μηδενὶ
2574 4029 2805 4113 ὀργάνῳ
2864 4028 3012 4093 εἶναί
3063 4054 3117 4093 τι

496 4320 529 4373 3
568 4320 761 4377 κακοὺς
796 4318 827 4390 ἢ
868 4320 1165 4377 σπουδαίους
1188 4316 1292 4373 ἀλλ’
1315 4322 1383 4373 Βι
1564 4322 1596 4371 4
1635 4318 1929 4390 ὁμολογοῖεν
1967 4320 2070 4384 (ἂν)
2095 4322 2212 4388 Sp.:
2251 4319 2542 4390 ὁμολογοῖεν
2564 4324 2720 4374 VFS=
2759 4321 3048 4390 ὁμολογεῖεν
3075 4324 3153 4375 Ba

498 4408 561 4460 12
600 4408 858 4477 μόΙνΝμον
900 4412 945 4459 V
1158 4408 1189 4478 ἤ
1229 4406 1307 4477 γε]
1346 4407 1477 4476 εἴγε
1516 4408 1665 4461 LS²F
1708 4410 1842 4461 vict.
1883 4410 1998 4475 Sp.:
2049 4408 2081 4477 ἦ
2121 4426 2174 4477 γε
2212 4426 2244 4460 a
2462 4408 2522 4459 13
2560 4408 2806 4477 μετέβαλε
2841 4427 2874 4461 a.
2909 4412 2998 4477 Sp.

500 4498 565 4548 14
602 4492 730 4565 αὕτη
769 4513 801 4547 a
980 4494 1135 4565 κακίᾳ
1173 4498 1289 4563 Sp.:
1329 4495 1483 4547 κακία
1520 4494 1639 4547 libri
1821 4496 1885 4547 16
1925 4491 2000 4563 ἄρ’
2040 4495 2134 4547 οὐκ
2173 4497 2310 4547 coni.
2337 4497 2426 4562 Sp.
2603 4495 2764 4561 ἔσται]
2803 4496 2934 4547 ἐστὶν
2971 4514 3003 4548 a
3027 4500 3116 4565 Sp.

502 4584 563 4635 19
615 4582 784 4635 οὕτωσ
817 4588 866 4635 V
1070 4582 1137 4635 24
1174 4581 1271 4652 ἤδη
1312 4581 1420 4650 καὶ]
1461 4580 1559 4652 ἤδη
1596 4582 1649 4633 δὲ
1686 4584 1773 4635 καὶ
1810 4584 1942 4634 vict.
1983 4584 2098 4649 Spa
2148 4582 2366 4635 fortasse
2401 4581 2434 4651 ἢ
2473 4580 2534 4651 δὴ
2575 4581 2708 4651 [καὶ]
2887 4583 2955 4637 25
2992 4583 3218 4649 ἅπαντα]

496 4670 689 4741 ἀπαντᾷ
727 4672 841 4738 Sp.:
890 4672 1109 4723 fortasse
1144 4666 1247 4723 ἀπ’
1288 4670 1476 4723 αὐτοῦ
1514 4670 1745 4740 (αὒτῆςΡ)
1949 4670 2016 4721 28
2065 4668 2347 4739 μεταβολή]
2398 4668 2700 4739 μεταβάλλει
2747 4672 2884 4723 coni.
2923 4674 3010 4738 Sp.

496 4758 528 4826 ἡ
556 4774 634 4809 τισ
654 4762 702 4809 V
880 4758 946 4810 ‘29
984 4757 1270 4827 λεγομένων
1298 4756 1435 4826 (λεγο
1462 4758 1519 4809 in
1544 4758 1622 4809 lit.
1647 4758 1739 4824 V)]
1776 4756 2020 4826 λεγομένη
2049 4756 2193 4808 S⁴²Ba
2217 4759 2305 4823 Sp.
2485 4756 2553 4809 33
2591 4757 2687 4809 οὐκ
2713 4757 2810 4829 ἄρα
2835 4756 3002 4811 S²B²a
3025 4760 3112 4826 Sp.

496 4842 563 4894 34
601 4841 870 4914 λαμβάνοι]
914 4846 1287 4909 „adversariu8,
1328 4844 1419 4897 sed
1456 4844 1674 4897 fortasse
1708 4844 1793 4897 hic
1836 4850 1888 4896 et
1927 4848 2107 4913 postea
2143 4842 2480 4914 λαμβάνοι-ω’·
2523 4846 2612 4911 Sp.
