3684 5567
1369 285 1532 344 ΠΕΡΙ
1571 284 2044 344 ΕΙΜΑΡΜΕΝΗΣ
2083 287 2290 340 34-36
2694 293 2703 302 ’
3066 291 3187 354 207

567 464 773 538 ποιεῖν,
822 459 972 542 εἴγε
1017 460 1078 522 ἐν
1124 460 1210 529 οἷς
1256 461 1361 542 μὲν
1407 461 1473 521 τὸ
1518 460 1864 542 κατορθοῦν,
1918 461 1979 522 ἐν
2024 459 2248 526 τούτοις
2292 461 2387 522 καὶ
2432 461 2499 522 τὸ
2554 461 2927 544 ἁμαρτάνειν,
2996 460 3081 542 [ἐν
3110 476 3166 518 ω

567 561 818 644 τούτοις]
865 563 1232 626 ἀνεπίδεκτον
1264 563 1330 624 δὲ
1360 563 1797 645 ἁμαρτημάτων
1828 561 1895 623 τὸ
1932 561 2111 624 θεῖον.
2188 561 2281 623 διὰ
2314 565 2481 625 τοῦτο
2512 563 2620 646 γὰρ
2652 562 2789 625 οὐδὲ
2819 563 3085 626 ἐπαινοῦ-

571 686 675 744 μεν
743 665 874 733 τοὺς
919 663 1111 734 θεούς,
1180 662 1267 725 ὅτι
1333 663 1630 746 κρείττους
1673 663 1815 726 εἰσὶν
1884 663 1923 745 ἢ
1970 660 2094 726 κατ’
2151 664 2423 731 ἐπαίνους
2468 665 2563 727 καὶ
2628 664 2701 727 τὰ
2744 663 2840 748 ἐφ’
2896 665 2983 732 οἷς
3026 665 3081 725 οἱ

569 763 792 830 ἔπαινοι
837 767 1284 851 κατορθώματα.
1336 765 1342 848 Ι
1394 766 1545 849 μηδὲ
1590 765 1808 827 ἐκεῖνον
1854 766 1921 827 δὲ
1964 767 2413 849 παραλείπωμεν
2458 767 2556 828 τὸν
2601 766 2789 849 λόγον,
2836 764 2886 851 ᾧ
2922 767 3061 850 θαρ-
3102 773 3188 828 110
3238 773 3447 826 XXXV

497 889 526 936 5
568 873 761 952 ροόσιν
809 873 890 939 ὡς
935 870 1220 932 δεικνύναι
1263 869 1582 950 δυναμένου
1628 873 1744 930 τῶν
1789 867 2184 951 προκειμένων
2229 893 2301 931 τι.
2378 869 2640 950 λέγουσιν
2686 869 2796 954 γὰρ
2831 869 2931 932 ‘ob
2972 870 3081 952 γὰρ

571 969 692 1035 ἔστι
740 973 843 1054 μὲν
891 973 1128 1054 τοιαύτη
1194 973 1232 1054 ἡ
1281 971 1625 1054 εἱμαρμένη,
1691 971 1799 1034 οὐκ
1856 968 1975 1032 ἔστι
2022 971 2085 1033 δὲ
2130 971 2508 1055 πεπρωμένη,
2557 992 2598 1032 ὴ·-
2643 993 2685 1032 x-
2729 993 2771 1032 x-
2814 971 2921 1034 οὐκ
2967 969 3089 1034 ἔστι
3142 989 3169 1030 5

573 1075 638 1136 δὲ
669 1073 826 1146 αἶσα,
872 1073 1008 1137 οὐδὲ
1053 1072 1176 1136 ἔστι
1222 1075 1326 1155 μὲν
1371 1071 1530 1147 αἶσα,
1575 1072 1683 1135 οὐκ
1728 1071 1855 1134 ἔστι
1901 1073 1966 1134 δὲ
2011 1072 2259 1152 νέμεσις,
2334 1073 2471 1134 οὐδὲ
2518 1070 2641 1134 ἔστι
2692 1073 2795 1153 μὲν
2840 1075 3091 1156 νέμεσις,

573 1176 680 1240 οὐκ
745 1175 868 1240 ἔστι
935 1177 1000 1239 δὲ
1070 1176 1265 1259 νόμος,
1335 1174 1460 1238 οὐδ’
1540 1173 1661 1238 ἔστι
1730 1177 1833 1256 μὲν
1902 1173 2097 1258 νόμος,
2158 1172 2280 1237 οὐδ’
2357 1173 2507 1237 ἔστιν
2566 1174 2629 1236 δὲ
2685 1172 2854 1256 λόγος
2910 1177 3089 1260 ὀρθὸς

575 1281 992 1362 προστακτικὸς
1037 1281 1140 1362 μὲν
1187 1281 1269 1342 ὧν
1316 1277 1606 1361 ποιητέον,
1674 1277 2129 1360 ἀπαγορευτικὸς
2175 1277 2240 1338 δὲ
2305 1277 2387 1338 ὧν
2444 1275 2511 1338 οὐ
2559 1275 2845 1358 ποιητέον.
2938 1279 3090 1341 ἀλλὰ

476 1402 537 1448 10
575 1381 992 1466 ἀπαγορεύεται
1077 1383 1180 1462 μὲν
1264 1381 1335 1444 τὰ
1417 1378 1894 1463 ἁμαρτανόμενα,
1984 1381 2397 1462 προστάττεται
2476 1381 2541 1440 δὲ
2625 1377 2697 1440 τὰ
2794 1380 3088 1463 κατορθώ-
3118 1398 3171 1440 ιο

576 1506 746 1565 ματα.
837 1484 944 1546 οὐκ
989 1483 1102 1565 ἄρα
1149 1482 1272 1545 ἔστι
1319 1483 1423 1565 μὲν
1468 1481 1704 1563 τοιαύτη
1752 1483 1790 1564 ἡ
1836 1481 2183 1564 εἱμαρμένη,
2252 1480 2359 1544 οὐκ
2414 1479 2534 1543 ἔστι
2588 1482 2653 1544 δὲ
2699 1483 3089 1566 ἁμαρτήματα

571 1587 666 1650 καὶ
712 1588 1162 1670 κατορθώματα.
1252 1583 1373 1648 ἀλλ’
1455 1585 1507 1646 εἰ
1573 1582 1726 1646 ἔστιν
1787 1585 2178 1666 ἁμαρτήματα
2246 1585 2342 1646 καὶ
2410 1585 2865 1668 κατορθώματα,
2932 1583 3087 1648 ἔστιν

577 1689 760 1772 ἀρετὴ
805 1689 900 1751 καὶ
947 1689 1138 1759 κακία,
1185 1689 1236 1750 εἰ
1281 1689 1346 1750 δὲ
1389 1691 1592 1756 ταῦτα,
1637 1685 1759 1749 ἔστι
1807 1685 1984 1748 καλὸν
2034 1687 2128 1748 καὶ
2173 1687 2437 1771 αἰσχρόν.
2530 1689 2681 1751 ἀλλὰ
2723 1690 2790 1750 τὸ
2838 1689 2941 1770 μὲν
2988 1712 3083 1750 κα-

575 1793 676 1853 λὸν
722 1790 1039 1869 ἐπαινετόν,
1085 1792 1152 1852 τὸ
1198 1791 1262 1852 δὲ
1307 1790 1551 1873 αἰσχρὸν
1597 1787 1822 1873 ψεκτόν.
1902 1789 2007 1851 οὐκ
2038 1788 2151 1872 ἄρα
2196 1789 2317 1852 ἐστὶ
2364 1790 2468 1868 μὲν
2512 1789 2753 1870 τοιαύτη
2800 1793 2838 1872 ἡ
2887 1793 3081 1874 εἱμαρ-
3114 1809 3167 1849 15

473 1915 534 1962 15
575 1894 742 1977 μένη,
811 1893 918 1956 οὐκ
987 1891 1112 1956 ἔστι
1179 1893 1244 1955 δὲ
1290 1892 1588 1954 ἐπαινετὸν
1631 1893 1726 1954 καὶ
1773 1891 2003 1974 ψεκτόν.
2095 1892 2245 1954 ἀλλὰ
2310 1891 2382 1953 τὰ
2450 1894 2554 1974 μὲν
2600 1892 2871 1955 ἐπαινετὰ
2918 1899 3086 1976 τιμῆς

573 1995 725 2068 ἄξια,
770 1995 844 2057 τὰ
889 1995 953 2057 δὲ
997 1994 1183 2076 ψεκτὰ
1229 1995 1546 2061 κολάσεως.
1624 1993 1730 2055 οὐκ
1775 1992 1889 2074 ἄρα
1920 1991 2041 2056 ἔστι
2088 1993 2193 2075 μὲν
2223 1993 2458 2074 τοιαύτη
2506 1997 2543 2076 ἡ
2591 1995 2932 2078 εἱμαρμένη,
2980 1995 3085 2057 οὐκ

579 2096 702 2161 ἔστι
749 2100 813 2160 δὲ
859 2098 997 2179 τιμὴ
1045 2097 1140 2159 καὶ
1185 2094 1440 2175 κόλασις,
1488 2094 1606 2158 ἀλλ’
1664 2093 1816 2156 ἔστιν
1860 2096 1964 2176 μὲν
1996 2097 2134 2178 τιμὴ
2166 2095 2350 2178 γέρως
2382 2095 2631 2170 ἀξίωσις,
2678 2098 2716 2178 ἡ
2750 2097 2814 2158 δὲ
2846 2097 3083 2164 κόλασις
3110 2113 3167 2154 2⁰

576 2198 995 2283 ἐπανόρθωσις.
1071 2197 1178 2260 οὐκ
1223 2196 1336 2281 ἄρα
1379 2195 1501 2260 ἔστι
1549 2198 1653 2279 μὲν
1700 2197 1936 2280 τοιαύτη
1981 2199 2019 2280 ἡ
2067 2197 2410 2281 εἱμαρμένη,
2458 2198 2565 2260 οὐκ
2608 2196 2728 2261 ἔστι
2759 2197 2875 2283 <δὲ>
2904 2199 3086 2282 γέρως

574 2303 808 2370 ἀξίωσις
840 2303 937 2364 καὶ
968 2300 1387 2384 ἐπανόρθωσις.
1446 2303 1498 2362 εἰ
1521 2301 1586 2362 δὲ
1609 2304 1808 2372 ταῦτα,
1840 2300 1999 2384 <οὐκ>
2030 2300 2337 2384 ἀπείρηται
2370 2301 2473 2384 μὲν
2504 2300 2649 2363 εἶναι
2680 2303 2911 2364 πάντων
2936 2325 3083 2383 γινο-

467 2426 538 2473 20
576 2406 764 2488 μένων
795 2403 932 2468 καθ’
973 2403 1328 2487 εἱμαρμένην
1363 2403 1796 2486 κατορθώματα
1831 2426 1893 2464 τε
1929 2404 2022 2466 καὶ
2052 2403 2441 2485 ἁμαρτήματα
2474 2405 2571 2466 καὶ
2593 2405 2751 2485 τιμαὶ
2786 2404 2880 2466 καὶ
2914 2406 3085 2466 κολά-

573 2529 692 2577 σεις
730 2509 826 2571 καὶ
855 2507 1042 2589 γέρως
1069 2506 1336 2575 ἀξιώσεις
1367 2507 1464 2568 καὶ
1495 2502 1717 2568 ἔπαινοι
1747 2507 1844 2568 καὶ
1876 2505 2063 2589 ψόγοι’
2084 2555 2096 2568 .
2146 2505 2295 2568 ἀλλὰ
2326 2508 2509 2568 ταῦτα’
2536 2528 2603 2587 γε
2636 2506 2688 2567 εί
2719 2506 2822 2587 μὲν
2855 2505 2965 2568 ὑπό
2998 2531 3079 2569 τι·-
3108 2525 3163 2566 25
3218 2517 3457 2570 XXXVI

581 2634 694 2673 νων
733 2611 932 2672 αἰτίων
963 2611 1371 2692 περιεστώτων
1403 2607 1598 2674 αὐτοῖς
1627 2608 1811 2676 οὕτως
1846 2609 2259 2689 ἀναγκάζονται
2302 2607 2506 2689 λέγειν,
2548 2611 2952 2689 συγγινώσκειν
2986 2609 3089 2671 αὐ-

578 2718 697 2781 τοῖς
726 2712 904 2788 ἄξιον,
950 2713 1043 2774 καὶ
1077 2711 1245 2774 οὐδὲν
1276 2712 1366 2772 δεῖ
1393 2708 1525 2772 οὔθ’
1567 2713 1724 2792 ἡμᾶς
1756 2711 1885 2794 περὶ
1916 2715 2031 2772 τῶν
2065 2709 2160 2772 ὑπ’
2203 2710 2437 2772 ἐκείνων
2470 2707 2593 2773 κατ’
2638 2712 2891 2794 ἀνάγκην
2926 2715 3086 2792 λεγο-

580 2815 766 2897 μένων
799 2819 1316 2898 πολυπραγμονεῖν,
1364 2813 1496 2876 οὔτε
1545 2814 1798 2880 ἐκείνους
1844 2815 1971 2896 περὶ
2016 2817 2133 2876 τῶν
2179 2814 2293 2896 οὔχ
2326 2814 2541 2894 ὁμοίως
2572 2814 2767 2882 αὐτοῖς
2799 2813 3083 2894 λεγόντων
3112 2833 3168 2874 ω

473 2939 539 2986 25
579 2919 876 3000 (ἑκάστοις
917 2917 1026 3001 γὰρ
1057 2921 1174 2979 τῶν
1219 2916 1547 2999 λεγομένων
1578 2939 1642 2978 τε
1683 2917 1778 2977 καὶ
1824 2915 2224 2997 δοξαζομένων
2255 2915 2408 2976 αἰτία
2455 2917 2493 2998 ἠ
2525 2921 2641 2978 τῶν
2686 2919 3089 3000 περιεστώτων

579 3011 868 3102 δύναμις),
919 3019 1018 3081 καὶ
1050 3019 1217 3080 οὐδὲν
1253 3021 1346 3080 δεῖ
1380 3019 1511 3087 τοὺς
1553 3019 1824 3100 λέγοντας
1860 3017 1867 3101 1
1904 3019 2203 3081 αἰτιᾶσθαι
2235 3017 2401 3080 οὐδὲν
2432 3019 2513 3086 εἰς
2558 3020 2623 3080 τὸ
2666 3019 2851 3086 οὕτως
2888 3019 3073 3100 λέγειν
3113 3028 3197 3082 112

584 3125 1012 3191 συντελοῦντας,
1059 3121 1220 3204 εἴγε
1266 3123 1416 3204 μήτε
1460 3127 1576 3182 τῶν
1623 3125 2029 3204 περιεστώτων
2076 3122 2225 3204 μήτε
2268 3125 2373 3204 τῆς
2418 3119 2611 3198 ἕξεως,
2667 3121 2802 3184 καθ’
2860 3122 2930 3204 ἢν
2977 3123 3090 3184 ὑπὸ

579 3232 695 3289 τῶν
742 3228 1146 3309 περιεστώτων
1193 3225 1378 3292 οὕτως
1422 3223 1618 3292 αὐτοῖς
1650 3225 1934 3286 κινεῖσθαι
1967 3222 2351 3307 συμβέβηκεν,
2399 3223 2502 3304 τὴν
2538 3224 2720 3285 αἰτίαν
2763 3222 2998 3307 ἔχουσιν
3031 3226 3090 3286 ἐν

576 3329 789 3396 αὐτοῖς.
881 3328 935 3390 εί
978 3329 1044 3390 δὲ
1088 3327 1350 3396 ἐξουσίαν
1397 3324 1614 3411 ἔχομεν
1683 3329 1775 3389 καὶ
1823 3326 2024 3412 χεῖρόν
2069 3349 2121 3388 τι
2165 3327 2262 3387 καὶ
2308 3324 2531 3409 βέλτιον
2580 3327 2779 3398 εἰπεῖν,
2854 3328 2936 3394 τίς
2981 3327 3087 3389 οὐκ
3143 3345 3171 3387 5

473 3649 520 3699 l.
549 3645 582 3698 2
619 3646 672 3698 έν
707 3645 906 3702 τούτοις
942 3643 1042 3696 del.
1083 3642 1182 3694 V¹:
1229 3656 1329 3694 om.
1369 3639 1446 3690 ⁸¹²
1685 3639 1716 3690 2
1754 3638 1806 3690 δὲ
1844 3643 1950 3691 τῶν
1989 3639 2153 3691 Lond.
2194 3643 2241 3692 Ο
2466 3641 2560 3713 γὰρ
2596 3656 2697 3692 om.
2735 3641 2901 3692 Lond.
2941 3645 2986 3694 Ο

470 3735 504 3788 3
540 3737 632 3786 τοῦ
669 3731 746 3785 ὅτι
783 3735 829 3786 Ο
1043 3729 1075 3798 ἢ
1115 3727 1350 3780 B²HES:
1393 3726 1452 3778 οὒ
1489 3730 1541 3796 (η
1580 3741 1836 3794 superscr.
1879 3743 1925 3776 v.
1966 3729 2033 3789 e.)
2074 3729 2136 3777 V:
2175 3725 2234 3777 οὗ
2271 3725 2374 3778 21¹²:
2412 3725 2472 3777 οὺ
2508 3729 2575 3778 Β1
2616 3727 2732 3780 Cae.
2963 3731 2995 3779 4
3046 3728 3199 3798 μηδὲ]

471 3843 508 3891 μ
544 3821 661 3874 add.
701 3837 750 3872 ν.
787 3837 830 3872 c..
861 3824 906 3870 V
1121 3815 1504 3887 παραλείπωμεν
1543 3817 1639 3866 ΚΕ
1680 3813 1794 3866 Cas.
1835 3817 1904 3866 O:
1963 3813 2325 3883 παραλίπωμεν
2366 3818 2428 3865 V:
2484 3813 2855 3885 παραλείπομεν
2892 3814 2972 3867 ει12

469 3909 502 3962 5
540 3907 818 3976 δυναμένου
860 3905 1010 3959 Va¹²:
1051 3904 1325 3972 δυνάμενον
1363 3905 1474 3954 ES:
1512 3901 1773 3970 δυναμένῳ
1812 3901 1979 3952 Lond.
2020 3903 2095 3953 O:
2145 3917 2244 3952 om.
2286 3905 2333 3952 K
2548 3901 2599 3954 5.
2638 3900 2669 3952 6
2714 3899 2773 3952 οὐ
2810 3903 2903 3970 γάρ
2941 3901 3066 3971 ἐστι]
3106 3903 3199 3956 οὐκ

465 3996 572 4049 ἔστι
608 3995 772 4048 Lond.
814 3998 859 4048 Ο
899 3994 964 4046 cf.
1005 3992 1204 4058 ⁸208,oe
1420 3991 1450 4042 6
1490 3989 1588 4042 οὐκ
1626 3989 1729 4040 ἔστι
1769 3988 1822 4040 δὲ
1861 3987 2088 4040 V¹a¹²O:
2128 3987 2241 4040 οὐδέ
2279 3988 2380 4040 ἐστι
2409 4005 2455 4039 v,
2481 4005 2524 4039 e.
2550 3992 2613 4038 V:
2653 3987 2749 4039 οὒκ
2792 3988 2894 4040 ἔστι
2920 3991 3004 4041 ES

469 4084 518 4136 6.
547 4083 577 4135 7
615 4083 710 4135 οὐκ
748 4083 850 4135 ἔστι
885 4081 938 4134 δὲ
976 4081 1091 4133 αἶσα
1114 4079 1265 4132 Van:
1304 4078 1439 4143 (οὐδὲ
1479 4077 1582 4130 ἔστι
1618 4077 1710 4145 μὲν
1746 4079 1861 4144 (μὲν
1900 4091 1999 4128 om.
2028 4075 2194 4126 Lond.
2232 4077 2368 4128 coni.
2397 4078 2464 4138 Ο)
2489 4077 2835 4145 πεπρωμένη),
2874 4075 2970 4128 οὐκ
3010 4076 3112 4129 ἔστι
3149 4076 3200 4129 δὲ

468 4173 584 4224 αἶσα
609 4171 682 4223 13²
704 4171 869 4223 Lond.
891 4173 935 4222 Ο
965 4174 1102 4220 recte
1277 4167 1307 4218 7
1350 4165 1464 4218 οὐδέ
1501 4166 1602 4216 ἐστι
1640 4169 1731 4232 μὲν
1766 4164 1958 4231 νέμεσις
1996 4179 2042 4214 v.
2072 4179 2114 4214 c.
2143 4166 2208 4213 V:
2246 4162 2360 4216 οὐδέ
2396 4163 2498 4214 ἐστι
2536 4165 2726 4230 νέμεσις
2751 4162 2927 4214 V¹a¹²:
2964 4163 3061 4216 οὐκ
3098 4163 3202 4216 ἔστι

469 4261 560 4327 μὲν
597 4260 791 4326 νέμεσις
815 4261 887 4310 O:
927 4255 1040 4308 οὐδὲ
1079 4257 1271 4322 νέμεσις
1296 4254 1460 4306 Lond.
1641 4253 1673 4304 8
1711 4251 1764 4303 δὲ
1799 4251 1953 4317 νόμος
1990 4267 2035 4300 v.
2063 4265 2104 4301 c.
2131 4250 2333 4303 Va¹202
2372 4257 2463 4318 μὲν
2501 4251 2655 4319 νόμος
2675 4251 2772 4302 V¹=.
2811 4251 2965 4318 νόμος
2990 4254 3129 4304 HES

471 4351 563 4414 μὲν
599 4346 754 4412 νόμος
789 4360 836 4396 v.
864 4359 907 4394 c.
935 4343 1140 4395 Va¹²Oz
1180 4341 1232 4394 δὲ
1268 4340 1421 4408 νόμος
1457 4341 1556 4391 V¹=
1594 4339 1745 4406 νόμος
1782 4341 1871 4390 ES
2085 4337 2171 4389 οὐδ
2212 4341 2274 4390 V:
2314 4338 2410 4390 οὐκ
2448 4338 2574 4390 a¹2O
2790 4337 2841 4389 δὲ
2878 4338 3024 4409 λόγος
3047 4338 3198 4392 2¹²0:

471 4437 562 4501 μὲν
599 4433 743 4500 λόγος
781 4433 926 4483 HB¹:
966 4430 1036 4496 sss
1061 4431 1152 4499 μὲν
1189 4428 1337 4497 λόγος
1362 4433 1426 4478 V:
1465 4425 1611 4495 λόγος
1633 4428 1720 4479 ES
1900 4425 1931 4492 9
1968 4425 2301 4496 προστατικός
2326 4425 2404 4478 a¹²
2584 4425 2648 4477 13
2692 4425 2893 4497 αισχρόν
2936 4430 2980 4477 V

475 4520 537 4573 17
577 4521 667 4572 alt.
707 4519 825 4572 &zv
1011 4519 1074 4570 18
1111 4517 1215 4570 ἔστι
1250 4515 1352 4580 (δὲ)
1376 4513 1483 4568 13²8
1668 4513 1730 4565 19
1775 4513 1820 4566 εἰ
1848 4513 2022 4565 V¹a⁸²z
2062 4512 2121 4564 οὺ
2156 4529 2204 4564 v.
2232 4529 2275 4564 c.
2304 4517 2353 4564 V
2530 4517 2690 4564 ταῦτα
2726 4511 2866 4576 (obn)
2904 4511 2972 4564 B²

474 4608 738 4678 ἀπείρηται
778 4610 840 4657 V:
897 4604 1150 4674 ἀπήρηται
1197 4602 1298 4656 21¹²:
1357 4599 1611 4672 ἀφῄρηται
1654 4601 1822 4653 Lond.
1864 4604 1935 4654 O:
1992 4600 2117 4671 ἅπερ
2148 4601 2356 4670 ,εἴρηται
2402 4601 2489 4653 ES
2702 4599 2818 4666 μὲν]
2858 4599 2928 4668 μὴ
2966 4600 3038 4651 13²

469 4694 532 4746 21
582 4693 783 4754 ἀξίωσις
821 4696 865 4745 O
1080 4690 1147 4742 25
1194 4689 1544 4759 δοξαζομένων
1583 4689 1717 4742 αἰτία
1753 4689 2036 4741 Schwartz:
2078 4687 2332 4747 δοξάντων
2379 4687 2513 4739 αἰτία
2560 4687 2725 4740 Lond.
2766 4690 2835 4740 O:
2886 4685 3201 4747 δοξαζόντων

467 4781 606 4835 αἰτία
641 4783 728 4834 καὶ
761 4779 861 4832 13²:
917 4778 1229 4839 δοξαζόντων
1265 4779 1375 4831 τινὰ
1413 4777 1532 4830 libri
1757 4775 1825 4828 28
1882 4775 2075 4844 αὐτοῖς]
2137 4774 2295 4845 αὐτὴν
2332 4773 2433 4828 ³¹²:
2490 4773 2673 4832 αὐτοὺς
2709 4777 2755 4828 Ο
2987 4775 3041 4826 ἐν
3078 4776 3195 4830 add.

469 4886 522 4923 v.
561 4885 604 4923 c.
647 4873 710 4922 V:
768 4869 886 4920 exh.
933 4865 1034 4918 ⁸¹²:
1083 4881 1181 4918 om.
1225 4869 1414 4919 HKES
