3684 5567
1436 264 1719 323 BIBAION
1760 264 2020 323 ἸῬΙΤΟΝ
2069 270 2134 320 14
3023 270 3144 335 113

530 447 631 505 τοῦ
676 441 1074 526 περικειμένου
1118 440 1442 525 ξηραίνεται
1488 444 1741 524 θερμοῦ,
1786 445 1874 525 τῷ
1920 440 1971 504 δ’
2028 442 2216 517 ἐντός,
2270 441 2380 505 ὅσα
2425 443 2536 506 ὑπὸ
2583 447 2832 528 ψυχροῦ.
2925 442 3038 503 ὑπὸ

527 545 635 629 γὰρ
682 549 783 607 τοῦ
829 547 1057 629 ψυχροῦ
1104 542 1553 626 ἀναλισκόμενον
1599 545 1665 607 τὸ
1710 544 2040 628 ἐνυπάρχον
2086 544 2147 607 ἐν
2191 547 2311 613 τοῖς
2342 543 2769 629 Εηραινομένοις
2811 544 3030 628 θερμὸν
3059 558 3116 601 2⁰

532 648 629 709 καὶ
675 646 1130 732 διαφορούμενον
1185 645 1579 728 συνεξατμίζει
1632 646 1729 710 καὶ
1782 648 1849 709 τὸ
1895 647 2066 730 ὑγρὸν
2119 647 2185 709 τὸ
2239 647 2298 710 ἐν
2345 646 2569 723 αὐτοῖς,
2627 647 2694 711 οὑ
2739 646 3040 729 γινομένου

533 748 873 833 ξηραίνεται.

460 871 490 918 5
702 850 903 917 Εἰπὼν
951 854 1015 917 δὲ
1058 852 1182 915 τίνα
1236 850 1286 915 τ’
1341 851 1463 914 ἐστὶ
1509 850 1581 914 τὰ
1628 850 2006 935 ξηραινόμενα
2061 853 2158 915 καὶ
2213 852 2326 914 ὑπὸ
2379 852 2546 915 τίνων
2590 854 2689 916 καὶ
2733 852 2830 915 διὰ
2873 853 3040 927 τίνος,

531 953 617 1015 ὅτι
673 954 779 1037 γὰρ
834 955 931 1018 διὰ
989 958 1091 1017 τοῦ
1144 956 1368 1038 θερμοῦ
1433 953 1471 1037 ἢ
1525 958 1628 1017 τοῦ
1688 954 1850 1023 ἐντὸς
1902 954 1942 1037 ἢ
1997 958 2100 1017 τοῦ
2151 953 2344 1031 ἐκτός,
2407 955 2696 1041 μετῆλθεν
2760 954 2856 1017 ἐπὶ
2908 954 2974 1017 τὸ
3033 949 3124 1037 125

530 1057 661 1138 περὶ
707 1060 821 1118 τῶν
869 1055 1292 1137 ὑγραινομένων
1338 1054 1553 1137 λέγειν,
1609 1056 1647 1119 ἃ
1692 1060 1813 1125 τοῖς
1860 1056 2286 1141 ξηραινομένοις·
2339 1058 2588 1121 ἐναντίον
2643 1059 2862 1142 πάσχει
2905 1056 3010 1119 πά·
3054 1062 3148 1119 219

534 1158 663 1229 θος,
719 1159 816 1221 καὶ
858 1160 1055 1241 λαβὼν
1100 1162 1201 1221 τοῦ
1250 1159 1621 1242 ὑγραίνεσθαι
1666 1159 1947 1243 διαφορὰς
1992 1158 2138 1222 εἶναι
2192 1158 2540 1244 (ὑγραίνεται
2584 1159 2693 1243 γὰρ
2739 1159 2812 1221 τὰ
2857 1160 3044 1243 ὑγραι-

530 1258 741 1343 νόμενα
783 1260 855 1323 τὰ
902 1261 1007 1341 μὲν
1052 1262 1199 1324 κατὰ
1231 1261 1525 1341 σύστασιν,
1570 1262 1616 1343 †
1656 1262 2026 1345 ὑγραίνεσθαι
2070 1261 2167 1324 τὸν
2215 1260 2382 1345 ἀέρα,
2428 1262 2716 1325 τουτέστιν
2763 1263 2846 1331 εἰς
2891 1262 3045 1344 ὕδωρ
3099 1276 3127 1319 5

435 1382 498 1429 10
536 1363 944 1447 μεταβάλλειν,
1002 1362 1033 1425 ὃ
1076 1362 1148 1448 ἦν
1194 1363 1521 1447 παθητικὸν
1568 1362 1767 1447 ὑγρόν·
1834 1362 2171 1448 ψυχόμενον
2222 1362 2331 1446 γὰρ
2373 1365 2438 1426 τὸ
2485 1369 2712 1445 πνεῦμα
2757 1365 2853 1428 καὶ
2898 1385 3044 1428 συνι-

533 1466 813 1549 στάμενόν
871 1489 935 1528 τε
980 1469 1076 1529 καὶ
1122 1465 1525 1550 παχυνόμενον
1580 1467 1677 1529 καὶ
1720 1466 2019 1547 γινόμενον
2073 1466 2178 1549 τὴν
2234 1466 2316 1535 εἰς
2371 1467 2524 1547 ῦὸωρ
2580 1470 2830 1530 ποιεῖται
2876 1490 3044 1550 μετα·

533 1570 733 1653 βολήν,
780 1590 821 1630 ιτ·
866 1588 907 1629 κ
951 1565 1041 1651 ει),
1089 1569 1219 1652 περὶ
1251 1568 1469 1651 τήξεως
1507 1569 1603 1631 καὶ
1635 1573 1739 1652 τῆς
1768 1566 2038 1651 τοιαύτης
2068 1569 2150 1635 εἰς
2182 1568 2338 1652 ὕδωρ
2371 1568 2696 1654 μεταβολῆς
2727 1567 2886 1631 εἶπεν
2919 1569 3043 1652 ἅμα
3071 1585 3128 1627 10

531 1674 707 1754 δῆλον
762 1669 1003 1734 ἔσεσθαι
1056 1671 1153 1733 καὶ
1197 1672 1327 1754 περὶ
1385 1670 1633 1751 πήξεως,
1704 1670 1830 1733 ἐπεὶ
1885 1672 2049 1733 δοκεῖ
2089 1670 2161 1732 τὰ
2214 1670 2515 1754 πεπηγότα
2559 1669 2868 1754 τηκόμενα.
2962 1672 3048 1740 οἷς

532 1773 885 1857 προσέθηκε,
930 1773 1053 1836 τίνα
1084 1773 1239 1835 ἐστὶν
1271 1773 1341 1835 τὰ
1386 1773 1739 1856 πηγνύμενα.
1830 1771 2016 1834 πάντα
2055 1770 2166 1855 γὰρ
2213 1771 2284 1834 τὰ
2327 1774 2731 1855 πηγνύμεναῆ
2781 1774 2916 1837 ῦδω
2929 1797 2962 1858 ρ
3007 1774 3046 1857 ἢ

431 1897 493 1944 15
534 1876 787 1945 ὕδατος
829 1874 958 1959 εἴδη
1006 1874 1143 1938 ὄντα
1174 1876 1455 1958 πήγνυται
1497 1874 1535 1956 ἢ
1582 1878 1706 1957 γῆς
1751 1873 1865 1936 καὶ
1913 1873 2162 1942 ὕδατος
2209 1874 2422 1957 μόνων,
2468 1875 2556 1943 οἷς
2585 1875 2950 1959 προσέθηκεν
2981 1875 3047 1937 τὸ

532 1980 645 2042 ὑπὸ
690 1980 859 2042 τίνων
890 1978 1191 2061 πήγνυται.
1270 1977 1309 2060 ἢ
1354 1976 1463 2059 γὰρ
1497 1976 1609 2038 ὑπὸ
1645 1976 1888 2057 θερμοῦ,
1937 1976 1973 2058 ἢ
2007 1976 2120 2038 ὑπὸ
2153 1980 2400 2061 ψυχροῦ,
2447 1977 2486 2060 ἢ
2520 1978 2631 2040 ὑπὸ
2666 1979 2861 2063 ὑγροῦ,
2939 1978 3047 2039 διὸ
3077 1994 3130 2035 1⁵

532 2082 647 2145 καὶ
678 2082 791 2144 ὑπὸ
822 2086 939 2143 τῶν
970 2080 1241 2143 ἐναντίων
1271 2078 1528 2141 λύεται.
1582 2077 1661 2141 τὰ
1694 2078 1817 2161 μὲν
1848 2078 1975 2161 γὰρ
2007 2078 2136 2140 ὑπὸ
2169 2077 2380 2161 ξηροῦ
2411 2080 2680 2164 θερμοῦ
2713 2080 3047 2163 παγέντα,

532 2182 717 2247 ὅέστι
750 2182 1059 2267 πῦρ,’ὑπὸ
1107 2182 1360 2249 ὕδατος
1404 2180 1675 2255 λύεται,
1721 2179 1974 2244 ὅέστιν
2022 2180 2227 2264 ὑγρόν
2273 2204 2336 2244 τε
2374 2184 2468 2245 καὶ
2515 2182 2822 2268 ψυχρόν,
2869 2182 2939 2245 τὰ
2971 2184 3051 2246 δὲ

536 2287 665 2349 ὑπὸ
707 2290 979 2371 ψυχροῦ
1024 2283 1331 2365 παγέντα
1376 2284 1505 2346 ὑπὸ
1538 2286 1761 2366 θερμοῦ
1791 2283 2058 2354 λύεται,
2105 2285 2324 2367 πυρὸς
2353 2287 2482 2369 γάρ.
2545 2286 2631 2353 οἷς
2661 2284 3047 2370 προσέθηκεν,
3076 2301 3132 2343 20

428 2410 499 2457 20
536 2387 622 2451 ὅτι
655 2388 765 2452 ὅσα
802 2388 905 2469 μὲν
946 2390 1063 2450 τῶν
1098 2385 1475 2469 πηγνυμένων
1510 2384 1757 2455 ὕδατός
1803 2386 2013 2461 ἐστιν,
2049 2386 2207 2449 ταῦτ’
2258 2387 2334 2451 οὒ
2376 2388 2721 2470 πήγνυται
2761 2389 2891 2452 ὑπὸ
2924 2412 3050 2451 πυ-

537 2494 680 2576 ρός,
726 2492 923 2555 λύεται
960 2490 1091 2573 γὰρ
1132 2489 1263 2551 ὑπὸ
1304 2488 1572 2552 τούτου.
1646 2490 1744 2551 καὶ
1781 2488 1891 2573 γὰρ
1931 2489 1984 2551 εἰ
2023 2490 2310 2572 πήγνυται
2339 2494 2520 2553 ταῦτα
2549 2494 2637 2573 τῷ
2669 2493 2733 2553 τὸ
2766 2491 2826 2553 ἐν
2859 2491 3056 2559 αὐτοῖς

536 2596 755 2679 θερμὸν
787 2593 1171 2679 χωρίζεσθαι,
1216 2591 1475 2673 εὐλόγως
1519 2590 1588 2654 ἂν
1621 2592 1813 2655 λύοιτο
1859 2592 2146 2675 παρουσίᾳ
2191 2593 2430 2656 τούτων.
2499 2593 2649 2656 ἀλλὰ
2679 2599 2786 2677 τῆς
2829 2595 3049 2657 τούτων
3079 2610 3135 2652 25

534 2698 762 2783 πήξεως
806 2698 871 2760 τὸ
902 2696 1124 2781 ψυχρὸν
1170 2695 1467 2779 πηκτικόν.
1544 2695 1633 2757 διὸ
1682 2694 1833 2778 μηδὲ
1879 2694 2246 2779 παχύνεσθαι
2291 2696 2361 2758 τὰ
2405 2700 2643 2759 τοιαῦτα
2673 2702 2758 2779 τῷ
2795 2698 2899 2781 τὴν
2948 2698 3052 2779 μὲν

536 2802 888 2886 πάχυνσιν
940 2798 1270 2881 γενέσθαι
1315 2802 1435 2860 τοῦ
1484 2798 1603 2881 μὲν
1653 2797 1862 2881 ὑγροῦ
1907 2796 2262 2873 ἀπιόντος,
2323 2798 2831 2882 συνισταμένου
2882 2796 2890 2885 Ι
2939 2800 3012 2865 δὲ
3055 2808 3158 2864 220

430 2924 496 2973 25
534 2908 654 2968 τοῦ
699 2902 944 2987 ξηροῦ,
1004 2902 1099 2965 καὶ
1144 2902 1210 2963 τὸ
1258 2902 1416 2983 ὕδωρ
1467 2902 1548 2984 μὴ
1596 2899 1880 2963 δύνασθαι
1929 2900 2100 2983 μόνον
2145 2905 2262 2964 τῶν
2307 2902 2495 2985 ὑγρῶν
2541 2902 2912 2988 παχύνεσθαι
2959 2904 3054 2967 διὰ

536 3009 602 3071 τὸ
648 3006 829 3089 μηδὲν
876 3003 1034 3089 ἔχειν
1081 3005 1142 3067 ἐν
1188 3004 1351 3087 αὑτῷ
1386 3002 1717 3087 ξηρότητος,
1762 3004 1828 3066 τὸ
1878 3005 1960 3087 μὴ
1994 3003 2340 3086 μεμιγμένον
2371 3004 2432 3073 ἐξ
2479 3004 2687 3075 ὕδατός
2715 3030 2778 3069 τε
2821 3009 2918 3069 καὶ
2949 3012 3055 3090 γῆς

538 3108 638 3173 ὑπ’
681 3107 1029 3193 ἀμφοτέρων
1074 3107 1407 3191 πήγνυσθαι
1438 3107 1535 3170 καὶ
1569 3108 1679 3169 ὑπὸ
1714 3107 1940 3190 θερμοῦ
1972 3108 2068 3170 καὶ
2100 3107 2212 3170 ὑπὸ
2248 3112 2500 3193 ψυχροῦ.
2575 3110 2701 3171 ἐπεὶ
2733 3109 2797 3172 δὲ
2827 3109 2922 3172 διὰ
2952 3113 3056 3173 τοῦ
3109 3125 3138 3167 5

536 3212 905 3297 παχύνεσθαι
936 3212 975 3293 ἡ
1006 3210 1225 3274 τούτων
1257 3208 1442 3293 πῆξις,
1488 3207 1645 3271 εἶπεν
1677 3208 1826 3271 αὐτὰ
1857 3209 2226 3293 παχύνεσθαι
2259 3211 2362 3293 μὲν
2395 3210 2492 3273 ὑπ’
2534 3210 2903 3295 ἀμφοτέρων,
2949 3216 3053 3275 τοῦ

538 3338 602 3377 τε
648 3314 873 3398 θερμοῦ
918 3314 1015 3376 καὶ
1058 3316 1162 3375 τοῦ
1207 3316 1465 3396 ψυχροῦ,
1523 3309 1599 3373 οὐ
1648 3313 1764 3395 μὴν
1809 3312 1925 3373 τὸν
1979 3311 2192 3375 αὑτὸν
2238 3312 2520 3397 τρόπον,
2579 3313 2698 3377 ἀλλ’
2755 3315 2885 3378 ὑπὸ
2933 3316 3055 3398 μὲν

432 3437 499 3486 3ο
534 3422 635 3480 τοῦ
683 3419 950 3501 θερμοῦ
997 3418 1062 3479 τὸ
1110 3415 1279 3497 ὑγρὸν
1323 3414 1749 3496 ἐξατμίζοντος,
1803 3414 1934 3477 ὑπὸ
1993 3416 2065 3477 δὲ
2117 3420 2238 3477 τοῦ
2294 3419 2572 3500 ψυχροῦ
2627 3417 2690 3479 τὸ
2740 3416 2801 3479 ἐν
2857 3416 3056 3487 αὐτοῖς
3083 3435 3138 3477 1⁰

540 3521 803 3604 θερμὸν
850 3518 1335 3602 ἐκθλίβοντος,
1386 3515 1521 3597 μεθ’
1564 3514 1633 3579 οὑ
1678 3516 2186 3599 συνεξατμίζεσθαι
2231 3518 2296 3579 τὸ
2343 3517 2403 3579 ἐν
2450 3517 2646 3587 αὐτοῖς
2679 3517 2867 3603 ὑγρόν.
2943 3519 3039 3604 ἐφ’

538 3622 624 3691 οἷς
656 3621 1039 3707 προσέθηκεν,
1086 3621 1211 3682 τίνα
1245 3620 1347 3702 μὲν
1379 3624 1496 3681 τῶν
1534 3624 1749 3702 μικτῶν
1781 3620 2126 3705 παχύνεται,
2159 3620 2286 3683 τίνα
2317 3621 2380 3684 δὲ
2412 3620 2479 3683 οὗ
2513 3623 2853 3707 παχύνεται,
2901 3622 3052 3687 ἀλλὰ

536 3728 833 3810 πήγνυται.
908 3724 1089 3785 εἰπὼν
1121 3722 1205 3799 δέ,
1247 3722 1373 3784 τίνα
1402 3745 1465 3785 τε
1495 3724 1797 3805 πήγνυται,
1840 3724 1937 3786 καὶ
1971 3727 2118 3799 πῶς,
2149 3725 2245 3787 καὶ
2279 3724 2391 3787 ὑπὸ
2423 3726 2612 3800 τίνων,
2653 3724 2866 3811 ἐφεξῆς
2895 3725 3054 3789 εἶπεν

540 3829 671 3911 περὶ
714 3831 832 3889 τῶν
888 3824 1189 3909 λυομένων
1235 3848 1299 3887 τε
1355 3825 1450 3888 καὶ
1510 3825 1870 3907 τηκομένων.
1960 3826 2030 3888 τὰ
2088 3828 2190 3907 μὲν
2239 3827 2352 3888 ὑπὸ
2396 3832 2624 3912 ψυχροῦ
2671 3833 2786 3890 τῶν
2835 3832 3054 3912 μικτῶν
3085 3846 3137 3888 15

434 3950 499 4001 35
538 3929 811 4013 παγέντα,
854 3929 915 3992 ἐν
950 3928 1037 3997 οἷς
1066 3928 1189 3991 ἐστι
1217 3932 1327 4011 γῆς
1358 3926 1553 4003 πλέον,
1600 3926 1728 3990 ὅσα
1774 3929 1898 4010 μὲν
1944 3933 2038 4012 τῷ
2071 3928 2335 4013 θερμὸν
2382 3928 2891 4013 ἐξεληλυθέναι
2935 3934 3060 4016 πή-

537 4056 810 4119 γνυται,
851 4036 1068 4095 ταῦτα
1097 4030 1299 4093 λύεταί
1324 4052 1387 4092 τε
1418 4030 1512 4093 καὶ
1544 4028 1833 4111 τήκεται
1868 4030 2132 4116 θερμῷ,
2165 4030 2527 4101 εἰσιόντος
2557 4034 2764 4097 πάλιν
2797 4035 2880 4102 εἰς
2909 4032 3058 4097 αὐτὰ

436 4312 459 4363 1
508 4310 587 4379 τῷ
629 4306 691 4361 ε’
735 4310 849 4375 Sp:
914 4304 975 4358 τὸ
1020 4305 1142 4359 libri
1467 4302 1497 4355 6
1546 4302 1825 4373 μετῆλθεν]
1897 4303 2152 4371 113,5—
2181 4304 2296 4369 114,
2324 4305 2386 4358 13
2416 4329 2482 4351 =
2514 4307 2675 4360 Arist.
2729 4308 2935 4360 Meteon
2980 4308 3070 4371 Ν,
3115 4309 3164 4361 6.

432 4408 959 4465 382b28-383b17
1176 4407 1206 4459 7
1255 4407 1412 4478 λέγειν
1456 4412 1537 4460 Ba
1581 4411 1696 4476 Sp.:
1753 4407 1883 4478 λέγει
1931 4410 2036 4463 FS:
2093 4397 2225 4478 λεγεί
2269 4411 2344 4462 sio
2389 4413 2439 4462 V
2655 4410 2686 4462 9
2741 4410 2813 4469 ὡς
2849 4409 3166 4484 ὑγραίνεσθαι

431 4500 565 4553 vict.
603 4502 692 4566 Sp.
938 4497 993 4548 ll
1054 4496 1244 4564 <νέφος>
1280 4496 1540 4565 γινόμενον
1579 4497 1723 4549 Diels
1979 4498 2058 4549 ll.
2102 4496 2165 4550 12
2222 4499 2440 4550 fortasse
2477 4496 2781 4569 μεταβολήν,
2819 4500 2905 4561 (τὰ
2941 4499 2993 4551 δὲ
3031 4502 3165 4553 κατὰ

431 4587 489 4639 τὸ
524 4584 772 4657 τήκεσθαι
807 4584 867 4637 τὸ
904 4583 1148 4655 πεπηγός)
1368 4583 1429 4635 12
1468 4583 1663 4653 τήξεως
1707 4585 1923 4653 scripsi:
1980 4584 2182 4654 πήξεως
2221 4585 2338 4639 libri
2559 4586 2622 4638 13
2668 4586 2755 4638 καὶ
2791 4587 2902 4656 περὶ
2939 4584 3163 4657 πήξεως]

433 4674 496 4727 cf.
535 4674 568 4727 l.
595 4690 639 4727 c.
666 4671 915 4726 3821230:
953 4671 1064 4743 περὶ
1112 4668 1304 4741 τήξεως
1342 4674 1430 4739 Sp.
1646 4671 1708 4723 21
1748 4672 1795 4725 εἰ
1830 4676 1946 4740 Sp.:
1986 4672 2018 4742 ἢ
2060 4673 2178 4726 libri
2399 4673 2466 4725 22
2504 4672 2686 4727 τούτου
2724 4676 2863 4727 coni.
2901 4676 2990 4739 Sp.

434 4760 498 4813 26
535 4760 679 4832 αὑτῷ
704 4762 821 4828 Sp.:
858 4758 1029 4815 αὑτοῖς
1065 4758 1184 4811 libri
1364 4758 1459 4829 μὴ]
1500 4758 1551 4811 δὲ
1578 4761 1665 4827 Sp.
1694 4758 1914 4813 fortasse
1948 4764 2090 4813 recte
2268 4760 2335 4813 33
2372 4760 2613 4830 πήγνεται
2634 4765 2681 4814 V
2859 4760 2929 4813 34
2966 4768 3163 4829 μικτῶν

432 4852 545 4917 Sp.:
585 4854 783 4919 μικρῶν
817 4847 940 4899 libri

537 4956 685 5021 Sap-pl.
714 4955 845 4995 Arist.
874 4954 917 4995 11
944 4950 972 4994 2
1024 4954 1150 4994 Alex.
1180 4953 1341 5003 scripta
1369 4954 1547 4993 minora.
2718 4936 2758 5000 8
