3684 5567
522 256 605 320 58
1494 252 1795 311 ΑΠΟΡΙΩΝ
1838 252 1964 309 KAI
2002 253 2265 309 ΛΥΣΕΩΝ

627 586 799 649 XIII.
904 586 1082 671 Πρὸς
1144 586 1635 655 Πλατωνικοὺς
1688 588 1848 655 τοὺς
1904 588 1979 649 ἐκ
2046 592 2176 649 τῶν
2231 589 2583 671 τριγώνων
2640 586 2718 649 τὰ
2763 587 3092 671 σχήματα
3140 592 3235 648 107

647 690 881 752 καὶτὰ
924 689 1075 774 εἴδη
1122 696 1255 752 τῶν
1302 693 1640 771 σωμάτων
1688 690 2110 773 συγκεῖσθαι
2156 690 2518 772 λέγοντας,
2565 690 2640 753 οὐ
2687 690 2764 752 τὰ
2811 692 3118 771 σώματα.

796 859 891 924 Ἦν
939 865 1100 946 πάσῃ
1148 865 1443 948 μεταβολῇ
1500 864 1621 926 ἐστι
1666 865 1731 925 τὸ
1780 863 2185 945 ὑποκείμενον,
2242 861 2309 924 οὑ
2356 862 2418 924 τὸ
2468 862 2844 945 μεταβάλλειν
2887 885 3126 945 κατηγο·
3181 878 3208 918 5

634 970 815 1045 ρεῖται
866 964 958 1049 (ἔν
1014 990 1076 1029 τε
1131 967 1236 1051 γὰρ
1282 974 1355 1049 τῇ
1401 973 1554 1051 φορᾷ
1608 969 1673 1029 τὸ
1728 966 2048 1051 φερόμενον
2104 965 2396 1029 ὑπόκειται
2451 966 2547 1027 καὶ
2603 965 2789 1027 ἐκεῖνο
2843 966 2907 1025 τὸ
2965 987 3129 1046 μετα-

568 1088 596 1134 5
636 1068 866 1151 βάλλον,
915 1068 973 1131 ἔν
1022 1094 1083 1133 τε
1129 1076 1201 1153 τῇ
1235 1070 1471 1153 αὐξήσει
1517 1095 1577 1133 τε
1625 1072 1720 1133 καὶ
1768 1073 2008 1151 μειώσει
2054 1070 2116 1131 τὸ
2157 1067 2472 1151 αὐξόμενύν
2519 1092 2581 1131 τε
2627 1070 2720 1131 καὶ
2770 1068 3125 1151 μειούμενον,

627 1173 722 1234 καὶ
769 1173 827 1233 ἐν
874 1179 948 1256 τῇ
998 1172 1125 1235 κατ’
1179 1174 1484 1238 ἀλλοίωσιν
1531 1176 1596 1237 τὸ
1644 1173 2108 1256 ἀλλοιούμενον),
2157 1174 2304 1235 ἀλλὰ
2350 1174 2444 1235 καὶ
2491 1173 2550 1234 ἐν
2597 1177 2672 1255 τῇ
2719 1172 2867 1235 κατὰ
2910 1170 3128 1253 γένεσιν
3161 1186 3213 1227 ιο

632 1278 726 1338 καὶ
772 1277 996 1359 φθορὰν
1044 1278 1339 1362 μεταβολῇ
1397 1278 1457 1346 ἐξ
1503 1276 1886 1358 ὑποκειμένου
1934 1278 2079 1343 τινὸς
2133 1279 2170 1359 ἡ
2221 1276 2510 1360 μεταβολή
2569 1274 2668 1357 (οὐ
2720 1274 2829 1358 γὰρ
2878 1272 3016 1357 [μὴ]
3063 1274 3130 1336 ἐκ

623 1384 724 1441 τοῦ
773 1382 851 1461 μὴ
911 1378 1071 1448 ὄντος
1117 1383 1152 1461 ἡ
1200 1381 1417 1461 γένεσις
1468 1382 1562 1443 καὶ
1617 1382 1698 1449 εἰς
1753 1382 1816 1443 τὸ
1867 1380 1948 1463 μὴ
1997 1380 2059 1443 ὃν
2105 1382 2142 1462 ἢ
2189 1378 2443 1463 φθορά),
2499 1380 2592 1441 καὶ
2640 1376 2791 1440 ἔστιν
2838 1378 2898 1439 ἐν
2945 1376 3125 1458 ταύτῃ

626 1487 701 1565 τῇ
754 1484 1049 1566 μεταβολῇ
1099 1486 1163 1545 τὸ
1211 1484 1584 1566 ὑποκείμενον
1639 1480 1680 1566 ἦ
1737 1484 2129 1564 ὑποκείμενον.
2221 1484 2315 1544 καὶ
2361 1482 2456 1544 ἐπὶ
2501 1487 2602 1564 τῆς
2649 1486 2765 1542 τῶν
2811 1482 3012 1541 ἁπλῶν
3059 1480 3130 1562 δὴ
3164 1494 3212 1534 15

530 1606 592 1651 10
631 1588 919 1668 σωμάτων
966 1586 1245 1667 γενέσεώς
1291 1610 1353 1648 τε
1404 1587 1500 1649 καὶ
1545 1587 1769 1670 φθορᾶς
1816 1586 2162 1648 ὑποκεῖσθαί
2207 1609 2261 1646 τι
2317 1587 2404 1647 δεῖ
2446 1584 2540 1646 καὶ
2587 1587 2754 1645 τοῦτο
2800 1582 2944 1645 εἶναι
2990 1582 3128 1663 ὕλην

622 1689 833 1751 αὐτῶν.
924 1689 985 1758 ἐξ
1031 1688 1097 1751 οὑ
1144 1689 1252 1773 γὰρ
1309 1692 1543 1773 πρώτου
1600 1688 2026 1773 ἐνυπάρχοντός
2071 1711 2192 1750 τινα
2235 1688 2448 1770 γίνεται
2503 1688 2598 1749 καὶ
2656 1687 2736 1754 εἰς
2791 1688 2822 1749 ὃ
2877 1683 3123 1770 ἔσχατον

626 1792 946 1867 διαλύεται,
1010 1798 1179 1854 τοῦτο
1234 1794 1341 1875 ὕλη
1402 1792 1595 1855 αὐτῶν
1652 1792 1908 1854 ἐκείνων.
2013 1792 2106 1853 καὶ
2162 1790 2232 1852 τὰ
2286 1792 2444 1852 ἁπλᾶ
2505 1791 2577 1873 δὴ
2635 1792 2880 1872 σώματα
2943 1788 3003 1856 ἐξ
3055 1787 3208 1851 οὑὲῠ

624 1899 858 1978 πρώτου
906 1896 1284 1977 ὑποκειμένου
1340 1896 1580 1977 γίνεται,
1636 1896 1731 1957 καὶ
1778 1896 1859 1962 εἰς
1913 1894 1943 1955 ὃ
1991 1892 2238 1977 ἔσχατον
2286 1893 2604 1965 διαλύεται,
2660 1898 2827 1953 τοῦτο
2875 1893 2983 1975 ὕλη
3029 1889 3125 1953 αὖ·

626 2006 761 2060 τῶν.
854 1998 1003 2061 ἀλλὰ
1051 2000 1163 2083 μὴν
1211 2001 1264 2061 εἰ
1306 2004 1424 2066 τοῖς
1472 2000 1675 2066 ἁπλοῖς
1720 2001 1981 2078 σώμασιν
2037 1996 2408 2079 ὑποκείμενον
2455 1996 2526 2057 τὰ
2571 1996 2818 2079 τρίγωνα
2863 1994 2960 2076 (ἐκ
3004 1993 3126 2055 τού-

526 2122 585 2169 15
624 2125 739 2163 των
784 2102 891 2185 γὰρ
939 2106 1185 2185 πρώτων
1240 2104 1277 2186 ἡ
1326 2102 1544 2183 γένεσις
1596 2100 1787 2161 αὐτῶν
1836 2098 1958 2161 κατ’
2017 2100 2250 2178 αὐτούς,
2307 2100 2403 2161 καὶ
2457 2098 2538 2166 εἰς
2583 2103 2762 2161 ταῦτα
2817 2095 3040 2181 ἔσχατα
3087 2097 3123 2178 ἡ

621 2204 956 2287 ἀνάλυσις),
1019 2206 1089 2267 τὰ
1135 2206 1379 2289 τρίγωνα
1437 2205 1543 2287 ὕλη
1590 2207 1705 2265 τῶν
1762 2204 1964 2265 ἁπλῶν
2021 2205 2340 2285 σωμάτων,
2392 2202 2397 2285 Ι
2447 2201 2598 2269 εἶδος
2644 2202 2708 2264 δὲ
2765 2202 2800 2283 ἡ
2850 2199 2988 2261 ποιὰ
3033 2199 3128 2261 καὶ
3157 2213 3210 2256 25

620 2309 774 2390 ποσὴ
822 2309 1040 2370 τούτων
1088 2309 1374 2375 σύνθεσις.
1463 2309 1514 2369 εἰ
1561 2308 1625 2370 δὲ
1670 2311 1858 2381 τοῦτο,
1905 2306 1976 2367 τὰ
2022 2308 2266 2387 σώματά
2311 2306 2492 2377 ἐστιν,
2547 2304 2668 2367 ἀλλ’
2725 2304 2792 2367 οὐ
2839 2304 2910 2365 τὰ
2956 2302 3084 2387 εἴδη
3131 2310 3230 2367 108

621 2417 739 2473 τῶν
788 2414 1076 2491 σωμάτων
1122 2410 1193 2473 τὰ
1239 2410 1504 2493 γινόμενα
1550 2412 1615 2473 ἐκ
1659 2416 1774 2473 τῶν
1820 2412 2110 2493 τριγώνων
2156 2408 2281 2471 κατ’
2336 2408 2563 2477 αὐτούς.
2655 2410 2705 2470 εἰ
2749 2408 2855 2491 γὰρ
2902 2406 2994 2491 εἴη
3041 2430 3124 2475 τις

620 2512 816 2579 αὐτοῖς
862 2514 955 2576 καὶ
987 2513 1135 2597 ἄλλη
1186 2515 1291 2595 ὕλη
1326 2514 1697 2597 ὑποκειμένη,
1742 2512 1836 2596 εἴη
1883 2513 1946 2576 δὲ
1987 2513 2083 2573 καὶ
2129 2512 2199 2573 τὰ
2231 2513 2491 2595 τρίγωνα,
2540 2512 2640 2574 δύο
2689 2510 2754 2573 ἄν
2789 2512 2926 2579 ὕλας
2974 2508 3124 2596 ἔχοι,
3179 2526 3207 2569 5

511 2636 577 2681 20
616 2616 920 2700 οὐδετέρας
972 2618 1053 2684 εἰς
1098 2616 1402 2701 οὐδετέραν
1459 2618 1853 2701 ἀναφέρεσθαι
1908 2615 2244 2699 δυναμένης.
2336 2617 2384 2678 εἰ
2432 2618 2495 2677 δὲ
2540 2614 2771 2695 λέγοιεν
2825 2616 2929 2697 τὴν
2985 2615 3125 2697 ὕλην

616 2719 763 2781 κατὰ
816 2724 996 2782 ταῦτα
1042 2743 1082 2782 ³2²
1127 2724 1222 2783 καὶ
1266 2721 1525 2801 γίνεσθαι
1572 2721 1716 2783 κατὰ
1764 2720 1866 2802 μὲν
1923 2722 2058 2782 τάδε
2117 2719 2480 2802 τὰτρίγωνα
2533 2722 2626 2781 καὶ
2682 2722 2800 2781 ὦδε
2847 2741 3123 2801 σχηματι-

618 2825 855 2885 σθεῖσαν
916 2828 1047 2906 πῦρ,
1114 2824 1261 2887 κατὰ
1329 2825 1393 2885 δὲ
1450 2824 1584 2885 τάδε
1648 2828 1784 2905 γῆν,
1852 2822 1908 2885 τί
1959 2823 2176 2904 δήποτε
2241 2824 2280 2904 ἡ
2335 2828 2408 2905 γῆ
2475 2823 2874 2907 ἀμετάβλητος
2928 2822 3124 2890 αὐτοῖς
3156 2837 3206 2879 ιο

614 2928 696 2994 εἰς
740 2926 809 2987 τὰ
856 2926 1005 2989 ἄλλα
1036 2928 1359 3009 γενήσεται,
1408 2926 1625 3007 ὁμοίως
1669 2930 1771 3008 τῆς
1817 2926 2199 3009 ὑποκειμένης
2246 2926 2384 3008 ὕλης
2429 2930 2501 3007 τῇ
2549 2931 2625 3010 γῇ
2661 2924 2980 3009 δυναμένης
3027 2927 3120 2987 καὶ

616 3030 762 3091 κατὰ
808 3032 871 3091 τὸ
918 3034 1019 3091 τοῦ
1066 3030 1247 3113 πυρὸς
1294 3030 1388 3091 καὶ
1436 3030 1580 3091 κατὰ
1628 3029 1699 3091 τὰ
1741 3034 1857 3089 τῶν
1903 3028 2094 3091 ἄλλων
2132 3031 2421 3111 σωμοὶτων
2465 3028 2726 3092 εἰδοποιὰ
2773 3029 3120 3112 σχηματίζε-

507 3152 570 3199 05
612 3134 749 3195 σθαι
781 3132 1053 3213 τρίγωνας
1101 3131 1237 3193 οὐδὲ
1276 3132 1384 3213 γὰρ
1418 3130 1538 3193 οὐδ’
1583 3132 1676 3193 ἐπὶ
1713 3136 1827 3193 τῶν
1860 3135 2148 3214 τριγώνων
2181 3132 2328 3195 αὐτὰ
2359 3133 2428 3216 ἦν
2463 3134 2531 3194 τὰ
2563 3133 2810 3218 τρίγωνα
2843 3134 3122 3216 μεταβάλ-
3153 3148 3205 3190 15

611 3239 801 3307 λοντα,
850 3233 969 3297 ἀλλ’
1010 3259 1048 3317 η
1097 3234 1444 3316 ὑποκειμένη
1490 3235 1597 3316 ὕλη
1642 3234 2064 3319 ἐσχηματίζετο
2096 3235 2242 3299 κατὰ
2283 3241 2461 3299 ταῦτα
2507 3258 2547 3296 x·
2592 3256 2632 3295 ει
2677 3258 2717 3296 ιιι
2752 3237 2831 3305 εἰς
2872 3235 3116 3319 ἄλληλα,

618 3340 904 3422 μενούσης
950 3344 1054 3423 τῆς
1098 3336 1483 3419 ὑποκειμένης
1529 3338 1695 3419 ὕλης,
1751 3340 1968 3417 ὁμοίως
2018 3338 2085 3401 ἂν
2131 3340 2210 3407 εἰς
2258 3338 2481 3423 ἄλληλα
2528 3340 2712 3401 πάντα
2760 3340 3121 3424 μεταβάλλῃ,

611 3442 656 3525 †
697 3442 762 3503 οὑ
818 3443 960 3525 φησὶ
1014 3441 1063 3503 δ’
1120 3440 1267 3503 αὐτὰ
1314 3442 1528 3521 ὁμοίως
1586 3442 1666 3509 εἰς
1717 3441 1943 3525 ἄλληλα
1992 3443 2366 3526 μεταβάλλειν
2415 3442 2590 3525 δῆλος
2635 3442 2785 3505 ἐστιν
2833 3444 2976 3528 ὕλην
3022 3442 3119 3504 αὐ-

610 3550 729 3613 τοῖς
786 3546 1079 3611 ὑποτιθεὶς
1132 3544 1204 3605 τὰ
1257 3544 1530 3625 τρίγωνα,
1601 3544 1725 3607 ἐπεὶ
1790 3548 1870 3627 μὴ
1927 3546 2141 3626 ὁμοίως
2198 3546 2295 3609 οἷά
2350 3546 2398 3607 τ’
2456 3547 2575 3609 ἐστὶ
2634 3546 3011 3609 συντίθεσθαί
3059 3562 3205 3609 ‘tezo

504 3670 572 3716 30
611 3650 706 3711 καὶ
765 3648 1257 3731 σχηματίζεσθαι,
1315 3644 1435 3709 οὐδ’
1493 3647 1575 3714 εἰς
1632 3647 1858 3731 ἄλληλα
1913 3645 1998 3710 ἔτι
2052 3650 2428 3731 μεταβάλλειν
2487 3650 2634 3711 αὐτοί
2693 3670 2886 3733 φησιν.
2970 3649 3118 3725 εἴτι

613 3750 767 3835 παρὰ
825 3757 927 3833 τῆς
983 3751 1123 3834 ὕλης
1178 3748 1437 3834 ἔχουσιν·
1505 3752 1556 3812 εἰ
1602 3752 1708 3832 γὰρ
1764 3753 1858 3812 καὶ
1912 3752 2012 3832 τὴν
2068 3752 2358 3835 βαρύτητα
2414 3752 2568 3833 παρὰ
2621 3756 2736 3814 τῶν
2793 3755 3113 3836 τριγώνων·

616 3856 682 3917 τὸ
734 3854 838 3937 γὰρ
885 3854 948 3915 ἐκ
996 3853 1271 3916 πλειόνων
1319 3858 1431 3915 τῶν
1478 3854 1672 3917 αὐτῶν
1708 3856 2070 3937 συγκείμενον
2120 3856 2425 3938 βαρύτερον
2473 3855 2654 3937 λέγειν
2701 3856 2892 3919 οὐκέτ’
2934 3856 3022 3921 ἄν.
3070 3860 3121 3919 εἰ
3148 3872 3202 3914 εδ

614 3958 853 4038 γίγνοιτο
909 3957 974 4019 ἐκ
1018 3962 1119 4039 τῆς
1184 3957 1415 4019 ἐκείνων
1472 3958 1803 4025 συνθέσεως
1870 3961 1932 4021 τὸ
1989 3960 2394 4042 μαθηματικὸν
2447 3960 2452 4036 1
2507 3960 2814 4041 σῶμα·ἐί
2861 3960 2924 4021 δὲ
2970 3962 3072 4043 μή,
3122 3967 3220 4025 109

610 4057 824 4142 [ἐκεῖνο
854 4060 919 4121 τὸ
952 4059 1217 4143 φυσικὸν]
1270 4060 1424 4145 παρὰ
1456 4066 1571 4123 τῶν
1605 4064 1895 4145 τριγώνων
1943 4062 2138 4131 αὐτοῖς
2184 4063 2246 4124 τὸ
2293 4067 2558 4144 φυσικοῖς
2603 4060 2745 4125 εἶναι
2795 4066 3074 4146 σώμασιν.

508 4257 524 4306 l
558 4257 673 4313 τοὺς
702 4254 790 4309 11>..
815 4276 845 4308 a
872 4258 959 4323 Sp.
1104 4256 1195 4310 ΙΙλ.
1222 4274 1319 4309 οιη.
1350 4260 1453 4309 tab.
1599 4260 1630 4309 4
1659 4260 1743 4309 καὶ
1770 4260 1980 4325 scripsi:
2009 4254 2118 4310 κατ’
2145 4259 2259 4310 libri
2407 4260 2434 4309 ’ἱ
2465 4260 2533 4329 μὴ
2563 4261 2658 4311 del.
2684 4260 2802 4313 V²B
2831 4261 2948 4329 Sp.:
2977 4262 3006 4331 ἡ
3033 4262 3166 4314 vict.

500 4346 531 4395 9
558 4349 624 4415 τῃ·
654 4343 909 4414 μεταβολῇ
929 4349 973 4398 G
996 4346 1111 4412 Sp.:
1140 4346 1171 4414 ἡ
1202 4346 1454 4415 μετα-βολὴ
1480 4350 1763 4399 VHFBSa:
1795 4348 1823 4416 ἡ
1857 4345 1949 4417 ὕλη
1979 4348 2116 4398 Diels
2263 4344 2320 4418 ᾖ]
2349 4344 2382 4416 ᾗ
2409 4349 2482 4399 sie
2509 4352 2567 4398 V:
2595 4348 2778 4419 ἔχουσα
2805 4348 2834 4417 ’ἡ
2857 4352 2897 4401 Β
3037 4352 3088 4401 11
3125 4350 3220 4421 πρὸ

498 4438 587 4484 τοῦ
625 4452 655 4483 a
798 4432 865 4489 είς
904 4432 928 4485 ὃ
962 4434 1119 4483 Ἥρω
1162 4433 1229 4489 εἰς
1267 4433 1323 4484 τὸ
1363 4434 1482 4485 libri
1633 4435 1691 4483 13
1730 4433 1777 4499 ὃ]
1818 4433 1876 4485 τὸ
1903 4452 1934 4485 a
2083 4435 2144 4485 14
2183 4435 2224 4485 εἰ
2262 4436 2375 4502 Spa
2417 4436 2468 4486 ἐν
2507 4436 2622 4486 libri
2765 4436 2825 4487 15
2864 4437 3082 4505 πρώτων
3105 4438 3217 4505 Sp.:

498 4526 700 4589 πρῶτον
728 4520 845 4573 libri
1001 4521 1058 4571 19
1098 4520 1259 4592 ἔχοιεν
1286 4523 1419 4571 coni.
1450 4525 1534 4588 Sp.
1678 4520 1745 4572 *20
1773 4522 1829 4572 ἂν
1859 4520 2092 4591 φέρεσθαι
2125 4544 2154 4573 a
2301 4524 2360 4573 21
2409 4524 2624 4574 foi-tasse
2653 4524 2994 4591 supplendum
3023 4540 3218 4595 σχημα-

497 4606 719 4668 τίζεσθαι
827 4608 892 4659 :22
920 4612 1012 4677 γῆν
1040 4611 1252 4675 scripsi:
1282 4610 1428 4678 τήνδε
1460 4611 1601 4660 libri:
1628 4609 1721 4678 τὴν
1747 4614 1840 4679 γῆν
1865 4610 1996 4661 vict.
2107 4612 2171 4661 224
2200 4613 2264 4662 τὰ
2290 4612 2572 4663 Schwartz:
2600 4614 2656 4664 τὸ
2685 4612 2802 4664 libri
2911 4612 2976 4664 25
3003 4612 3126 4664 αὐτὸ
3151 4632 3183 4665 a

504 4696 568 4746 213
609 4697 816 4762 supplet
858 4697 899 4748 εἰ
939 4696 991 4747 δ’
1019 4696 1097 4748 οἶά
1133 4693 1185 4747 τ’
1214 4695 1276 4766 ἦν
1316 4695 1642 4765 μεταβάλλειν
1672 4698 1954 4748 Schwartz:
1995 4698 2037 4749 el
2075 4697 2127 4749 δὲ
2155 4698 2462 4767 μεταβάλλοι
2500 4704 2658 4750 ταῦτα
2687 4699 2824 4749 Diels
2967 4700 3029 4751 27
3072 4719 3219 4767 μετα-

501 4781 679 4844 βάλλοι
708 4783 966 4834 Schwartz
1112 4783 1179 4835 ‘28
1219 4785 1378 4853 φήσας
1406 4786 1662 4835 Schwartz
1806 4784 1874 4836 30
1913 4785 2060 4853 εἴτι]
2101 4785 2316 4837 fortasse
2355 4786 2426 4837 ἔτι
2453 4804 2497 4836 τι
2641 4786 2702 4836 31
2747 4786 2809 4853 εἰ]
2847 4786 3064 4839 fortasse
3091 4788 3148 4839 οὔ

498 4869 563 4917 3ῑῖ
604 4868 661 4919 ἂν
700 4869 821 4939 (εἴη)
860 4870 949 4936 Sp.
978 4872 1109 4923 bene
1298 4872 1362 4923 34
1402 4872 1561 4925 ἐκεῖνο
1598 4872 1654 4923 τὸ
1692 4872 1904 4941 φυσικὸν
1941 4873 2039 4925 del.
2079 4874 2336 4925 Schwartz
