3684 5567
1334 277 1621 334 ΒΙΒΛῙΟΝ
1661 278 2021 337 ΔΕΥἸῈΡΟΝ
2061 282 2194 335 5-7
3042 282 3128 347 53

514 454 619 518 οὐκ
666 454 729 517 ὃν
772 456 953 539 αὐτῆς
998 456 1485 539 συμπληρωτικὸν
1530 461 1637 539 τῆς
1683 455 1912 530 οὐσίας,
1959 459 2041 525 ὡς
2087 458 2180 518 καὶ
2227 457 2393 518 παντὶ
2439 461 2524 539 τῷ
2575 458 2818 539 δεκτικῷ
2867 455 3018 522 τινὸς

512 558 577 619 τὸ
624 558 703 640 μὴ
750 557 892 621 εἶναι
937 564 1106 623 τοῦτο
1157 558 1163 645 Ι
1214 559 1282 622 οὔ
1330 560 1449 622 ἐστι
1496 560 1771 622 δεκτικόν.
1859 558 2004 622 οὖσα
2051 558 2101 621 δ’
2144 560 2204 621 ἐν
2249 566 2332 643 τῷ
2383 560 2642 643 μεθορίῳ
2688 559 2876 642 τούτῳ
2923 557 3013 639 εἴη
3055 564 3125 620 98

512 659 579 722 ἄν
625 662 720 722 καὶ
765 660 1081 747 ἄφθαρτος.
1174 659 1224 749 ᾤ
1276 662 1383 745 γὰρ
1431 662 1490 723 ἐν
1537 667 1620 745 τῷ
1678 662 1965 724 δύνασθαί
2011 686 2136 723 τινα
2191 662 2474 745 δέχεσθαι
2528 661 2684 745 παρὰ
2731 661 2905 745 μέρος
2951 662 3014 722 τὸ

510 762 684 837 εἶναι,
738 768 906 826 τοῦτο
953 762 1041 847 [ἐν
1088 770 1174 849 τῷ
1222 766 1303 847 μὴ
1351 762 1496 826 εἶναι
1541 762 1601 826 ἔν
1646 787 1753 826 τινι
1800 763 2020 847 αὐτῶν]
2069 762 2189 827 οὔτ’
2245 765 2306 825 ἐν
2353 770 2440 849 τῷ
2489 766 2568 848 μὴ
2615 764 2763 827 εἶναι
2809 760 2868 825 ἔν
2914 786 3018 824 τινι

438 886 469 933 5
508 865 697 927 αὐτῶν
752 863 877 929 οὔτ’
934 867 995 929 ἐν
1050 872 1137 952 τῷ
1195 868 1343 930 εἶναι
1398 866 1682 936 ἐξίσταται
1737 872 1841 949 τῆς
1895 867 2106 934 οἰκείας
2159 867 2376 934 οὐσίας.
2469 866 2536 927 οὐ
2581 866 2690 949 γὰρ
2737 866 3018 929 ἀπόλλυσι
3072 882 3100 924 5

506 971 571 1032 τὸ
603 969 883 1033 δύνασθαι
928 970 986 1032 ἐν
1020 967 1071 1056 ᾧ
1112 967 1249 1053 ἄνῇ
1287 994 1399 1033 που
1434 975 1547 1032 τῶν
1595 971 1675 1032 ὧν
1722 970 1992 1033 ἐδύνατο·
2043 970 2108 1032 οὐ
2155 970 2261 1053 γὰρ
2310 972 2508 1032 ὁποῖον
2556 974 2722 1032 τοῦτο
2755 970 3014 1033 ἐδύνατο.

508 1073 545 1155 ἢ
592 1074 642 1135 εἰ
689 1073 979 1157 ἀπόφασίς
1032 1098 1116 1144 τις
1160 1075 1311 1137 ἐστιν
1359 1074 1454 1136 ἐπὶ
1508 1078 1612 1157 τῆς
1658 1074 1829 1155 ὕλης,
1891 1072 1978 1135 ὅτι
2029 1076 2067 1156 ἢ
2117 1075 2223 1157 ὕλη
2281 1073 2386 1136 οὐκ
2431 1070 2553 1136 ἔστι
2606 1072 2743 1135 ποιὰ
2797 1076 2872 1156 τῇ
2921 1073 3018 1133 αὑ-

507 1180 610 1258 τῆς
653 1176 843 1259 φύσει,
890 1178 955 1240 τὸ
1003 1176 1054 1240 δ’
1107 1178 1175 1241 οὐ
1222 1178 1384 1240 ποιὸν
1417 1176 1619 1239 ἄποιόν
1654 1176 1775 1240 ἐστι
1822 1177 1944 1258 [ἐπὶ
1992 1182 2096 1259 τῆς
2142 1178 2283 1259 ὕλης
2326 1178 2594 1259 δεκτικῆς
2638 1174 2814 1259 οὔσης
2861 1174 3014 1237 ποιό-
3049 1193 3100 1233 ιο

507 1282 719 1363 τητος],
776 1280 867 1363 εἴη
917 1279 984 1343 ἂν
1031 1283 1069 1365 ἡ
1126 1282 1232 1364 ὕλη
1290 1286 1365 1365 τῇ
1414 1281 1593 1363 αὐτῆς
1637 1280 1809 1363 φύσει
1855 1278 2075 1348 ἄποιος.
2157 1282 2194 1363 ἢ
2248 1280 2354 1342 οὐκ
2409 1278 2528 1343 ἔστι
2584 1278 2790 1342 ταύτὸν
2835 1279 3014 1340 εἰπεῖν

404 1404 464 1449 10
502 1382 593 1446 ἐπ’
669 1384 849 1467 αὐτῆς
922 1384 1061 1447 <οὐκ
1127 1383 1249 1447 ἔστι
1314 1384 1454 1447 ποιὰ
1528 1388 1600 1467 τῇ
1680 1384 1861 1467 αὐτῆς
1928 1381 2117 1467 φόσει’
2191 1384 2285 1444 καὶ
2354 1380 2537 1444 “ἔστιν
2597 1381 2664 1444 οὐ
2731 1382 2870 1443 ποια
2937 1384 3011 1463 τῇ

504 1488 681 1569 αὐτῆς
740 1486 930 1571 φόσει’
994 1489 1058 1550 τὸ
1127 1488 1230 1569 μὲν
1293 1488 1400 1571 γὰρ
1458 1485 1640 1550 εἔστιν
1710 1486 1777 1548 οὐ
1845 1485 1984 1548 ποιὰ
2045 1490 2119 1567 τῇ
2189 1486 2369 1569 αὑτῆς
2434 1481 2630 1569 φύσει’
2696 1487 3016 1567 κατάφασις
3046 1500 3098 1541 15

506 1589 651 1653 οὖσα
694 1592 732 1672 ἡ
779 1591 845 1653 ἐκ
892 1590 1264 1673 μεταθέσεως
1310 1590 1617 1673 λεγομένη,
1662 1589 1699 1671 ἢ
1750 1587 1873 1651 ἴσον
1921 1590 2156 1652 δύναται
2199 1594 2271 1670 τῇ
2318 1590 2611 1672 στερήσει,
2665 1590 2729 1651 τὸ
2776 1585 2825 1650 δ’
2874 1585 3012 1649 <οὐκ

505 1691 625 1756 ἔστι
701 1698 775 1776 τῇ
844 1694 1024 1775 αὑτῆς
1086 1693 1256 1775 φύσει
1327 1691 1497 1755 ποιοί’
1564 1690 1884 1775 ἀπόφασις,
1963 1694 2088 1775 ἥτις
2154 1691 2346 1754 οὐκέτι
2413 1690 2536 1753 ἴσον
2601 1696 2674 1773 τῇ
2746 1690 3012 1773 στερήσει

504 1796 755 1870 δύναται,
802 1796 836 1858 ὅ
881 1796 1032 1859 ἐστιν
1079 1797 1174 1858 ἐπὶ
1221 1801 1325 1877 τῆς
1372 1797 1512 1877 ὕλης
1558 1795 1797 1879 ἀληθές.
1868 1820 1906 1877 η
1951 1794 2062 1879 γὰρ
2108 1794 2506 1878 ἐπιτηδειότης
2551 1819 2586 1877 η
2635 1793 2777 1876 πρός
2819 1816 2871 1855 τι
2918 1816 3012 1873 με·

406 1921 463 1968 15
502 1899 637 1969 ταξὸ
684 1900 907 1962 ἐκείνου
954 1923 1015 1961 τε
1068 1901 1163 1963 καὶ
1218 1905 1324 1981 τῆς
1380 1900 1715 1982 στερήσεως
1760 1897 1960 1971 αὐτοῦ,
2019 1899 2070 1959 εἰ
2124 1899 2217 1960 καὶ
2264 1896 2350 1960 ὅτι
2400 1899 2646 1977 μάλιστα
2703 1901 2789 1980 τῷ
2842 1897 2901 1958 ἐν
2959 1890 3094 1979 osuio

500 2006 647 2067 ἐστιν
704 2028 741 2085 η
798 2002 1195 2087 ἐπιτηδειότης
1254 2002 1535 2065 ἀδύνατον
1590 2000 1736 2063 εἶναι
1791 2003 1978 2085 χωρὶς
2035 2000 2298 2083 θατέρου.
2393 2000 2460 2063 οὐ
2507 2000 2613 2083 γὰρ
2661 1998 2866 2061 ταύτὸν
2895 1997 3005 2081 ,εἴη

501 2105 893 2189 ἐπιτηδειότης
936 2110 1012 2188 τῇ
1062 2108 1357 2188 στερήσει·
1424 2130 1461 2187 η
1511 2105 1613 2185 μὲν
1659 2104 1768 2187 γὰρ
1815 2103 2110 2185 ὑπομένει,
2159 2107 2240 2172 ὡς
2285 2104 2642 2187 προείρηται,
2691 2104 2728 2185 ἡ
2777 2104 2840 2164 δὲ
2887 2100 3008 2164 στέ·

500 2232 662 2293 ρησις
715 2194 1030 2294 φθείρεται.
1121 2210 1207 2271 διὸ
1254 2210 1319 2271 τὸ
1369 2210 1470 2291 μὲν
1528 2208 1607 2290 μὴ
1674 2206 1819 2269 εἶναι
1867 2208 2034 2269 ποιὰν
2090 2206 2150 2268 ἐν
2198 2211 2270 2289 τῇ
2317 2206 2488 2289 φύσει
2535 2205 2744 2289 αὐτῆς,
2813 2203 3086 2267 οὐκέτιεό

501 2314 565 2374 δὲ
616 2314 711 2376 καὶ
767 2314 830 2375 τὸ
884 2312 1106 2375 ἄποιον.
1199 2310 1607 2395 Ἀριστοτέλης
1666 2310 1724 2371 ἐν
1782 2312 2000 2393 πρώτῳ
2053 2316 2168 2371 τῶν
2219 2308 2520 2393 Προτέρων
2579 2309 2938 2371 ἀναλυτικῶν
2990 2306 2996 2389 Ι

390 2434 460 2480 *20
498 2416 626 2499 περὶ
680 2420 795 2477 τῶν
839 2414 1272 2498 προειρημένων
1337 2413 1491 2475 οὕτω
1545 2412 1725 2495 λέγει·
1794 2410 1828 2436 “
1848 2412 2111 2495 διαφέρει
2167 2412 2230 2475 δέ
2284 2436 2338 2473 τι
2385 2411 2525 2493 [ὅτι]
2580 2411 2640 2473 ἐν
2696 2414 2781 2495 τῷ
2837 2434 3005 2472 κατα·
3045 2416 3114 2472 99

496 2519 793 2588 σκευάζειν
860 2518 931 2601 <ἢ
1002 2516 1449 2601 ἀνασκευάζειν)
1516 2518 1581 2579 τὸ
1657 2516 2086 2599 ὑπολαμβάνειν
2157 2516 2195 2597 ἢ
2265 2514 2467 2577 ταύτὸν
2537 2515 2574 2597 ἢ
2645 2513 2838 2597 ἕτερον
2904 2533 3002 2595 ση-

499 2622 713 2701 μαίνειν
767 2622 831 2683 τὸ
893 2621 973 2703 μὴ
1029 2619 1172 2682 εἶναι
1238 2618 1387 2701 [καὶ]
1443 2618 1577 2681 τόδε
1643 2618 1737 2680 καὶ
1794 2616 1942 2679 εἶναι
2011 2618 2092 2701 μὴ
2153 2622 2351 2691 τοῦτο,
2419 2618 2540 2680 οἷον
2594 2618 2658 2679 τὸ
2723 2618 2803 2700 μὴ
2860 2614 3005 2677 εἶναι
3059 2630 3088 2673 ὅ

496 2724 703 2785 λευκὸν
777 2729 861 2807 τῷ
937 2723 1081 2785 εἶναι
1158 2723 1238 2804 μὴ
1322 2720 1551 2783 λευκόν.
1658 2720 1724 2782 οὐ
1800 2719 1908 2802 γὰρ
1986 2720 2188 2783 ταύτὸν
2266 2721 2560 2804 σημαίνει,
2644 2718 2766 2781 οὐδ’
2853 2717 3003 2782 ἔστιν

498 2826 789 2911 ἀπόφασις
862 2831 963 2889 τοῦ
1018 2825 1161 2888 εἶναι
1232 2826 1439 2887 λευκὸν
1518 2822 1608 2905 (τὸ
1676 2822 1819 2885 εἶναι
1876 2824 1958 2905 μὴ
2036 2823 2269 2899 λευκόν,
2354 2824 2502 2887 ἀλλὰ
2568 2824 2632 2885 τὸ
2701 2824 2782 2905 μὴ
2859 2822 3003 2884 εἶναι

390 2950 457 2997 25
496 2927 795 3013 λευκόν>”.
888 2926 1011 2991 ἔστι
1062 2929 1127 2989 δὲ
1172 2928 1383 3009 λέγειν,
1438 2924 1525 2988 ὅτι
1578 2926 1630 2987 εἰ
1685 2926 1780 2987 καὶ
1836 2924 1924 2987 ὅτι
1983 2926 2231 3008 μάλιστα
2285 2927 2504 3011 ἀληθὲς
2555 2926 2651 2987 ἐπὶ
2705 2931 2807 3007 τῆς
2862 2926 3001 3008 ὕλης

496 3036 561 3095 τὸ
615 3038 687 3113 τῇ
756 3033 936 3115 αὐτῆς
1002 3030 1171 3113 φύσει
1227 3030 1428 3093 ἄποιον
1496 3028 1676 3111 αὐτὴν
1746 3026 1920 3101 εἶναι,
1987 3028 2104 3091 ἀλλ’
2169 3030 2274 3093 οὐκ
2339 3030 2398 3091 ἐν
2465 3034 2538 3112 τῇ
2607 3030 2759 3112 αὐτῇ
2829 3028 2997 3111 οὐσία
3029 3046 3080 3087 ιο

495 3138 675 3219 αὐτῆς
738 3139 935 3208 τοῦτο,
1012 3134 1161 3196 ἀλλὰ
1240 3132 1601 3217 συμβέβηκεν
1678 3130 1866 3213 αὐτῇ,
1947 3132 2142 3215 ὥσπερ
2211 3131 2350 3194 ποτὲ
2417 3133 2510 3193 καὶ
2577 3134 2641 3193 τὸ
2719 3132 2997 3215 ποιότητα

494 3237 679 3323 ἔχειν,
745 3242 827 3306 ὡς
875 3238 967 3300 καὶ
1024 3242 1107 3321 τῷ
1158 3238 1455 3319 ἀνθρώπῳ
1512 3236 1608 3296 καὶ
1663 3236 1725 3296 τὸ
1781 3233 2040 3317 ἄμουσον
2096 3237 2192 3298 καὶ
2240 3234 2540 3317 μουσικόν,
2605 3237 2698 3297 καὶ
2744 3237 2774 3298 ὃ
2821 3238 2998 3319 κηρὸς

492 3343 557 3403 δὲ
614 3342 1051 3425 ἀσχημάτιστος
1108 3341 1187 3402 ὢν
1241 3344 1315 3421 τῇ
1374 3339 1552 3400 αὑτοῦ
1606 3338 1775 3421 φύσει
1840 3337 2339 3422 σχηματιζόμενος
2393 3338 2460 3401 οὐ
2515 3339 2844 3422 φθείρεται,
2910 3338 2994 3401 ὅτι
3026 3356 3078 3398 15

383 3463 453 3512 30
491 3445 647 3527 μένει
689 3446 878 3527 τούτῳ
923 3445 986 3505 τὸ
1034 3448 1200 3527 κηρῷ
1248 3441 1412 3503 εἶναι.

378 3738 411 3788 4
467 3736 521 3787 ἐν
565 3732 921 3804 τιςῖ-αὒτῶν
969 3732 1067 3785 del.
1113 3730 1209 3783 V2':
1268 3732 1385 3783 exh.
1426 3734 1581 3785 GFS:
1638 3747 1737 3783 om.
1785 3736 1863 3783 Ba
1910 3737 2024 3799 Sp.:
2085 3734 2136 3784 ἐν
2181 3750 2275 3785 τινι
2321 3732 2491 3785 αὐτῶν
2539 3739 2688 3786 notat
2737 3734 2932 3787 lineola
2978 3738 3098 3789 sub-

378 3825 536 3876 ducta
571 3822 633 3875 S²
843 3820 875 3873 5
914 3818 1157 3871 ἀπόλλυσι
1192 3819 1513 3873 v²GBS²Ha
1550 3821 1666 3886 Sp.:
1706 3818 1926 3871 πολλοὺς
1962 3819 1988 3871 ὁ
2027 3822 2204 3871 V¹FS¹
2419 3821 2448 3871 6
2487 3821 2706 3873 fortasse
2745 3820 2982 3875 δ”)νασθαι
3018 3824 3098 3887 (τὸ

376 3908 625 3980 γενέσθαι)
803 3926 899 3959 που
948 3906 1078 3975 τῶν]
1134 3906 1331 3958 τουτων
1370 3910 1457 3974 Sp.
1678 3906 1872 3975 ὁποῖον]
1921 3906 1978 3959 οὺ
2027 3908 2170 3960 ποιὸν
2213 3912 2324 3973 Sp.:
2384 3908 2442 3960 οὺ
2491 3917 2634 3962 ποῖον
2673 3911 2834 3962 ’Ἧι-ιι
2891 3911 2949 3963 οὺ
2988 3914 3098 3981 γάρ,

376 3998 453 4050 ὅτι
488 3998 647 4060 ποιόν,
688 3996 827 4048 Diels
1042 3994 1071 4045 7
1117 3992 1149 4063 ἢ
1190 3994 1231 4045 εἰ
1270 3996 1385 4061 Sp.:
1433 4013 1505 4064 ειη
1547 3996 1623 4046 sic
1663 3999 1726 4045 V:
1783 3994 1858 4063 εἴη
1901 3998 2106 4048 FSHB:
2154 3996 2196 4046 εἰ
2237 3999 2306 4049 G:
2354 3996 2396 4047 εἰ
2433 3995 2506 4065 εἴη
2546 4014 2577 4048 a
2789 3998 2820 4049 8
2860 3998 2916 4051 οὒ
2955 3998 3095 4051 ποιὸν

375 4090 492 4152 Sp.:
532 4084 701 4136 ὁποῖον
738 4083 860 4136 libri
1038 4083 1473 4151 ἐπὶ-ποιότητος
1520 4084 1928 4151 circumscripsit
1963 4084 2222 4134 Schwartz
2405 4084 2467 4134 12
2504 4084 2560 4153 ἢ]
2601 4086 2631 4153 ἡ
2673 4103 2727 4135 a:
2767 4087 2797 4155 ἡ
2839 4087 2971 4138 vict.

382 4174 442 4225 15
480 4171 577 4241 τῷ]
616 4171 673 4223 τὸ
715 4173 849 4223 Viet.
888 4174 976 4237 Sp.
1160 4172 1221 4223 lG
1262 4170 1363 4233 (ἂν)
1401 4170 1475 4239 εἴη
1516 4172 1649 4221 coni.
1678 4174 1793 4236 Sp.:
1834 4172 2152 4239 {JSchwartz
2325 4172 2385 4223 19
2425 4173 2475 4223 ἐν
2515 4173 2704 4242 πρώτῳ
2743 4182 2847 4225 τῶν
2889 4172 2978 4245 Hp.
3018 4174 3090 4243 ἀ.]

376 4261 526 4313 Anal.
565 4277 641 4327 pr.
668 4260 709 4323 1,
734 4258 987 4311 46.511›5
1212 4259 1279 4310 20
1324 4256 1398 4310 ὅτι
1436 4259 1534 4309 del.
1578 4260 1711 4311 Vict.
1752 4262 1839 4325 Sp.
2075 4260 2134 4311 21
2179 4259 2209 4328 ἢ
2250 4261 2602 4321 ἀνασκευάζειν
2641 4263 2758 4313 add.
2803 4264 2935 4314 vict.
2975 4280 3088 4315 cum

374 4348 653 4401 Aristotele
869 4346 934 4397 22
990 4348 1243 4415 σημαίνειν
1282 4350 1370 4413 Sp.
1410 4364 1473 4398 ex
1514 4348 1688 4399 Arist.:
1752 4347 1980 4418 σημαίνει
2032 4348 2062 4415 ἢ
2105 4348 2224 4399 libri
2441 4366 2515 4415 pr.
2555 4351 2641 4401 καὶ
2679 4351 2777 4402 del.
2818 4356 2932 4417 Sp.:
2992 4367 3090 4402 om.

374 4438 535 4488 Arist.
784 4434 891 4487 τοδὶ
939 4436 1096 4486 Arist.
1401 4436 1521 4486 εἶναι
1569 4434 1638 4503 μὴ
1688 4440 1837 4486 τοῦτο
1889 4436 2074 4487 Arist.:
2132 4435 2202 4503 μὴ
2249 4436 2368 4486 εἶναι
2415 4442 2563 4488 τοῦτο
2617 4441 2882 4489 VFGBH:
2941 4442 3089 4489 τοῦτο

370 4526 443 4593 μὴ
481 4524 603 4577 εἶναι
638 4526 735 4577 Sa:
771 4523 895 4576 εἶναι
934 4524 1003 4593 μὴ
1044 4524 1154 4575 τόδε
1181 4525 1315 4575 Vict.
1354 4526 1443 4589 Sp.
1660 4524 1727 4574 23
1765 4520 1877 4574 οὐδ’
1921 4522 2054 4575 Vi‘et.
2096 4539 2209 4575 cum
2251 4525 2410 4575 Arist.
2438 4528 2552 4587 Sp.:
2595 4523 2651 4575 οὒ
2689 4526 2779 4593 γὰρ
2811 4528 3019 4575 VFSBu

372 4613 453 4663 24.
492 4611 559 4664 25
614 4612 671 4665 τὸ
711 4611 1103 4664 εἶναι-λευκὸν
1149 4612 1280 4663 Vict.
1320 4612 1434 4663 add.
1476 4628 1588 4663 cum
1635 4613 1791 4664 Arist.
1974 4612 2039 4662 *2ss
2077 4610 2210 4681 αὐτῇ
2247 4612 2344 4663 del.
2388 4614 2518 4665 vict.
2697 4614 2764 4664 2²8
2799 4611 2879 4681 τὸ]
2919 4616 2992 4683 τῷ
3033 4630 3085 4664 a:

376 4716 473 4753 om.
514 4702 647 4754 Vict.
686 4704 777 4766 Sp.
