3684 5567
590 256 625 294 1
1754 251 2148 305 PRAEFATIO

590 425 923 491 doctrinae
967 426 1282 509 particula
1325 424 1758 491 adumbratur.
1826 424 2281 490 concludemus
2323 423 2518 507 igitur
2561 445 2688 489 non
2733 424 2940 489 solum
2971 423 3293 505 librorum,

591 545 707 609 sed
739 545 933 610 etiam
966 552 1449 629 praeceptorum
1480 544 2029 625 Aristotelicorum
2061 544 2412 609 summaria
2455 544 2771 626 ἐπιδρομὰς
2801 542 3036 607 vocari.
3121 543 3288 625 quod

590 683 781 747 quam
828 670 1001 729 recte
1044 665 1411 729 conclusum
1458 664 1559 747 sit,
1604 664 1913 747 probatur
1957 662 2170 747 capite
2193 663 2376 728 XXV
2422 662 2758 727 moralium
2803 660 3292 745 problematum,

592 783 697 847 ubi
739 782 951 849 brevis
996 784 1295 848 virtutum
1350 782 1699 849 secundum
1730 782 2143 847 Aristotelem
2173 781 2518 865 descriptio
2557 780 2681 845 hoc
2717 780 2976 847 nomine
3005 781 3292 847 traditur.

591 903 782 968 latius
826 902 1017 985 igitur
1059 910 1285 986 patere
1328 902 1497 967 banc
1540 902 2019 987 inscriptionem
2051 903 2262 974 λέξεων
2298 902 2566 985 ἐξήγησις
2611 902 2708 965 καὶ
2751 900 3059 985 ἐπιδρομή,
3103 922 3292 985 quam

590 1042 671 1087 ex
710 1029 1014 1087 accurata
1056 1021 1397 1087 verborum
1441 1021 1974 1107 interpretatione
2003 1022 2276 1105 videtur,
2322 1020 2569 1085 sciebat
2597 1019 2770 1085 illius
2798 1020 3022 1087 scholii
3053 1029 3292 1087 auctor.

590 1141 890 1207 videlicet
956 1141 1243 1223 magistri
1312 1149 1411 1206 est
1474 1140 1807 1227 discipulis
1875 1163 2004 1208 non
2069 1144 2275 1208 solum
2343 1138 2596 1221 singula
2661 1140 2862 1205 verba
2927 1140 3290 1225 philosophi

592 1261 997 1345 interpretari
1030 1261 1137 1327 vel
1180 1260 1505 1344 explicare
1550 1261 2032 1346 dispositionem
2067 1282 2328 1349 operum
2376 1258 2948 1344 Aristotelicorum,
2991 1260 3108 1326 sed
3152 1259 3296 1344 ipsa

590 1382 831 1465 placita
873 1380 1085 1446 lucide
1130 1400 1471 1466 exponere.

760 1499 959 1582 Igitur
1003 1520 1089 1565 ex·
1128 1500 1243 1565 tali
1297 1499 1677 1565 collectione
1728 1521 1858 1566 non
1911 1503 2117 1567 solum
2172 1498 2519 1566 verisimile
2583 1506 2684 1563 est
2739 1499 3080 1582 provenire
3124 1500 3208 1583 II,
3232 1501 3290 1565 2.

590 1621 693 1684 24.
720 1620 822 1684 26.
864 1620 1065 1703 111,7.
1091 1621 1163 1701 93
1212 1618 1422 1703 11,27.
1470 1620 1668 1703 111,3.
1699 1623 1795 1685 10.
1832 1622 1930 1701 14,
1983 1620 2102 1685 sed
2153 1627 2368 1704 potest
2419 1618 2612 1683 etiam
2657 1617 2817 1682 illud
2871 1625 2938 1683 et
2981 1617 3296 1684 brevitate

587 1746 653 1803 et
705 1738 1163 1822 perspicuitate
1232 1739 1558 1803 excellens
1625 1739 1741 1821 1,2
1806 1739 2136 1823 discipulis
2201 1738 2533 1804 dictitasse
2586 1738 2974 1804 Alexander.
3061 1737 3297 1803 similia

585 1866 800 1923 autem
856 1865 1005 1923 sunt
1058 1859 1110 1941 I,
1137 1860 1193 1921 l.
1218 1859 1277 1921 3.
1310 1857 1408 1921 18.
1436 1858 1531 1922 19.
1580 1858 1663 1943 11,
1692 1861 1747 1923 1.
1777 1860 1876 1924 10.
1907 1860 2006 1924 15.
2034 1860 2134 1924 17.
2163 1860 2259 1923 18.
2307 1858 2423 1938 ΙΙΙ,
2449 1860 2507 1922 8.
2537 1860 2644 1933 11,
2697 1856 2927 1941 quibus
2981 1856 3293 1937 omnibus,

590 1979 643 2042 si
692 1978 958 2061 singulis
1002 1978 1253 2043 titulum
1298 1976 1666 2059 excogitare
1710 1977 2109 2059 deberemus,
2154 1998 2284 2043 non
2331 1977 2551 2042 liceret
2589 1976 2853 2041 meliore
2881 1976 3157 2043 formula
3185 1978 3296 2059 uti,

589 2117 783 2180 quam
829 2098 961 2181 illa,
1008 2118 1175 2181 quae
1216 2098 1283 2163 in
1327 2098 1531 2181 primo
1578 2098 1789 2181 capite
1834 2097 2125 2163 adhibita
2171 2105 2295 2163 est:
2363 2098 2462 2161 διὰ
2505 2098 2672 2161 τίνων
2717 2096 2787 2161 ἄν
2833 2120 2914 2166 τις
2959 2097 3108 2160 κατὰ
3146 2094 3298 2180 Ἀρι-

586 2217 827 2301 στοτὲλη
894 2220 1178 2303 συστήσαι
1244 2220 1367 2282 κτλ.
1472 2218 1788 2284 accedunt
1834 2218 1884 2302 I,
1913 2219 2011 2284 13.
2080 2219 2164 2302 II,
2193 2219 2289 2283 12.
2320 2220 2420 2301 13,
2475 2237 2642 2299 quae
2697 2215 2926 2281 eadem
2980 2215 3296 2282 brevitate

587 2343 847 2401 utuntur
890 2345 1117 2402 contra
1158 2334 1583 2404 adversarios.

756 2456 905 2522 Noli
950 2476 1103 2522 vero
1151 2457 1413 2523 credere
1460 2457 1622 2523 haec
1667 2456 1885 2521 omnia
1943 2476 2025 2521 ex
2071 2477 2180 2522 ore
2226 2457 2527 2521 dictantis
2569 2455 2905 2540 excepisse
2946 2456 3294 2522 auditores.

586 2596 667 2640 ex
736 2576 951 2641 multis
1018 2597 1209 2641 unam
1274 2577 1448 2642 viam
1515 2577 1816 2662 indicavi,
1883 2596 2013 2659 qua
2075 2576 2354 2642 fortasse
2414 2576 2726 2640 nonnulla
2789 2574 2977 2639 huius
3039 2574 3297 2657 generis

586 2695 803 2778 capita
846 2695 1233 2779 explicanda
1274 2697 1419 2762 sint.
1470 2718 1475 2721 ·
1508 2698 1640 2763 alia
1669 2705 1940 2781 possunt
1967 2696 2331 2779 fragmenta
2361 2714 2504 2760 esse
2537 2696 2881 2761 continuae
2911 2694 3320 2779 scriptionis,-

584 2836 777 2900 quam
829 2815 1199 2881 Alexander
1254 2817 1521 2898 paravit.
1638 2838 1831 2882 unum
1887 2818 2165 2899 denique
2205 2815 2488 2899 (111,12)
2532 2834 2612 2879 ex
2657 2814 2795 2879 eius
2849 2796 3298 2897 generisXesse

574 2936 837 3002 videtur
864 2933 1521 3019 commentationibus,
1554 2940 1779 3020 quales
1809 2938 1876 3002 in
1908 2936 2220 3002 mantissa
2249 2932 2393 2999 libri
2423 2932 2506 2998 de
2537 2933 2755 2998 anima
2785 2934 3097 3001 collectae
3125 2942 3296 3017 sunt,

584 3057 735 3121 olim
777 3056 1053 3120 fortasse
1097 3056 1443 3137 separatim
1489 3077 1531 3122 a
1562 3058 1875 3141 scriptore
1905 3056 2198 3123 emissae.
2286 3053 2522 3119 deinde
2552 3052 2676 3119 hoc
2706 3054 3134 3137 reputandum
3169 3058 3296 3119 est:

584 3183 653 3261 ut
697 3176 949 3243 illarum
996 3174 1443 3240 collectionum
1488 3176 1859 3241 auctoribus
1902 3182 2161 3259 praeter
2204 3172 2637 3257 chirographa
2683 3172 3142 3257 discipulorum
3186 3194 3298 3257 pa-

585 3294 785 3359 tuisse
830 3292 1163 3377 probabile
1208 3301 1305 3358 est
1348 3294 1583 3360 scrinia
1626 3293 2014 3379 philosophi,
2061 3294 2155 3358 ita
2184 3294 2362 3377 ipsas
2397 3293 2747 3359 Alexandri
2779 3293 3056 3360 schedas
3083 3293 3298 3358 inesse

584 3414 649 3478 in
696 3412 1193 3491 Quaestionibus
1238 3421 1480 3479 certum
1526 3420 1643 3479 est.

755 3534 894 3598 Hoc
940 3539 1119 3616 patet
1162 3552 1243 3597 ex
1286 3539 1515 3615 quarto
1560 3532 1940 3617 scriptorum
1985 3552 2244 3615 genere,
2289 3552 2371 3597 ex
2415 3553 2540 3615 quo
2573 3530 3001 3609 Quaestiones
3045 3553 3296 3618 compo-

584 3654 749 3719 sitae
795 3661 963 3737 sunt,
1008 3652 1438 3734 fragmenta
1480 3650 1645 3716 dico.
1736 3652 1924 3717 huius
1969 3652 2136 3718 enim
2181 3672 2376 3716 unum
2421 3661 2663 3718 eertum
2695 3658 2874 3719 extat
2917 3660 2982 3718 et
3019 3652 3295 3717 maxime

585 3773 873 3839 notabile
920 3772 1281 3857 exemplum
1328 3770 1411 3853 11,
1434 3772 1539 3835 21.
1627 3770 1878 3837 initium
1925 3772 2045 3838 hoc
2091 3779 2190 3837 est
2233 3771 2474 3854 dialogi
2519 3772 2602 3837 de
2635 3771 3059 3855 providentia,
3105 3791 3294 3854 quem

584 3893 842 3978 publico
890 3892 1030 3957 usui
1076 3899 1248 3957 certe
1293 3890 1643 3956 destinavit
1687 3899 1931 3975 auctor,
1977 3890 2094 3956 sed
2138 3910 2268 3956 non
2310 3890 2596 3973 perfecit.
2665 3891 2770 3973 qui
2805 3890 2910 3955 ubi
2955 3890 3019 3955 in
3065 3912 3143 3956 eo
3175 3897 3294 3975 est,

583 4020 654 4078 ut
699 4019 923 4078 contra
966 4011 1356 4095 Platonicos,
1402 4010 1555 4093 quid
1600 4011 1983 4077 Aristoteles
2027 4010 2110 4075 de
2150 4008 2560 4093 providentia
2601 4009 2942 4093 censuerit,
2996 4008 3292 4094 explicet,

582 4132 819 4199 desinit
860 4132 1307 4214 fragmentum,
1375 4116 1612 4213 in‘quo
1658 4168 1740 4178 —
1787 4137 1857 4195 ut
1899 4150 2068 4195 nunc
2127 4134 2225 4193 est
2281 4166 2362 4174 —
2415 4128 2838 4212 examinatur,
2891 4134 3102 4194 utrum
3157 4129 3293 4195 iure

583 4274 665 4318 an
712 4252 943 4317 iniuria
974 4256 1339 4335 quaeratur,
1384 4250 1439 4312 εἰ
1481 4252 1519 4334 ἡ
1566 4250 1805 4335 πρόνοια
1849 4248 2296 4335 προηγουμένως
2341 4249 2379 4331 ἢ
2427 4246 2574 4311 κατὰ
2619 4248 3002 4335 συμβεβηκός.
3093 4249 3295 4314 verba

582 4372 797 4456 igitur,
842 4389 1007 4455 quae
1052 4368 1199 4433 huic
1244 4367 1437 4452 capiti
1486 4372 1885 4454 praescripta
1929 4378 2095 4451 sunt,
2139 4368 2499 4450 fragmento
2535 4368 2864 4449 praemisit
2893 4368 3120 4452 editor,
3162 4389 3292 4433 non

579 4492 909 4577 inscriptio
944 4496 1092 4555 sunt
1122 4488 1382 4572 dialogi,
1428 4509 1617 4573 quem
1648 4488 2022 4555 Alexander
2057 4487 2406 4570 scripturus
2445 4493 2605 4551 erat.
2691 4492 3030 4571 praeterea
3059 4508 3290 4553 moneo

582 4632 663 4677 ex
710 4611 832 4676 hoc
873 4611 1232 4693 fragmento
1288 4608 1597 4691 originem
1652 4608 1914 4673 duxisse
1958 4606 2258 4689 ineptias,
2326 4605 2554 4689 quibus
2607 4606 2838 4689 aliquis
2905 4605 3092 4691 primi
3148 4607 3291 4671 libri

582 4738 776 4815 caput
822 4732 906 4795 14
947 4729 1255 4813 implevit.
1347 4726 1643 4793 conferas
1689 4727 1859 4792 enim
1903 4727 2064 4810 1,14
2108 4746 2252 4791 cum
2297 4725 2593 4809 70,2—7.

751 4849 1003 4915 Deinde
1046 4848 1410 4931 fragmenta
1453 4866 1598 4912 esse
1641 4847 1914 4911 alterum
1973 4846 2055 4911 de
2115 4846 2322 4929 prima
2375 4846 2658 4910 essentia
2699 4844 3156 4933 (39,9-40‚9),
3203 4847 3292 4911 al-
