3684 5567
1350 259 1629 317 ΒΙΒΛῙΟΝ
1668 258 2030 315 ΔΕΥἸῈΡΟΝ
2081 261 2279 312 18—‘20
3086 257 3167 319 63

556 438 711 521 παρὰ
757 444 858 522 τῆς
905 438 997 499 διὰ
1041 439 1105 499 τὸ
1155 438 1362 520 θνητὸν
1420 437 1744 504 ἀσθενείας.
1829 437 1917 498 διὸ
1965 435 2270 516 κινούμενα
2325 438 2591 517 συνεχῶς
2649 431 2795 493 κατὰ
2854 430 2956 511 τὴν
3003 429 3062 490 ἐν

554 540 749 608 αὐτοῖς
802 541 969 625 φύσιν
1026 542 1120 603 διὰ
1165 547 1269 623 τῆς
1324 542 1383 603 ἐν
1440 547 1511 622 τῇ
1570 540 1790 622 κινήσει
1855 545 2034 622 μονῆς
2089 541 2192 620 τὴν
2247 536 2468 599 ἐκείνου
2527 540 2784 616 μιμεῖται
2839 535 3053 596 στάσιν.

556 644 643 706 ὅτι
688 643 738 706 δ’
794 645 863 708 οὐ
908 646 973 707 τὸ
1020 648 1303 707 κινεῖσθαι
1345 643 1539 725 μόνον,
1586 643 1733 705 ἀλλὰ
1779 644 1878 705 καὶ
1923 643 1987 704 τὸ
2031 646 2250 725 συνεχῆ
2297 664 2360 702 τε
2405 640 2500 701 καὶ
2549 640 2728 701 ἀίδιον
2775 634 3058 701 κινεῖσθαι
3113 649 3140 689 ὖ

557 747 774 830 κίνησιν
820 748 967 811 κατὰ
1010 747 1179 830 φύσιν
1226 747 1451 816 αὐτοῖς,
1514 747 1762 809 δείκνυσι
1818 746 1914 808 καὶ
1960 746 2023 807 τὸ
2071 750 2278 829 σχῆμα
2333 740 2494 827 ἔχειν
2549 740 2695 803 αὐτὰ
2743 739 3060 823 σφαιρικὸν,

484 870 514 918 5
554 848 679 913 ἐπεὶ
733 852 798 912 τὸ
855 852 959 932 μὲν
1014 849 1245 935 ἄριστόν
1300 874 1364 912 τε
1419 852 1514 912 καὶ
1569 848 1922 912 τελειότατον
1975 854 2090 910 τῶν
2149 848 2470 931 σχημάτων
2531 849 2615 928 τῷ
2673 845 2890 927 ἀρίστῳ
2945 846 3060 903 τῶν

554 956 842 1035 σωμάτων
888 955 1037 1017 κατὰ
1080 954 1277 1038 φύσιν,
1334 959 1417 1037 τῷ
1468 955 1531 1015 δὲ
1576 952 1819 1035 τοιούτῳ
1875 952 2137 1035 σχήματι
2187 950 2343 1033 παρὰ
2389 949 2556 1032 φύσιν
2602 948 2639 1029 ἢ
2689 948 2914 1013 στάσις·
2973 944 3060 1005 διὸ
3091 959 3144 1001 10

558 1056 694 1119 οὐδὲ
740 1058 906 1141 βάσιν
952 1055 1079 1141 ἔχει
1126 1057 1250 1119 τινὰ
1294 1055 1431 1119 καθ’
1486 1058 1555 1139 ἢν
1603 1058 1893 1138 στήσεται.

556 1298 719 1361 ΧΙΧ.
804 1295 951 1363 Ὅτι
1008 1298 1133 1383 (εἰ)
1189 1300 1219 1361 6
1268 1298 1529 1381 κόσμος
1584 1298 1809 1366 ἀίδιος
1865 1300 2040 1371 ἐστι,
2105 1297 2179 1358 τὸ
2233 1296 2304 1358 δὲ
2346 1297 2588 1378 κόσμῳ
2643 1292 2822 1355 εἶναι
2873 1291 3059 1370 αὐτῷ

668 1403 705 1484 ἡ
753 1402 939 1471 τάξις
986 1403 1199 1472 ἐστίν,
1245 1401 1355 1487 εἴη
1404 1402 1480 1465 ἂν
1528 1402 1597 1465 ἐν
1642 1408 1723 1484 τῇ
1774 1402 2004 1480 οἰκείᾳ
2050 1400 2254 1482 οὐσίᾳ
2300 1398 2508 1461 αὐτοῦ
2557 1398 2670 1459 καὶ
2716 1402 2940 1459 τοῦτο.

461 1578 523 1623 10
732 1556 803 1621 Εἰ
848 1559 879 1621 6
926 1561 1144 1641 κόσμος
1190 1560 1369 1626 ἀίδιος
1424 1564 1497 1642 τῇ
1548 1560 1756 1621 ἑαυτοῦ
1802 1559 1999 1642 φύσει,
2056 1558 2120 1619 τὸ
2167 1558 2232 1619 δὲ
2277 1556 2480 1639 κόσμῳ
2536 1554 2686 1617 εἶναί
2725 1555 2846 1617 ἐστι
2892 1554 2954 1615 τὸ
3001 1551 3061 1613 ἐν
3091 1568 3143 1611 15

554 1664 752 1744 τοιᾷδε
804 1662 959 1730 τάξει
1013 1662 1163 1725 εἶναί
1214 1686 1347 1729 τινι,
1402 1663 1494 1745 εἴη
1552 1662 1619 1726 ἂν
1674 1666 1768 1726 καὶ
1825 1665 1928 1746 τὴν
1984 1663 2134 1731 τάξιν
2192 1659 2350 1744 παρὰ
2406 1665 2507 1741 τῆς
2563 1659 2772 1720 ἑαυτοῦ
2830 1657 3060 1740 φύσεως

552 1762 731 1849 ἔχων.
812 1766 865 1827 εἰ
911 1767 973 1827 δὲ
1003 1770 1195 1835 τοῦτο,
1240 1764 1372 1828 οὔτε
1418 1768 1561 1849 πρὸς
1606 1768 1669 1828 τὸ
1702 1765 1846 1829 εἶναι
1891 1764 2025 1828 οὔτε
2066 1767 2208 1849 πρὸς
2251 1766 2356 1847 τὴν
2403 1762 2554 1831 τάξιν
2601 1762 2670 1845 ἣν
2703 1760 2832 1846 ἔχει
2877 1758 3050 1823 δέοιτ’

560 1866 630 1930 ἂν
684 1872 786 1931 τοῦ
840 1872 1283 1951 προνοήσαντος.
1374 1870 1523 1932 ἀλλὰ
1581 1870 1696 1951 μὴν
1744 1874 1857 1931 πᾶν
1915 1870 1980 1931 τὸ
2027 1872 2306 1953 προνοοϋν
2361 1868 2398 1949 ἢ
2442 1871 2546 1929 τοῦ
2591 1865 2734 1928 εἶναι
2779 1864 2895 1948 <τὸ>
2928 1888 3061 1947 προ-

551 1970 862 2052 νοούμενον
908 1977 1143 2055 προνοεῖ
1185 1973 1223 2055 ἢ
1270 1976 1370 2034 τοῦ
1419 1970 1483 2035 εὖ
1530 1972 1701 2043 εἶναι,
1759 1974 1840 2035 ὧν
1896 1974 2038 2056 πρὸς
2095 1972 2408 2055 μηδέτερον
2463 1972 2732 2051 δεόμενος
2779 1973 2878 2031 τοῦ
2924 1990 3054 2049 προ·
3082 1984 3140 2025 2⁰

455 2094 515 2141 15
553 2074 865 2156 νοήσοντος
917 2076 947 2137 6
1002 2076 1221 2157 κόσμος
1281 2074 1403 2137 οὐδ’
1460 2075 1530 2139 ἂν
1585 2081 1888 2161 προνοοῖτο
1944 2078 2113 2144 ὅλως.
2213 2077 2251 2158 ἢ
2308 2080 2421 2143 πᾶς
2477 2076 2579 2156 μὲν
2636 2075 2666 2136 6
2723 2072 2939 2152 κόσμος
2993 2070 3060 2132 οὐ

554 2178 739 2240 δεῖταί
780 2190 928 2247 τινος
972 2179 1428 2262 προνοήσαντος,
1484 2178 1617 2243 οὔτε
1663 2181 1804 2264 πρὸς
1861 2181 1925 2242 τὸ
1971 2179 2145 2256 εἶναι,
2202 2178 2334 2242 οὔτε
2377 2179 2518 2264 πρὸς
2563 2180 2628 2241 τὸ
2673 2176 2738 2240 εὖ
2785 2176 2958 2247 εἶναι,
3013 2176 3050 2257 ἡ

552 2282 617 2343 δὲ
646 2282 917 2364 γινομένη
966 2281 1205 2365 πρόνοια
1249 2283 1309 2345 ἐν
1348 2288 1433 2367 τῷ
1466 2284 1671 2367 κόσμῳ
1717 2285 1927 2366 γίνεται
1971 2283 2182 2367 μέρους
2228 2283 2330 2365 μέν
2371 2306 2520 2351 τινος
2566 2282 2625 2344 ἐν
2659 2287 2742 2366 τῷ
2794 2281 2800 2364 Ι
2852 2281 3057 2363 κόσμῳ
3088 2292 3143 2334 25

556 2390 963 2467 προνοοῦντος,
1021 2388 1231 2469 μέρους
1275 2385 1339 2448 δέ
1394 2410 1541 2455 τινος
1591 2388 2036 2470 προνοουμένου.
2131 2386 2265 2451 ὅσον
2315 2388 2418 2468 μὲν
2475 2386 2582 2469 γὰρ
2637 2385 2813 2447 αὐτοῦ
2860 2390 3033 2464 σῶμα
3079 2388 3166 2445 118

556 2487 831 2569 ἀγένητόν
877 2512 941 2550 τε
970 2490 1066 2551 καὶ
1098 2488 1395 2574 ἄφθαρτον
1428 2490 1567 2563 ἐστι,
1613 2491 1708 2552 καὶ
1754 2491 1847 2552 ἀεὶ
1881 2490 2028 2552 κατὰ
2073 2491 2174 2572 τὴν
2208 2489 2385 2550 αὑτοῦ
2433 2489 2602 2571 φύσιν
2643 2510 2704 2548 τε
2737 2488 2830 2549 καὶ
2862 2486 3058 2570 ψυχὴν

446 2610 516 2657 20
555 2590 931 2672 τεταγμένον,
994 2592 1090 2654 καὶ
1133 2594 1237 2674 τὴν
1282 2594 1461 2655 αὑτοῦ
1514 2594 1735 2676 κίνησιν
1781 2593 2110 2674 κινούμενον
2159 2593 2358 2675 ἐφέσει
2415 2593 2716 2674 μιμήσεως
2761 2595 2862 2654 τοῦ
2911 2592 3062 2673 πρώ-
3115 2605 3144 2647 5

552 2716 652 2755 του
698 2696 863 2767 θεοῦ,
910 2694 1064 2756 τοῦτ’
1107 2695 1272 2757 οὐδὲν
1319 2698 1499 2758 δεῖται
1543 2700 1643 2758 τοῦ
1691 2699 2132 2780 προνοήσοντος,
2180 2696 2240 2757 ἐν
2281 2701 2356 2779 τῇ
2405 2695 2586 2777 οἰκείᾳ
2633 2693 2800 2777 φύσει
2847 2693 2950 2775 τήν
2997 2715 3056 2755 τε

554 2795 703 2859 κατὰ
748 2798 811 2859 τὸ
858 2796 1005 2861 εἶναι
1058 2799 1155 2860 καὶ
1199 2800 1300 2881 τὴν
1349 2800 1491 2862 κατὰ
1548 2802 1611 2860 τὸ
1670 2797 1735 2862 εὖ
1790 2800 1936 2861 εἶναι
1986 2822 2047 2861 τε
2085 2799 2320 2881 ειότητα
2363 2795 2534 2881 ἔχον,
2591 2796 2726 2860 ’ὅσον
2773 2798 2836 2859 δὲ
2873 2796 3057 2857 ,αὐτοῦ

554 2896 787 2981 γενητόν
832 2922 895 2961 τε
939 2902 1034 2963 καὶ
1080 2902 1339 2984 φθαρτὸν
1386 2903 1479 2963 καὶ
1530 2908 1632 2985 τῆς
1680 2900 1813 2985 παρ’
1856 2902 2034 2964 ἄλλου
2083 2902 2358 2985 βοηθείας
2395 2899 2665 2983 δεόμενον
2712 2902 2855 2983 πρός
2900 2922 2962 2961 τε
2992 2900 3058 2961 τὸ
3087 2916 3142 2956 ιο

558 3000 703 3064 εἶναι
746 3003 842 3063 καὶ
874 3004 1018 3085 πρὸς
1060 3004 1163 3085 τὴν
1198 3003 1290 3066 διὰ
1335 3010 1439 3086 τῆς
1482 3004 1760 3067 εὐτάκτου
1809 3007 2134 3089 μεταβολῆς
2179 3002 2303 3067 κατ’
2346 3003 2499 3071 εἶδος
2532 3001 2849 3085 ἀιδιότητα,
2895 3001 3048 3065 τοῦτ’

447 3124 517 3171 25
556 3104 678 3167 ἐστὶ
722 3104 787 3165 τὸ
836 3105 1259 3188 προνοούμενον
1305 3108 1417 3169 ὑπὸ
1464 3113 1567 3190 τῆς
1611 3112 1711 3169 τοῦ
1762 3108 1923 3169 θείου
1972 3108 2187 3191 μέρους
2231 3112 2332 3170 τοῦ
2377 3106 2599 3189 κόσμου
2645 3109 2928 3191 κινήσεως
2973 3106 3060 3167 εὑ-

555 3208 765 3270 τάκτου
827 3209 921 3269 καὶ
980 3214 1150 3278 ποιᾶς
1194 3210 1459 3294 σχέσεως
1502 3214 1646 3295 πρὸς
1692 3211 1833 3273 αὐτὸ
1881 3214 2341 3295 κυβερνώμενον·
2412 3208 2575 3293 [ὑφ’]
2625 3210 2713 3292 ἥς,
2773 3209 2866 3294 ἐφ’
2925 3210 3060 3272 ὅσον
3090 3226 3140 3267 15

559 3309 854 3393 ἐνδέχεται
900 3312 1109 3394 θνητόν
1144 3336 1195 3375 τι
1241 3311 1323 3389 ὅν,
1372 3314 1617 3397 μετέχον
1666 3315 1902 3386 τάξεως,
1950 3313 2084 3398 παρ’
2128 3314 2360 3376 ἐκείνων
2406 3314 2586 3395 αὐτῆς
2617 3314 2899 3397 τυγχάνον
2948 3312 3047 3395 [δι’

558 3412 763 3496 αὐτῆς]
811 3416 1087 3495 φυλάσσει
1134 3414 1206 3477 δι’
1263 3416 1443 3499 αὐτῆς
1488 3419 1592 3499 τὴν
1638 3416 1762 3479 κατ’
1818 3417 1971 3485 εἶδος
2017 3417 2364 3500 ἀφθαρσίαν.

558 3654 691 3718 XX.
804 3654 957 3725 Πῶς
1019 3660 1094 3720 τὸ
1150 3660 1585 3742 μεταβάλλον
1642 3658 1743 3727 εἴς
1800 3683 1862 3722 τι
1915 3658 2065 3722 καθ’
2132 3660 2209 3743 ἣν
2265 3656 2419 3744 ἔχει

2473 3659 2792 3741 δύναμιν,
2863 3662 3066 3742 τηρεῖ

449 3777 521 3826 30
706 3759 827 3840 τὴν
874 3759 1159 3841 δύναμιν
1204 3765 1315 3825 καὶ
1364 3762 1534 3846 μετὰ
1581 3763 1653 3825 τὸ
1702 3764 2194 3847 μεταβάλλειν,
2241 3763 2340 3831 εἰς
2385 3762 2416 3824 ὃ
2465 3785 2546 3844 με

2559 3762 2908 3845 τέβαλλεν.
3088 3778 3144 3819 2⁰

728 3916 865 3985 Πῶς
910 3918 974 3980 τὸ
1024 3918 1381 4003 μεταβάλλον
1427 3917 1509 3986 εἴς
1553 3942 1605 3981 τι
1649 3924 1731 4003 τῷ
1767 3920 2003 3999 δύναμιν
2050 3916 2207 4003 ἔχειν
2254 3920 2362 4002 πρὸ
2409 3923 2510 3981 τοῦ
2552 3920 2927 4003 μεταβάλλειν
2975 3918 3058 3987 εἷς

558 4019 699 4081 αὐτὸ
754 4025 859 4103 τῆς
902 4020 983 4089 εἷς
1027 4021 1168 4083 αὐτὸ
1225 4022 1548 4105 μεταβολῆς
1601 4020 1894 4105 [κινεῖται]
1951 4026 2118 4105 τηρεῖ
2180 4021 2296 4106 [τε]
2351 4024 2455 4105 τὴν
2511 4022 2746 4102 ’δύναμιν
2800 4022 2903 4103 τὴν
2959 4026 3061 4083 τοῦ

556 4122 813 4204 γίνεσθαι
872 4124 1057 4187 ἐκεῖνο
1111 4126 1279 4187 πάλιν
1336 4125 1394 4193 ἐξ
1450 4124 1516 4187 οὗ
1566 4124 1939 4210 μετέβαλλεν;
2011 4127 2104 4187 καὶ
2155 4126 2365 4207 γίνεται
2421 4127 2589 4187 πάλιν
2638 4126 2845 4200 ἐκεῖνο,
2898 4129 2904 4211 Ι
2955 4129 3036 4195 ὡς
3081 4132 3165 4188 119

452 4354 485 4405 2
524 4354 685 4426 μόνης
720 4371 751 4407 a
928 4355 961 4407 8
999 4356 1042 4407 εἰ
1078 4356 1192 4408 add.
1221 4357 1291 4408 13²
1326 4360 1433 4411 tab.
1470 4357 1557 4425 Sp.
1743 4359 1800 4409 ll
1842 4376 1936 4409 τινι
1972 4363 2094 4410 ante
2130 4356 2264 4417 τάξει
2302 4358 2480 4410 colloc.
2521 4374 2552 4409 a
2586 4360 2675 4425 Sp.
2861 4358 2921 4409 13
2957 4359 3169 4427 προνοή-

452 4458 631 4500 σαντος
666 4460 715 4493 v.
742 4458 786 4495 c.
809 4445 1025 4497 VSGFa
1050 4444 1165 4513 Sp.:
1204 4446 1570 4515 προνοήσοντοσ
1597 4447 1711 4498 V'B
1887 4446 1948 4497 13
1986 4446 2042 4498 τὸ
2069 4446 2184 4498 add.
2215 4446 2302 4513 Sp.
2471 4447 2531 4498 14
2571 4453 2772 4514 προνοεῖ
2795 4446 2907 4514 Sp.:
2947 4454 3167 4515 προνοεῖ·

450 4549 533 4582 ται
572 4531 689 4583 libri
874 4532 933 4584 16
984 4533 1349 4601 προνοήσοντος
1387 4552 1419 4585 a
1455 4534 1545 4601 Sp.
1731 4535 1791 4585 19
1830 4539 1881 4585 et
1919 4534 1986 4585 20
2025 4534 2178 4585 αὑτοῦ
2218 4539 2262 4584 V
2445 4534 2505 4585 ‘21
2565 4533 2704 4585 θείου
2743 4536 2877 4586 coni.
2906 4535 2992 4600 Sp.

454 4618 521 4670 ⁵26
576 4619 698 4689 ποιᾷ
744 4620 904 4692 σχέσει
940 4622 1031 4689 Sp.
1212 4620 1335 4674 αὐτὸ
1379 4622 1492 4689 Sp.:
1550 4621 1703 4675 αὐτοῦ
1752 4624 1870 4674 libri
2052 4618 2141 4691 ὑφ’
2184 4622 2350 4673 delevi
2531 4622 2595 4673 27
2635 4623 2720 4673 καὶ
2757 4619 2877 4693 παρ’
2930 4624 3062 4674 vict.

456 4706 538 4757 27.
580 4706 647 4757 28
696 4703 763 4758 δι’
804 4708 959 4779 αὐτῆς
997 4710 1093 4762 del.
1134 4708 1275 4764 S²B²
1312 4725 1410 4762 om.
1451 4728 1483 4762 a
1520 4714 1607 4777 Sp.
1788 4711 1856 4762 30
1903 4710 2086 4775 (01233)
2124 4710 2392 4779 μετέβαλεν
2430 4726 2461 4761 a
2497 4712 2583 4775 Sp.
2762 4710 2827 4761 32
2876 4719 3081 4763 κινεῖται
3119 4716 3171 4762 et

453 4812 507 4846 τε
546 4795 644 4847 del.
683 4798 771 4863 Sp.
948 4797 1015 4849 33
1053 4796 1272 4867 γίνεσθαι
1309 4800 1520 4866 scripsi:
1559 4798 1797 4851 δΰνασθαι
1838 4799 1951 4852 libri
2122 4798 2264 4850 πάλιν
2303 4799 2508 4865 scripsi:
2547 4803 2644 4849 πᾶν
2683 4798 2799 4849 libri
2967 4799 3052 4848 καὶ
3094 4796 3164 4867 γί-

455 4881 625 4934 νεσθαι
676 4884 807 4936 vict.
851 4886 937 4954 Sp.
1119 4888 1327 4953 signum
1368 4888 1543 4938 interr.
1584 4889 1733 4955 posui
1775 4894 1888 4955 pest
1929 4884 2245 4955 μετέβαλλεν,
2287 4890 2403 4953 post
2444 4886 2607 4938 ἐκεῖνο
2648 4886 2767 4937 libri
