3684 5567
479 254 562 318 22
1205 251 1664 309 ΑΛΕΞΑΝΔΡΟΥ
1701 250 2010 308 ΑΠΟΡΙΩΝ
2050 250 2173 308 ΚΑΙ
2210 249 2477 308 ΛΥΣΕΩΝ

591 425 672 506 μὴ
733 427 948 510 κυρίως
999 425 1116 510 <ὅν·
1171 427 1235 488 τὸ
1281 427 1389 511 γὰρ
1437 425 1542 510 ὡς)
1596 427 1760 509 γένος
1805 431 1959 510 ζῷον
2004 425 2355 512 βουλόμενος
2410 428 2673 510 δηλῶσαι
2727 423 3093 508 προσέθηκεν

587 531 672 611 τῷ
723 525 862 613 ζῴῳ
909 530 973 591 τὸ
1020 529 1296 604 καθόλου,
1343 530 1524 592 εἰπὼν
1573 529 1645 592 τὸ
1700 529 1823 613 γὰρ
1882 533 2064 614 ζῷον
2116 529 2191 591 τὸ
2246 528 2575 592 καθόλου.
2662 524 2821 589 τοῦτ’
2875 524 2974 589 οὖν
3028 526 3094 588 τὸ
3124 541 3179 584 ιο

590 633 672 698 ὡς
715 631 877 711 γένος
923 635 1075 714 ζῷον
1123 631 1252 713 ἤτοι
1296 630 1464 694 οὐδέν
1511 631 1684 707 ἐστιν,
1731 631 1858 694 ἐπεὶ
1906 633 1987 714 μὴ
2018 630 2189 715 φόσιν
2220 630 2347 694 τινὰ
2377 630 2593 694 οἰκείαν
2626 629 2911 712 σημαίνει,
2956 625 3083 690 ἀλλ’

591 729 746 794 ἔστιν
794 735 1123 816 σύμπτωμα
1167 734 1266 797 ἐπί
1305 757 1409 795 τινι
1440 733 1735 816 γινόμενον
1780 736 2091 818 πράγματι,
2139 733 2177 816 ἢ
2224 733 2276 795 εἰ
2317 733 2415 795 καὶ
2458 733 2525 796 τὸ
2569 732 2751 799 οὕτως
2797 729 2861 793 δν
2907 727 2971 792 ὄν
3014 751 3097 797 τις

516 854 546 903 5
585 835 764 917 λέγοι,
813 837 1049 920 ὕστερον
1096 834 1258 900 ἔσται
1303 835 1525 898 ἐκείνου
1572 831 1622 918 ᾧ
1674 835 1947 920 ὑπάρχει.
2011 837 2106 899 δεῖ
2142 835 2255 920 γὰρ
2299 835 2443 898 εἶναι
2488 838 2719 918 πρῶτον
2762 833 2829 894 τὸ
2860 835 3097 914 πρᾶγμα
3124 845 3176 890 1⁸

586 943 689 1000 τοῦ
749 938 1182 1024 συμβεβηκότος
1240 935 1427 1023 αὐτῷ.
1519 935 1606 999 ὅτι
1659 939 1725 1000 δὲ
1779 938 2017 1022 ὕστερον
2069 941 2171 1000 τοῦ
2227 937 2591 1022 πράγματος,
2648 936 2843 1019 δῆλον.
2934 931 3093 1016 ζῴου

595 1040 698 1122 μὲν
746 1041 856 1125 γὰρ
903 1039 1064 1109 ὄντος
1111 1039 1218 1103 οὐκ
1261 1040 1484 1122 ἀνάγκη
1529 1040 1594 1102 τὸ
1641 1043 1724 1108 ὥς
1765 1040 1929 1122 γένος
1975 1043 2131 1122 ζῷον
2170 1038 2317 1101 εἶναι
2359 1039 2623 1120 (δύναται
2650 1036 2758 1119 γὰρ
2788 1037 2933 1120 πρὸς
2962 1034 3097 1098 ὑπό-

593 1141 752 1204 θεσιν
799 1143 894 1204 καὶ
941 1141 1002 1204 ἕν
1047 1166 1100 1205 τι
1145 1147 1300 1225 ζῷον
1345 1141 1512 1216 εἶναι,
1558 1141 1686 1203 ἐπεὶ
1733 1139 1854 1224 [τὸ]
1904 1141 1986 1223 μὴ
2032 1141 2092 1203 ἐν
2139 1145 2211 1224 τῇ
2260 1141 2428 1224 οὐσίᾳ
2472 1139 2653 1203 αὐτοῦ
2690 1140 2757 1204 τὸ
2786 1137 3097 1219 καθόλου),

591 1245 643 1306 εἰ
689 1245 754 1307 δὲ
797 1243 892 1326 εἴη
935 1245 1002 1306 τὸ
1049 1247 1133 1312 ὡς
1175 1243 1339 1325 γένος
1385 1248 1560 1328 ζῷον,
1607 1245 1828 1326 ἀνάγκη
1874 1243 1971 1305 καὶ
2016 1243 2082 1306 τὸ
2130 1247 2281 1326 ζῷον
2320 1241 2486 1306 εἶναι.
2554 1243 2651 1304 καὶ
2682 1239 3099 1324 ἀναιρουμένης
3122 1255 3179 1297 ω

487 1365 548 1412 10
589 1347 696 1428 μὲν
752 1345 950 1414 οὐσίας
1005 1346 1278 1429 ἐμψύχου
1332 1347 1681 1428 αἰσθητικῆς
1733 1342 1855 1407 οὐδ’
1906 1343 1975 1407 ἂν
2030 1345 2097 1407 τὸ
2153 1348 2232 1414 ὡς
2284 1345 2448 1426 γένος
2500 1347 2653 1428 ζῷον
2698 1342 2791 1428 εἴη
2845 1342 2943 1426 (οὐ
2988 1341 3097 1426 γὰρ

591 1449 712 1512 οἷόν
767 1471 832 1510 τε
887 1449 952 1510 τὸ
1011 1449 1091 1530 μὴ
1149 1447 1212 1510 ὃν
1267 1447 1326 1509 ἐν
1382 1449 1635 1511 πλείοσιν
1689 1446 1894 1530 εἶναι),
1960 1447 2011 1509 εἰ
2066 1447 2262 1530 μέντοι
2312 1447 2647 1531 ἀναιρεθείη
2698 1447 2765 1508 τὸ
2812 1449 2893 1515 ὡς
2935 1445 3097 1528 γένος

587 1553 760 1634 ζῷον,
807 1548 912 1611 οὐκ
958 1549 1180 1630 ἀνάγκη
1228 1549 1324 1612 καὶ
1355 1549 1458 1632 τὴν
1492 1548 1689 1612 οὐσίαν
1735 1547 2003 1632 ἔμψυχον
2048 1550 2394 1633 αἰσθητικὴν
2440 1549 2799 1633 ἀνῃρῆσθαι·
2848 1545 2943 1630 εἴη
2986 1546 3094 1629 γὰρ
3121 1561 3177 1604 ει

587 1651 655 1714 ἂν
705 1655 786 1720 ὡς
829 1651 992 1714 εἶπον
1039 1651 1134 1712 καὶ
1183 1650 1242 1712 ἐν
1289 1649 1392 1724 ἑνί,
1437 1651 1531 1712 καὶ
1576 1647 1697 1712 ἔστι
1743 1650 1838 1714 διὰ
1871 1650 2028 1714 ταῦτ’
2072 1649 2373 1733 εἰρημένον
2411 1647 2419 1736 Ι
2451 1653 2527 1715 τὸ
2571 1651 2611 1734 ἢ
2656 1648 2860 1714 οὐδέν
2906 1649 3093 1714 ἐστιν
3128 1655 3201 1712 47

585 1755 623 1836 ἢ
683 1756 993 1835 ὕστερον.
1095 1752 1328 1834 ὕστερον
1385 1748 1436 1814 δ’
1496 1751 1559 1814 ὃν
1615 1755 1716 1814 τοῦ
1765 1753 2105 1836 πράγματος
2164 1746 2214 1837 ᾧ
2275 1754 2673 1840 συμβέβηκεν,
2726 1754 2899 1815 πάλιν
2952 1753 3095 1814 αὐτὸ

484 1877 545 1926 15
589 1861 817 1940 πρῶτον
866 1857 1116 1918 ἑκάστου
1162 1860 1279 1917 τῶν
1327 1854 1411 1939 (ἐν
1459 1853 1622 1938 μέρει
1667 1853 1791 1938 καὶ)
1837 1853 1934 1916 ὑπ’
1990 1854 2130 1918 αὐτὸ
2176 1856 2423 1936 γίνεται,
2478 1856 2620 1920 διότι
2676 1858 2743 1919 τὸ
2796 1857 2899 1938 μὲν
2944 1855 3094 1938 γένει

585 1959 737 2022 εἶναί
775 1959 925 2022 ἐστιν
972 1958 1032 2019 ἐν
1075 1962 1160 2041 τῷ
1209 1959 1357 2020 κατὰ
1402 1960 1638 2020 πολλῶν
1695 1957 1793 2021 καὶ
1839 1955 2232 2041 διαφερόντων
2276 1959 2757 2044 κατηγορεῖσθαι,
2814 1959 2879 2021 τὸ
2926 1956 2978 2022 δ’
3036 1957 3096 2020 ἐν
3148 1974 3177 2016 ε

585 2063 748 2146 μέρει
801 2061 952 2123 εἶναί
991 2061 1114 2124 ἐστι
1169 2061 1235 2123 τὸ
1291 2059 1436 2141 μετὰ
1491 2063 1724 2123 πολλῶν
1779 2059 1924 2122 εἶναι
1980 2059 2079 2144 ὑφ’
2136 2060 2198 2122 ἕν
2255 2085 2305 2124 τι
2361 2062 2398 2144 ἢ
2452 2062 2617 2144 γένος
2658 2062 2697 2144 ἢ
2744 2061 2918 2130 εἶδος.
3006 2061 3095 2124 διὸ

584 2163 990 2246 ἀναιρουμένῳ
1037 2164 1142 2245 μὲν
1188 2163 1272 2225 ἑνὶ
1317 2169 1433 2226 τῶν
1480 2164 1592 2226 ὑπὸ
1639 2162 1705 2225 τὸ
1749 2164 1939 2226 κοινὸν
1994 2163 2063 2226 οὐ
2108 2169 2533 2248 συναναιρεῖται
2578 2165 2643 2226 τὸ
2690 2163 2901 2238 κοινόν,
2949 2163 3091 2226 διότι

585 2266 738 2329 ἐστὶν
783 2267 844 2328 ἐν
890 2268 1175 2328 πλείοσιν·
1221 2266 1275 2327 εἰ
1319 2263 1366 2328 δ’
1425 2266 1757 2349 ἀναιρεθείη
1804 2267 1871 2329 τὸ
1919 2265 2127 2338 κοινόν,
2172 2264 2296 2330 οὐδ’
2351 2266 2419 2329 ἂν
2466 2273 2584 2330 τῶν
2630 2267 2743 2329 ὑπὸ
2788 2267 2855 2329 τὸ
2901 2265 3090 2328 κοινὸν
3122 2281 3176 2323 ιο

478 2389 545 2436 20
579 2365 674 2452 εἴη
725 2391 796 2443 τι,
843 2367 930 2436 οἷς
973 2367 1039 2429 τὸ
1083 2366 1228 2430 εἶναι
1273 2368 1334 2430 ὲν
1379 2373 1464 2452 τῷ
1512 2367 1702 2432 ἐκεῖνο
1750 2366 1911 2453 ἔχειν
1956 2369 2017 2430 ἐν
2064 2370 2283 2438 αὑτοῖς.

579 2609 714 2674 XIb.
810 2603 1104 2691 [Ἄλλως
1149 2608 1222 2669 τὸ
1269 2606 1437 2670 αὐτὸ
1484 2607 2030 2690 ἐπιμελέστερον
2076 2611 2558 2696 τεταγμένον.]

751 2775 1044 2861 Ἐζητεῖτο
1101 2783 1228 2846 πῶς
1289 2775 1519 2862 εἴρηκεν
1584 2779 1644 2841 ἐν
1697 2783 1785 2862 τῷ
1839 2790 1879 2842 ᾶ
1926 2779 2065 2861 Περὶ
2128 2785 2324 2864 ψυχῆς
2374 2779 2777 2866 Ἀριστοτέλης
2838 2781 2914 2842 τὸ
2972 2780 3097 2864 γὰρ
3125 2795 3179 2838 1⁵

585 2887 762 2965 ζῷον
817 2883 891 2944 τὸ
949 2879 1261 2944 καθόλου
1328 2881 1481 2966 ἤτοι
1543 2881 1744 2944 οὐδέν
1805 2883 1994 2944 ἐστιν
2055 2883 2092 2966 ἢ
2150 2884 2459 2968 ὕστερον.
2558 2882 2643 2946 ὅτι
2700 2884 2805 2965 μὲν
2860 2883 3096 2946 δύναται

585 2983 1001 3067 παραδείγματι
1046 2988 1132 3068 τῷ
1182 2981 1328 3068 ζῴῳ
1372 2985 1702 3068 κεχρῆσθαι
1749 2991 1865 3047 τῶν
1910 2985 2010 3047 ἐπὶ
2055 2992 2159 3070 τῆς
2190 2991 2389 3072 ψυχῆς
2435 2987 2533 3050 καὶ
2577 2991 2692 3049 τῶν
2739 2987 2895 3050 οὕτω
2940 2988 3099 3067 λεγο-

479 3105 543 3152 25
585 3085 772 3168 μένων
819 3086 1077 3148 καθόλου
1134 3089 1218 3156 ὡς
1261 3088 1327 3149 τὸ
1373 3093 1603 3169 πρῶτον
1659 3085 1819 3172 ἔχειν
1878 3090 1975 3150 καὶ
2034 3089 2331 3170 δεύτερον,
2390 3087 2745 3173 βουλόμενος
2800 3092 2929 3157 πῶς
2972 3085 3099 3172 ἔχει

585 3188 793 3261 δεῖξαι,
848 3187 1075 3271 εἴρηταί
1127 3211 1223 3267 μοι
1269 3189 1330 3251 ἐν
1384 3193 1468 3272 τῷ
1527 3190 1608 3258 εἰς
1663 3191 1850 3252 ἐκεῖνο
1904 3191 1968 3253 τὸ
2016 3191 2232 3274 βιβλίον
2280 3191 2675 3274 ὑπομνήματι.
2762 3191 2944 3253 εἰπὼν
2988 3189 3095 3274 γὰρ
3124 3205 3181 3248 ω

587 3289 674 3352 ὅτι
719 3291 839 3374 χρὴ
887 3291 1264 3375 εὐλαβεῖσθαι
1309 3289 1597 3355 ἄσκεπτον
1642 3296 1977 3355 καταλιπεῖν
2032 3295 2097 3355 τὸ
2144 3292 2385 3374 πότερον
2440 3299 2527 3377 τῷ
2572 3291 2716 3356 εἴδει
2762 3293 2935 3376 μόνον
2982 3293 3099 3356 δια·

591 3391 864 3475 φέρουσιν
911 3395 1182 3475 ἀλλήλων
1229 3396 1290 3456 αἱ
1335 3397 1519 3479 ψυχαὶ
1565 3395 1604 3478 ἢ
1651 3397 1747 3458 καὶ
1791 3401 1879 3480 τῷ
1922 3395 2103 3477 γένει·
2169 3397 2223 3459 εἰ
2263 3397 2371 3481 γὰρ
2417 3400 2587 3460 τοῦτο
2632 3395 2983 3480 διορισθείη,
3029 3393 3097 3458 οὐ

588 3491 797 3576 λήσεθ’
853 3495 1039 3577 ἡμᾶς,
1095 3494 1337 3580 πότερον
1385 3498 1468 3566 εἷς
1511 3521 1593 3566 τις
1647 3497 1816 3580 λόγος
1863 3503 2059 3583 ψυχῆς
2110 3497 2301 3567 κοινός
2354 3521 2417 3560 τε
2467 3499 2563 3561 καὶ
2606 3497 2847 3581 γενικός.
2936 3500 2989 3562 εἰ
3034 3499 3099 3562 δὲ
3126 3515 3179 3558 2⁶

487 3787 506 3837 1
553 3784 647 3855 μὴ]
689 3790 780 3853 μὲν
817 3803 850 3837 a
1026 3785 1083 3838 ὃν
1118 3786 1177 3839 τὸ
1214 3789 1307 3859 γὰρ
1345 3787 1415 3845 ὡς
1452 3789 1569 3840 add.
1612 3787 1822 3842 v²BS²a
1864 3789 1951 3854 Sp.
2002 3794 2053 3839 et
2093 3805 2136 3838 v.
2166 3787 2294 3853 24,3
2489 3785 2803 3860 προύθηκεν
2840 3807 2871 3840 a
3064 3787 3095 3841 2
3133 3789 3210 3858 τῷ

483 3873 710 3924 καθόλου
747 3891 778 3923 a
942 3874 974 3926 8
1013 3874 1118 3926 ἐπεὶ
1156 3877 1270 3926 V²B
1311 3881 1358 3926 et
1399 3891 1444 3924 v.
1473 3875 1629 3940 24‚5:
1671 3877 1776 3927 ἐπεὶ
1813 3875 1873 3928 τὸ
1893 3879 2177 3929 v·GFSLa
2355 3875 2386 3928 9
2423 3875 2467 3928 tl
2504 3873 2555 3928 δὲ
2596 3873 2671 3946 εἴη
2707 3875 2766 3928 τὸ
2805 3875 2876 3933 ὡς
2916 3873 3033 3928 V²B
3070 3877 3207 3928 vict.

485 3960 645 4024 (vict.
676 3959 790 4011 fort.
817 3958 896 4028 εἴη
933 3960 991 4028 ἢ)
1021 3961 1108 4027 Sp.
1137 3969 1187 4013 et
1225 3977 1270 4012 v.
1300 3961 1478 4024 24³0:
1519 3961 1617 4014 ἔδει
1654 3963 1684 4031 ἢ
1712 3963 1770 4014 τὸ
1797 3964 1878 4029 (το
1902 3965 1992 4028 V')
2034 3963 2105 4020 ὡς
2130 3965 2417 4016 v¹GFSLa
2568 3964 2629 4015 10
2664 3963 2961 4033 αἰσθητικοῦ
2987 3963 3139 4017 FS'L

485 4045 674 4098 οἴονται
715 4049 780 4096 V'
821 4050 970 4110 (corr.
1001 4049 1090 4110 Ψ)
1267 4047 1327 4099 13
1382 4047 1462 4100 διὰ
1499 4045 1644 4100 τοῦτ’
1685 4053 1819 4102 coni.
1860 4051 1950 4117 Sp.
1990 4051 2055 4102 cf.
2082 4051 2247 4112 24,10
2432 4051 2493 4104 15
2530 4051 2583 4103 ἐν
2620 4051 2757 4120 μέρει
2793 4051 2881 4102 καὶ
2916 4051 3035 4103 add.
3074 4051 3208 4103 vict.

487 4143 538 4184 et
577 4149 622 4182 v.
650 4133 803 4195 24‚17
972 4133 1120 4201 αὐτὸ]
1157 4135 1313 4188 αὐτοῦ
1352 4137 1468 4188 GF¹
1651 4135 1711 4188 18
1755 4137 1814 4188 οὐ
1854 4143 2212 4207 συναναιρεῖται
2248 4137 2383 4190 vict.
2422 4145 2475 4190 et
2510 4154 2557 4188 v.
2588 4137 2769 4200 24,2Οι
2808 4137 2903 4190 οὐκ
2940 4138 3209 4208 ἀναιρεῖται

487 4220 606 4272 libri
775 4221 844 4272 20
882 4219 1046 4278 αὐτοῖς
1075 4226 1136 4272 V:
1180 4222 1375 4281 ἑαυτοῖς
1412 4240 1460 4277 v.
1488 4223 1642 4286 2432
1805 4223 1867 4276 21
1900 4221 2089 4282 Ἄλλως
2116 4223 2253 4294 κτλ.]
2281 4241 2413 4293 quae
2451 4231 2698 4277 secuntur
2734 4224 2799 4276 ad
2836 4227 3047 4278 verbum
3084 4241 3208 4277 con-

489 4320 681 4374 gruunt
723 4323 835 4358 cum
877 4309 1326 4374 antecedentibus,
1363 4311 1398 4363 i.
1427 4329 1470 4363 e.
1510 4310 1907 4374 21‚14-—2·2,·20
1932 4334 1999 4354 =
2036 4312 2357 4377 22,2·2—·26
2394 4323 2441 4365 et
2484 4311 2917 4378 23‚·21—24,·21.
2956 4311 3211 4365 accedunt

491 4393 913 4456 22,·.>6—·23,21,
953 4398 1043 4447 ubi
1084 4399 1378 4449 accuratius
1426 4401 1706 4466 exponitur
1755 4395 1830 4449 ὅτι
1868 4397 2071 4452 δόναται
2118 4400 2476 4471 παραδείγματι
2511 4401 2589 4468 τῷ
2622 4397 2741 4468 ζῴῳ
2780 4396 3061 4470 κεχρῆσθαι
3096 4397 3209 4452 κτλ.

491 4495 593 4547 qua
620 4481 681 4532 de
711 4499 759 4532 re
788 4483 839 4532 in
870 4485 1036 4548 priore
1065 4487 1233 4551 capite
1260 4487 1390 4536 satis
1419 4486 1599 4536 habuit
1629 4489 1693 4538 ad
1723 4487 2149 4538 commentarium
2179 4488 2241 4538 de
2266 4489 2443 4538 anima
2470 4500 2749 4553 provocare
2926 4486 2993 4538 22
3019 4486 3209 4556 εἴρηται

494 4571 704 4620 GFSLa
745 4569 844 4619 vid.
871 4585 899 4618 v
941 4570 1094 4630 21,l4
1273 4572 1562 4643 ἀριστοτέλη
1592 4578 1694 4626 sL:
1735 4573 2038 4638 ἀριστοτέλει
2064 4578 2109 4626 G
2148 4575 2262 4642 Sp.:
2302 4573 2592 4644 ἀριστοτέλῃ
2632 4591 2665 4624 a
2840 4575 2932 4644 γὰρ
2968 4589 3069 4625 om.
3108 4591 3140 4625 a

493 4656 558 4704 23
599 4659 688 4720 μὲν
728 4654 816 4706 οὖν
859 4657 988 4707 x‘ict.
1170 4655 1235 4708 24
1275 4659 1582 4727 παράδειγμά
1618 4679 1666 4712 τι
1702 4679 1734 4712 ε
1910 4666 2015 4712 τῶν
2054 4662 2100 4714 G
2137 4663 2224 4726 Sp.
2263 4676 2312 4711 v·
2336 4661 2529 4724 41‚16=
2572 4659 2631 4712 τὸ
2670 4661 2855 4714 VBS¹:
2904 4659 2963 4712 τὸ
3000 4665 3105 4712 τῶν
3140 4663 3209 4713 Ρι

491 4741 569 4808 τῷ
596 4746 732 4793 &La
917 4745 980 4792 213
1021 4742 1202 4811 εἰπὼν]
1243 4745 1444 4798 402ὺ3.
1501 4748 1879 4815 subintellegas
1915 4745 2078 4805 οὕτως
2116 4746 2325 4818 ἐζήτησε
2506 4747 2571 4801 27
2612 4745 2929 4803 καταλειπεῖν
2964 4747 3041 4819 τῷ
3072 4765 3105 4800 a

495 4828 578 4879 27.
621 4829 686 4880 23
725 4827 1034 4899 διαφέρουσιν
1072 4830 1223 4898 μόνον
1263 4849 1294 4884 a
