3684 5567
1100 238 1146 291 11
1218 239 1306 291 DE
1346 237 1703 292 CODIOIBUS
1740 238 2230 301 QUAESTIONUM
2907 246 3030 285 xvn

255 500 261 517 Ι
320 408 442 475 trio
486 406 729 474 addere
772 408 1055 493 deberet,
1121 428 1321 495 saepe
1365 408 1601 493 haesit3
1668 430 1793 493 quo
1861 410 2096 476 factum
2142 418 2260 495 est,
2327 418 2398 477 ut
2449 431 2569 480 eae
2624 411 3026 496 potissimum

321 548 535 611 vocee,
579 547 745 611 quae
788 528 1049 595 diversa
1078 528 1379 612 prosodia
1422 529 1487 593 in
1520 528 1736 595 varias
1780 529 2078 596 notiones
2121 529 2478 615 discedunt,
2525 539 2594 596 ut
2637 533 2676 618 ἢ
2723 531 2764 618 ᾗ
2810 534 2850 619 ἡ
2895 535 2935 619 ἣ
2985 533 3026 619 ἧ

324 648 429 713 vel
473 647 619 732 αὐτὴ
667 650 813 733 αὕτη
856 648 1033 733 αὐτῇ,
1076 668 1275 732 saepe
1318 656 1431 713 aut
1474 656 1744 714 accentu
1788 657 1902 714 aut
1947 649 2170 734 spiritu
2223 658 2334 715 aut
2387 657 2658 736 utroque
2711 646 3028 719 carerent.

323 788 535 852 pauca
560 768 861 835 delibabo
892 790 974 837 ex
1004 768 1219 834 multis
1252 770 1438 853 14‚36
1483 768 1667 853 19,29
1712 769 1901 853 2123
1946 770 2136 853 29‚28
2182 770 2371 854 30,15
2417 770 2561 850 35,7
2609 772 2798 856 37,12
2840 774 3032 857 4138

322 888 472 971 48,ss
515 889 665 969 50‚4
704 890 895 974 5225
939 889 1130 974 5535
1173 888 1367 972 92‚10
1408 888 1558 971 985>
1605 889 1833 972 110‚22
1880 895 1998 954 etc.

496 1025 749 1093 Deinde
792 1033 1027 1109 autem,
1071 1025 1141 1091 id
1170 1025 1343 1109 quod
1370 1023 1630 1109 gravius
1658 1030 1776 1108 eet,
1823 1038 2288 1108 saepenumero
2335 1026 2429 1092 eis
2460 1025 2597 1093 sive
2641 1028 2855 1093 verbis
2897 1028 3036 1095 sive

325 1145 669 1211 verborum
712 1144 1261 1212 coniunctionibus
1306 1143 1565 1229 spiritus
1594 1153 1660 1211 et
1692 1152 1999 1211 accentus
2029 1146 2259 1212 deesse
2287 1145 2510 1230 voluit,
2555 1166 2722 1231 quae
2764 1157 2878 1214 aut
2907 1171 3036 1216 non

327 1264 644 1331 intellexit
685 1270 798 1330 aut
851 1271 1153 1349 corrupta
1203 1284 1348 1331 0880
1403 1265 1779 1349 plerumque
1845 1272 2018 1331 recte
2080 1265 2440 1350 suspicatus
2509 1272 2626 1331 est.
2713 1267 3038 1351 adponam

326 1383 641 1449 nonnulla
684 1385 987 1469 exempla

773 1538 929 1604 13,18
966 1536 1027 1591 τὸ
1063 1538 1115 1591 δὲ
1150 1538 1289 1607 τόδε]
1327 1538 1385 1593 τὸ
1424 1558 1481 1593 το
1518 1540 1571 1593 δε

766 1626 929 1691 46,13
967 1625 1017 1691 Ρ]
1052 1625 1257 1695 πλασμα
1292 1646 1347 1680 τε

768 1714 853 1777 48,
876 1715 937 1766 14
972 1714 1199 1767 συντελοῖ
1231 1715 1291 1767 ἄν
1326 1714 1399 1783 τι]
1435 1714 1697 1787 ‘teletam-q

769 1802 935 1867 49‚10
972 1801 1087 1872 γῆς]
1123 1822 1183 1855 το
1220 1823 1253 1874 η
1292 1808 1384 1873 γῆς

765 1888 925 1952 50,21
970 1888 1235 1961 διαφοράν]
1279 1890 1509 1963 διαφοραι

771 1976 897 2045 53,7
971 1977 1005 2047 ἡ
1042 1976 1107 2047 el]
1147 1996 1223 2048 ειη

772 2064 936 2131 65,Ιῖ
971 2064 997 2117 Ρ
1034 2072 1237 2137 πρῶτα·
1274 2085 1338 2136 ην

774 2152 899 2217 69,7
974 2152 1007 2222 ἢ
1045 2155 1161 2224 τῆς]
1196 2154 1312 2221 ήτισ

772 2240 895 2304 72,1
973 2240 1029 2293 δ’
1065 2242 1201 2312 εἴπερ
1238 2240 1397 2307 ἔσται]
1434 2240 1487 2294 δὲ
1522 2240 1759 2313 περεσθα(

774 2328 937 2394 73,16
974 2328 1023 2394 Ρ]
1060 2330 1217 2382 καίειν
1255 2348 1315 2382 αν
1353 2328 1513 2383 καίειν

774 2416 938 2482 87,12
974 2416 1063 2487 τὰ]
1097 2419 1163 2470 τὰ
1198 2416 1365 2489 φθορα

746 2505 937 2570 112,36
974 2506 1007 2575 ἢ
1043 2508 1122 2577 τῷ
1155 2508 1318 2576 ἐκτός,
1354 2509 1453 2578 <τῷ’
1491 2508 1580 2575 μὲν
1616 2506 1801 2574 ἐκτός),
1839 2507 1895 2577 ἃ]
1932 2514 2038 2561 τῶν
2073 2508 2280 2561 ἐνεκτοσ
2318 2509 2350 2561 ἃ

508 2650 841 2732 Ingratum
885 2650 1117 2715 editori
1162 2651 1323 2717 talia
1367 2651 1643 2719 officium
1684 2654 2064 2739 impingunt,
2121 2661 2188 2717 ut
2245 2673 2467 2719 omnes
2513 2654 2633 2720 has
2677 2653 3055 2721 0111188101108

340 2768 575 2853 tradat,
622 2770 793 2835 haud
836 2770 1094 2836 nescius
1138 2772 1372 2837 multas
1403 2772 1579 2837 casui
1623 2792 1753 2837 11011
1792 2770 2062 2837 consilio
2093 2771 2333 2839 deberi.
2421 2772 2725 2856 graviora
2752 2773 2945 2857 igitur
2987 2773 3056 2839 in

338 2888 825 2957 adnotationem
870 2888 1103 2974 recepi,
1157 2910 1349 2973 quam
1403 2912 1486 2957 ne
1540 2890 1729 2957 nimis
1777 2911 2130 2973 onerarem,
2184 2891 2432 2974 reliqua
2483 2892 2548 2957 111
2597 2891 3056 2961 Additamento

342 3007 554 3092 priore
598 3010 847 3095 collegi.

516 3131 770 3213 Deinde
814 3148 1121 3214 continua
1172 3147 1487 3232 scriptura
1538 3154 1862 3216 vetustum
1917 3147 2249 3231 exemplar
2301 3146 2606 3231 scriptum
2660 3147 2796 3215 fuit.
2887 3152 3060 3234 quod

342 3266 603 3333 diversa
644 3266 943 3333 vitiorum
988 3285 1231 3350 genera
1273 3267 1528 3350 docent,
1583 3286 1750 3350 quae
1796 3267 2012 3349 omnia
2055 3266 2224 3331 banc
2268 3272 2516 3331 tantum
2561 3267 3058 3351 explicationem

343 3386 711 3451 admittunt.
798 3385 929 3450 iam
972 3386 1221 3470 pridem
1267 3386 1563 3453 restituta
1607 3393 1756 3452 sunt
1800 3386 1965 3453 haec
2008 3385 2393 3451 οὐκαδῦνατον
2439 3385 2518 3450 97
2527 3388 2630 3466 ‚35
2673 3388 3062 3473 ἀλλατήκεται

350 3507 537 3589 114,6
582 3506 1040 3591 ἀποφρονήσεως
1088 3505 1321 3590 128,10
1364 3506 1607 3569 συνεῖδεν.
1654 3506 1883 3589 162,13
1915 3512 2033 3571 etc.
2125 3506 2342 3589 paullo
2376 3506 2646 3573 teotiora
2677 3514 2847 3591 sunt,
2893 3528 3060 3591 quae

347 3628 553 3692 latent
603 3626 722 3691 sub
770 3625 896 3691 his:
962 3625 1014 3689 δ’
1069 3626 1121 3689 εἰ
1164 3624 1377 3708 (legas
1430 3625 1547 3706 δεῖ)
1594 3625 1693 3708 14,
1705 3624 1786 3690 22
1844 3626 2130 3709 ἀνομοίως
2181 3625 2252 3709 (1.
2301 3623 2370 3689 ἂν
2417 3625 2664 3709 ὁμοίως)
2716 3626 2858 3709 26,1
2911 3626 3062 3690 ἀλλὰ

349 3745 675 3831 σύμμετρον
725 3745 800 3828 (l.
856 3743 975 3809 ἀλλ’
1031 3741 1427 3829 ἀσύμμετρον)
1483 3744 1673 3828 31‚15
1728 3746 1895 3809 οὐδὲν
1947 3745 2138 3833 τούτῳ
2193 3744 2263 3829 (l.
2309 3743 2433 3808 οὐδ’
2488 3745 2549 3807 ἐν
2595 3745 2816 3830 τούτῳ)
2867 3746 3061 3829 4232

347 3866 550 3929 τούτου
595 3867 662 3929 τὸ
705 3865 778 3949 (l.
823 3870 927 3929 τοῦ
978 3862 1175 3949 τοῦτο)
1220 3864 1415 3948 66,31
1485 3866 1636 3929 ἀλλὰ
1689 3866 1954 3933 πιθανῶς
1997 3862 2064 3948 (1.
2098 3862 2219 3927 ἀλλ’
2276 3866 2610 3950 ἀπιθάνως)
2666 3864 2897 3949 145,26
2943 3872 3063 3929 etc.

350 3985 610 4071 saepius
655 4004 997 4069 perperam
1028 3982 1308 4050 discreta
1350 4004 1587 4049 novam
1632 3984 1844 4051 labem
1891 3992 2248 4069 traxerunt,
2295 3985 2473 4051 cuius
2504 3984 2760 4068 generis
2805 3984 3061 4050 mendo-

352 4126 492 4170 rum
534 4104 693 4169 satis
736 4123 975 4187 magna
1018 4104 1211 4187 copia
1254 4123 1424 4169 nunc
1468 4110 1716 4170 remota
1759 4112 1878 4190 est,
1933 4103 2050 4169 sed
2095 4109 2342 4170 restare
2387 4110 2542 4189 puto
2589 4122 2758 4187 quae
2803 4122 3064 4169 manum

352 4223 852 4290 emendatricem
897 4228 1257 4306 expectent.
1354 4230 1526 4288 certe
1577 4223 1659 4291 de
1704 4224 1951 4308 origine
2005 4224 2409 4309 corruptelae
2455 4244 2583 4289 non
2632 4222 3067 4289 dubitabitur:

355 4344 501 4425 11,5
555 4342 741 4427 12,16
796 4342 982 4426 16‚18
1034 4340 1309 4419 241128
1363 4342 1551 4425 25,13
1604 4343 1796 4428 3620
1844 4344 2055 4427 40,13.
2082 4344 2159 4409 21
2214 4343 2364 4427 43,6
2422 4344 2564 4427 72,1
2630 4343 2818 4427 73:29
2880 4343 3065 4421 1721

351 4464 560 4548 81,13.
586 4462 669 4528 26
712 4460 903 4546 8502
945 4460 1090 4544 981
1144 4462 1373 4541 10322
1422 4463 1608 4546 105‚3
1657 4463 1884 4547 107‚37
1937 4462 2190 4547 145‚33.

526 4599 898 4666 Uncialibus
964 4618 1155 4683 porro
1214 4597 1443 4665 litteris
1503 4606 1805 4665 exaratus
1871 4598 2070 4666 fuisse
2128 4600 2387 4665 videtur
2451 4598 2562 4664 ille
2624 4598 2801 4664 liber.
2894 4598 3070 4682 quod

356 4720 629 4785 suadent
694 4722 859 4785 tales
916 4718 1145 4785 Veneti
1212 4738 1485 4784 errores:
1570 4725 1683 4782 πᾶν
1745 4719 1957 4802 (legas
2018 4720 2076 4783 τί
2133 4718 2233 4803 ἂν)
2286 4719 2498 4801 66,15
2563 4722 2678 4780 πᾶν
2748 4718 2824 4800 (1.
2870 4718 3075 4801 πάλιν)

357 4840 553 4923 63,33
600 4842 693 4903 δεῖ
730 4840 804 4923 (1.
848 4838 973 4922 ἀεί)
1024 4838 1224 4923 39,13
1274 4838 1424 4901 αὐτοί
1474 4836 1544 4921 (l.
1592 4840 1762 4920 λυτά)
1815 4838 2013 4919 114,9
2075 4837 2155 4903 cf.
2206 4838 2478 4921 196,·23‚
2547 4837 2668 4901 nisi
2739 4836 2899 4902 baec
2967 4856 3077 4902 ve·

465 4964 611 5013 Suppl.
638 4964 770 5003 Arist.
798 4964 841 5003 11
867 4960 895 5003 2
947 4964 1071 5003 Alex.
1101 4964 1261 5013 scripta
1290 4962 1465 5001 minora.
2621 4940 2671 5003 B
