3684 5567
493 184 611 249 152
945 180 1275 252 [ΑΠΟΡΙΩΝ
1314 179 1434 237 ΚΑΙ
1473 180 1735 237 ΛΥΣΕΩΝ
1774 178 2062 239 BIBAION
2100 177 2470 237 TETAPTON
2509 180 2736 250 26—27]

595 355 692 417 τὸν
740 354 861 422 οἷόν
906 381 970 421 τε
1013 356 1192 439 λέγειν
1238 355 1381 420 εἶναι
1426 356 1492 419 τὸ
1537 355 1714 420 καλόν
1760 380 1822 420 τε
1869 357 1965 421 καὶ
2008 358 2114 440 τὴν
2161 353 2405 441 ἡδονήν,
2460 352 2550 440 ἐφ’
2610 356 2690 417 ὧν
2737 356 3089 438 συνυπάρχει
3141 368 3170 413 ὅ

598 482 661 521 τε
705 460 799 522 καὶ
844 460 967 541 ἅμα
1012 460 1162 522 ἐστὶν
1210 458 1499 541 ἀλλήλοις.
1589 460 1639 521 εἰ
1680 459 1793 544 γὰρ
1836 458 1930 545 εἴη
1975 459 2180 524 ταύτὸν
2226 458 2421 527 αὐτοῖς
2463 460 2527 522 τὸ
2571 457 2735 533 εἶναι,
2803 456 3086 541 ἀντιστρέ-

596 584 725 645 φειν
772 562 918 627 αὐτὰ
963 564 1236 646 ἀλλήλοις
1284 562 1537 646 ἀνάγκη,
1600 565 1681 631 ὡς
1725 566 1837 625 πᾶν
1883 564 1948 625 τὸ
1995 562 2169 626 καλὸν
2228 563 2286 625 ἐν
2333 567 2418 646 τῷ
2466 562 2644 624 καλὸν
2695 558 2841 622 εἶναι
2882 560 2981 623 καὶ
3027 559 3090 621 τὸ

600 664 711 745 ἡδὺ
766 664 913 728 εἶναι
970 662 1155 750 ἔχειν,
1216 665 1315 727 καὶ
1368 669 1481 728 πᾶν
1534 664 1598 727 τὸ
1654 666 1765 749 ἡδὺ
1826 665 1951 750 ἅμα
2006 689 2069 729 τε
2119 666 2231 748 ἡδὺ
2285 663 2431 727 εἶναι
2485 664 2582 725 καὶ
2633 661 2828 725 καλόν.
2926 662 2976 723 εἰ
3029 661 3093 725 δὲ
3118 676 3175 720 ιο

529 783 559 834 5
598 768 809 850 ψεῦδος
863 769 928 831 τὸ
984 767 1167 850 λέγειν
1223 772 1414 829 πᾶσαν
1469 768 1682 851 ἡδονὴν
1743 767 1888 831 εἶναι
1941 768 2116 832 καλὸν
2171 771 2255 852 τῷ
2303 766 2481 850 μηδὲν
2528 762 2759 828 ἔλαττον
2805 766 2944 847 ὁρᾶν
2991 762 3092 833 τὰς

606 868 820 951 ἡδονὰς
871 870 1171 952 γινομένας
1230 869 1321 933 ἐπ’
1388 870 1656 954 αἰσχραῖς
1717 870 2052 954 ἐνεργείαις,
2115 868 2239 934 οὐδ’
2308 869 2374 932 ἂν
2431 870 2491 931 αἱ
2552 868 2646 931 ἐπὶ
2708 873 2832 937 ταῖς
2893 870 3094 937 καλαῖς

604 970 910 1055 ἐνεργείαις
955 974 1157 1056 ἡδοναὶ
1199 975 1489 1057 γινόμεναι
1539 974 1598 1035 αἱ
1645 972 1811 1037 αὐταὶ
1859 972 1972 1036 εἶεν
2019 978 2142 1041 ταῖς
2197 971 2290 1055 ἐφ’
2345 972 2436 1041 αἷς
2478 970 2720 1053 γίνονται
2765 970 3091 1054 ἐνεργείαις.
3121 985 3174 1028 15

602 1072 821 1157 τὸγὰρ
868 1076 1016 1159 ὁμοῦ
1072 1076 1173 1157 μὲν
1220 1075 1403 1158 λέγειν
1458 1074 1560 1145 τὰς
1612 1077 1823 1160 ἡδονὰς
1875 1074 2022 1139 εἶναι
2081 1074 2257 1157 μόνας
2310 1071 2378 1137 δι’
2437 1073 2615 1141 αὑτὰς
2659 1075 2916 1158 αἱρετάς,
2977 1077 3092 1135 τῶν

602 1172 654 1237 δ’
710 1174 905 1240 ἄλλων
950 1178 1194 1262 αἱρετῶν
1240 1176 1481 1242 ἕκαστον
1528 1177 1621 1263 ἐφ’
1679 1178 1815 1243 ὅσον
1861 1178 1945 1247 εἰς
1989 1178 2206 1261 ἡδονήν
2253 1201 2305 1240 τι
2351 1180 2638 1251 συντελεῖ,
2683 1176 2777 1239 ἐπὶ
2823 1180 3094 1240 τοσοῦτον

499 1298 563 1345 10
600 1280 696 1342 καὶ
739 1280 805 1343 τὸ
850 1281 1077 1364 αἱρετὸν
1124 1278 1301 1365 ἔχειν,
1349 1282 1496 1363 ὁμοῦ
1543 1283 1607 1345 δὲ
1650 1282 1715 1343 τὸ
1763 1281 1865 1363 μὲν
1913 1282 2086 1344 καλὸν
2117 1281 2342 1363 αἱρετὸν
2389 1280 2535 1343 εἶναι
2577 1279 2760 1361 λέγειν
2807 1282 2887 1347 ὡς
2932 1301 3094 1361 ποιη·

602 1383 757 1446 τικὸν
801 1385 1036 1467 ἡδονῆς,
1085 1383 1288 1467 μηκέτι
1334 1384 1399 1446 δὲ
1443 1385 1539 1446 καὶ
1583 1385 1648 1447 τὸ
1693 1386 1939 1470 αἰσχρὸν
1997 1384 2237 1469 φάσκειν
2282 1384 2508 1467 αἱρετὸν
2551 1382 2806 1465 γίνεσθαι
2851 1382 2944 1444 διὰ
2990 1382 3093 1463 τὴν
3117 1396 3175 1439 ω

600 1485 902 1569 γινομένην
948 1486 1160 1570 ἡδονὴν
1208 1484 1305 1549 ὑπ’
1360 1486 1567 1561 αὐτοῦ,
1624 1486 1739 1571 οὐχ
1783 1486 2218 1570 ὁμολογούμενα
2261 1484 2574 1568 λεγόντων,
2619 1484 2739 1549 ἀλλ’
2795 1484 3097 1552 ἀπιθάνως

601 1588 1001 1672 ἀρνουμένων,
1056 1590 1142 1658 οἷς
1186 1594 1583 1674 συγχωροῦσιν
1630 1590 1723 1653 διὰ
1768 1594 1884 1653 τῶν
1931 1590 2210 1673 αἱρέσεων
2262 1589 2447 1657 οὕτως
2491 1586 2668 1673 ἔχειν.
2756 1587 2945 1655 οὐδεὶς
2988 1586 3096 1670 γὰρ

604 1691 687 1775 μὴ
734 1696 935 1756 τοῦτον
990 1692 1534 1777 παρεσκευασμένος
1588 1694 1685 1757 τὸν
1743 1692 1954 1778 τρόπον
2009 1693 2193 1761 οὕτως
2246 1690 2465 1755 ἀτόπου
2519 1691 2856 1775 προΐσταται
2899 1689 3092 1774 δόξης·
3123 1704 3178 1748 2⁶

499 1812 561 1861 15
598 1796 664 1858 τὸ
710 1794 819 1879 γὰρ
864 1794 1047 1877 λέγειν
1101 1796 1203 1865 τὰς
1260 1797 1362 1878 μὲν
1409 1796 1503 1859 ἐπὶ
1556 1801 1679 1865 ταῖς
1732 1798 1934 1863 καλαῖς
1989 1794 2295 1880 ἐνεργείαις
2352 1793 2650 1877 γινομένας
2701 1793 2914 1877 ἡδονὰς
2965 1796 3096 1857 εἰλι·

598 1900 808 1979 κρινεῖς
850 1920 914 1960 τε
964 1896 971 1982 Ι
1019 1896 1165 1961 εἶναι
1210 1899 1305 1961 καὶ
1350 1898 1624 1981 ἀμίκτους
1667 1902 1789 1966 ταῖς
1846 1898 2122 1967 ἐναντίαις
2172 1898 2406 1972 λύπαις,
2464 1898 2556 1960 καὶ
2602 1898 2695 1961 διὰ
2749 1902 2916 1959 τοῦτο
2960 1899 3055 1961 καὶ
3101 1904 3203 1961 292

599 1999 701 2069 τὰς
744 2000 1045 2085 ποιητικὰς
1090 2000 1281 2064 αὐτῶν
1327 2001 1615 2085 ἐνεργείας
1658 1999 1815 2087 ἔχειν
1864 2002 1927 2064 τὸ
1975 1999 2221 2086 αἱρετόν,
2267 2000 2370 2068 τὰς
2415 2001 2479 2064 δὲ
2523 2000 2619 2062 ἐπὶ
2663 2006 2786 2069 ταῖς
2827 2000 3097 2086 αἰσχραῖς

600 2102 787 2184 ὀλίγον
834 2103 1087 2189 ἐχούσας
1131 2104 1195 2166 τὸ
1242 2104 1449 2188 τέρπον
1495 2104 1683 2167 πολλὰ
1728 2102 1887 2189 ἔχειν
1942 2103 2037 2167 καὶ
2082 2104 2265 2166 πλείω
2321 2102 2391 2165 τὰ
2436 2105 2758 2179 λυποῦντα,
2813 2105 2901 2166 διὸ
2951 2104 3099 2189 μηδὲ
3151 2119 3180 2161 6

598 2202 701 2274 τὰς
744 2204 1030 2290 ἐνεργείας
1074 2206 1217 2269 εἶναι
1262 2206 1365 2276 τὰς
1408 2206 1669 2277 τοιαύτας
1715 2207 1948 2291 αἱρετὰς
2002 2205 2178 2275 οὔσας
2223 2208 2523 2289 ποιητικὰς
2566 2205 2752 2291 λύπης
2797 2208 3012 2289 μᾶλλον
3055 2205 3095 2289 ἢ

496 2327 563 2374 20
600 2310 841 2393 ἡδονῆς,
897 2314 1025 2377 πῶς
1077 2310 1144 2373 οὐ
1202 2310 1675 2395 συνδιαιρούντων
1730 2311 1825 2373 ἐπὶ
1881 2314 2003 2379 ταῖς
2057 2308 2362 2392 ἐνεργείαις
2417 2308 2510 2392 ἐφ’
2565 2309 2656 2377 αἷς
2710 2310 2952 2390 γίνονται
2997 2307 3098 2377 τὰς

600 2411 811 2496 ἡδονὰς
865 2413 962 2477 καὶ
1014 2412 1129 2499 οὐχ
1183 2413 1467 2495 ὁμοειδεῖς
1522 2412 1967 2497 φυλασσόντων;
2033 2413 2086 2475 εἰ
2137 2410 2245 2496 γὰρ
2303 2413 2362 2474 αἱ
2423 2412 2526 2494 μὲν
2585 2411 2681 2475 ἐπὶ
2733 2416 2851 2479 τοῖς
2903 2414 3099 2479 καλοῖς

604 2518 879 2591 τοιαῦται,
926 2516 985 2578 αἱ
1030 2516 1094 2579 δὲ
1140 2515 1235 2578 ἐπὶ
1280 2520 1400 2585 τοῖς
1444 2516 1709 2599 αἰσχροῖς
1754 2519 2032 2590 τοιαῦται,
2079 2514 2172 2599 εἴη
2220 2514 2286 2577 ἂν
2333 2516 2402 2578 τὰ
2433 2512 2584 2577 καλὰ
2627 2515 2720 2577 καὶ
2766 2514 2836 2576 τὰ
2881 2514 3097 2599 αἰσχρὰ
3125 2530 3179 2572 ιο

600 2622 703 2701 τῆς
748 2622 864 2681 τῶν
911 2619 1135 2702 ἡδονῶν
1181 2620 1462 2703 διαφορᾶς
1505 2616 1685 2681 αἴτια·
1753 2618 1819 2680 οὐ
1863 2617 1973 2702 γὰρ
2019 2618 2135 2680 ἀπὸ
2188 2623 2304 2681 τῶν
2360 2619 2584 2700 ἡδονῶν
2630 2622 2750 2686 ταῖς
2795 2618 3100 2702 ἐνεργείαις

600 2718 723 2783 ἐστὶ
768 2722 832 2783 τὸ
879 2720 1123 2805 αἱρετόν,
1173 2719 1322 2783 ἀλλὰ
1368 2722 1483 2784 ἀπὸ
1529 2727 1643 2783 τῶν
1689 2721 1991 2804 ἐνεργειῶν
2042 2723 2166 2789 ταῖς
2209 2722 2462 2803 ἡδοναῖς,
2511 2721 2601 2790 αἷς
2644 2743 2710 2802 γε
2755 2720 2850 2784 διὰ
2893 2719 3099 2788 ταύτας

496 2842 561 2892 25
602 2824 697 2887 καὶ
741 2822 805 2886 τὸ
854 2823 1000 2886 εἶναι
1046 2823 1363 2901 τοιαύταις,
1418 2826 1513 2887 καὶ
1560 2824 1673 2887 εἷεν
1728 2822 1796 2885 ἂν
1855 2822 2024 2887 ἄλλαι
2072 2824 2176 2906 μὲν
2232 2827 2317 2907 τῷ
2373 2820 2514 2886 εἴδει
2567 2826 2629 2887 αἱ
2683 2824 2799 2886 ἀπὸ
2844 2830 2960 2886 τῶν
3006 2848 3099 2886 κα·
3128 2838 3181 2880 15

599 2930 748 3003 λῶν,
795 2926 967 2991 ἄλλαι
1014 2928 1078 2990 δὲ
1120 2929 1181 2990 αἱ
1226 2928 1342 2989 ἀπὸ
1387 2931 1503 2989 τῶν
1549 2928 1839 3012 αἰσχρῶν,
1897 2926 2057 3008 εἴγε
2101 2929 2283 2989 πᾶσαι
2331 2926 2434 3008 μὲν
2479 2926 2538 2988 αἱ
2583 2927 2700 2989 ἀπὸ
2745 2932 2859 2988 τῶν
2905 2930 3098 2989 καλῶν

604 3030 861 3115 καθαραί
912 3054 974 3093 τε
1029 3032 1125 3095 καὶ
1187 3029 1413 3112 ἄμικτοι
1469 3030 1563 3093 καὶ
1618 3030 1906 3112 μηδεμιᾶς
1960 3029 2259 3110 μετανοίας
2316 3030 2352 3113 ἣ
2400 3030 2584 3113 λύπης
2641 3029 2817 3093 αἴτιαι
2861 3030 3100 3093 εἰδοποι-

604 3133 840 3215 ούμεναι
891 3138 1015 3203 ταῖς
1067 3133 1353 3203 τοιαύταις
1407 3132 1745 3217 ἐνεργείαις,
1797 3135 1980 3194 πᾶσαι
2033 3132 2097 3193 δὲ
2149 3133 2208 3193 αἱ
2264 3130 2378 3193 ἀπὸ
2433 3137 2548 3194 τῶν
2602 3133 2863 3218 αἰσχρῶν
2911 3132 3106 3215 μικταί
3127 3146 3184 3189 2⁹

604 3258 665 3298 τε
710 3238 805 3299 καὶ
852 3237 911 3299 ἐν
960 3238 1327 3320 μεταμελείᾳ.
1401 3236 1585 3305 οὕτως
1630 3235 1695 3297 δὲ
1740 3235 2008 3320 ἐχουσῶν
2055 3238 2168 3295 τῶν
2215 3235 2440 3318 ἡδονῶν
2487 3236 2629 3320 πρὸς
2671 3236 2774 3305 τὰς
2817 3236 3100 3319 ἐνεργείας

498 3358 565 3407 3ο
604 3338 912 3424 πρόδηλον,
963 3338 1051 3401 ὅτι
1099 3341 1179 3423 μὴ
1227 3340 1385 3424 παρὰ
1430 3344 1543 3401 τῶν
1577 3338 1802 3421 ἡδονῶν
1848 3340 1972 3405 ταῖς
2016 3336 2320 3421 ἐνεργείαις
2365 3338 2428 3400 τὸ
2461 3337 2710 3423 αἱρετόν,
2755 3338 2904 3402 ἀλλὰ
2947 3337 3103 3422 παρὰ

602 3446 717 3506 τῶν
762 3442 1063 3526 ἐνεργειῶν
1110 3446 1235 3511 ταῖς
1278 3444 1510 3525 ἡδοναῖς
1562 3444 1685 3508 ταῖς
1732 3438 1834 3522 μὲν
1888 3440 1954 3501 τὸ
2007 3439 2265 3524 αἱρετόν,
2325 3446 2450 3509 ταῖς
2495 3440 2559 3504 δὲ
2604 3442 2668 3503 τὸ
2713 3441 2988 3524 φευκτόν,
3049 3442 3182 3506 εἴτε

602 3568 667 3627 γε
712 3547 953 3629 φευκταὶ
1006 3546 1068 3608 αἱ
1119 3544 1291 3608 πλέον
1336 3547 1439 3607 τοῦ
1484 3544 1720 3627 ἧδοντος
1781 3543 1847 3606 τὸ
1901 3546 2118 3606 λυποῦν
2165 3540 2438 3628 ἔχουσαι,
2500 3548 2756 3607 τοιαῦται
2809 3546 2874 3607 δὲ
2917 3550 3100 3608 πᾶσαι

602 3650 663 3711 αἱ
706 3650 801 3711 ἐπὶ
845 3654 970 3718 ταῖς
1014 3648 1286 3733 αἰσχραῖς
1330 3647 1652 3731 ἐνεργείαις.
1702 3644 1710 3729 Ι

602 3867 859 3935 XXVII.
949 3869 1078 3935 Διὰ
1122 3871 1184 3932 τί
1228 3869 1297 3933 αἱ
1343 3848 1585 3954 ἠθίκαὶ
1630 3868 1870 3953 ἀρεταὶ
1917 3868 2320 3954 μεσότητες.
3103 3880 3206 3937 293

498 4044 563 4094 35
759 4022 840 4089 Ἢ
887 4026 975 4089 ὅτι
1016 4030 1178 4089 πᾶσα
1207 4026 1408 4111 ἀρετή,
1451 4024 1520 4088 οὖ
1562 4025 1629 4088 ἂν
1674 4022 1715 4110 ᾖ
1756 4026 1954 4110 ἀρετή,
2001 4024 2143 4088 αὐτό
2189 4048 2249 4087 τε
2287 4022 2352 4088 εὖ
2399 4025 2538 4112 ἔχον
2571 4030 2848 4092 ἀποτελεῖ
2889 4030 2986 4092 καὶ
3029 4030 3095 4094 τὸ

605 4127 768 4214 ἔργον
814 4127 991 4191 αὐτοῦ
1023 4124 1088 4191 εὖ
1122 4128 1485 4210 ἀποδίδωσιν.
1560 4130 1600 4213 ἥ
1642 4152 1704 4190 τε
1747 4128 1856 4213 γὰρ
1901 4132 2003 4193 τοῦ
2048 4129 2356 4213 ὀφθαλμοῦ
2403 4131 2582 4214 ἀρετὴ
2631 4132 2727 4195 τόν
2772 4154 2834 4195 τε
2880 4132 3096 4216 ὀφθαλ-

502 4344 524 4395 1
568 4342 639 4395 ὧν
679 4342 784 4395 B²a
808 4344 895 4409 Sp.
934 4358 1111 4409 supra:
1152 4339 1194 4411 ᾦ
1220 4346 1263 4393 V
1442 4342 1473 4395 3
1513 4358 1587 4410 pr.
1614 4340 1671 4394 τὸ
1708 4345 1822 4409 Sp.:
1856 4360 1910 4394 τε
1947 4343 2066 4395 libri
2242 4344 2274 4395 4
2313 4342 2441 4411 ἅμα]
2479 4346 2570 4397 alt.
2609 4364 2642 4397 α
2676 4348 2732 4398 in
2769 4346 2847 4398 lit.
2871 4350 2919 4399 V
3087 4347 3117 4399 6
3155 4349 3208 4401 αι

496 4444 597 4482 om.
634 4448 667 4481 a
700 4433 787 4497 Sp.
968 4428 1001 4480 8
1039 4429 1231 4501 αἱρετάς
1268 4446 1309 4483 s.
1338 4446 1384 4483 v.
1422 4430 1605 4500 (ἱρετὰς
1642 4431 1698 4483 in
1742 4430 1844 4495 lit.)
1873 4434 1919 4482 V
2113 4430 2144 4483 9
2182 4431 2416 4501 αἱρετῶν]
2455 4432 2647 4505 αἱρετὸν
2685 4453 2716 4485 a
2751 4436 2837 4501 Sp.
3041 4450 3210 4489 συντε·

496 4516 599 4571 λεῑν
636 4535 668 4569 a
884 4519 948 4571 10
984 4518 1095 4587 μὲν]
1135 4538 1172 4587 μ
1207 4520 1263 4571 in
1302 4518 1379 4571 lit.
1420 4522 1464 4567 V
1702 4518 1763 4570 12
1800 4516 1914 4571 ἀλλ’
1949 4516 2204 4577 ἀπιθάνως
2240 4522 2354 4573 SFa
2391 4524 2504 4587 Sp.:
2544 4520 2670 4573 ἀλλὰ
2709 4520 2936 4581 πιθανῶς
2972 4523 3064 4576 VB

503 4608 565 4659 18
619 4608 828 4677 τερπνόν
867 4626 899 4660 a
935 4610 1022 4673 Sp.
1243 4605 1303 4657 19
1359 4602 1507 4664 οὔσας
1544 4607 1685 4660 BS¹a
1724 4610 1839 4674 Sp.:
1895 4604 2043 4677 οὔσης
2080 4605 2235 4659 vsffF
2447 4607 2516 4661 20
2567 4610 2851 4680 ἐνεργείαις]
2894 4630 2933 4668 ις
2970 4611 3027 4663 in
3064 4611 3141 4665 lit.
3183 4630 3208 4669 ς

498 4710 538 4747 ε.
568 4712 616 4747 v,
642 4698 691 4747 V
939 4694 1005 4747 23
1043 4692 1177 4747 αἰτία
1214 4710 1245 4745 ιι
1280 4694 1368 4759 Sp.
1615 4693 1681 4747 27
1720 4694 1869 4747 αἰτιαι
1907 4698 1954 4745 V
2200 4692 2267 4746 29
2305 4694 2550 4764 ἐνεργειασ
2587 4697 2638 4764 (σ
2674 4699 2730 4749 in
2766 4697 2872 4764 lit.)
2911 4702 2959 4751 V

498 4782 565 4840 33
602 4783 833 4859 ἐνέργειαι
870 4802 905 4865 ⁸.
936 4786 1023 4854 Sp.
1237 4782 1304 4836 35
1341 4781 1464 4835 αὒτό
1498 4784 1575 4849 τε]
1612 4782 1724 4837 τότε
1762 4802 1795 4836 a
1993 4782 2059 4837 36
2099 4783 2252 4837 αὑτοῦ
2289 4786 2376 4853 Sp.
