3684 5567
482 201 608 265 120
962 198 1297 271 [ΑῘΙΟΡῙΩΝ
1337 199 1458 258 ΚΑΙ
1496 198 1765 257 ΛΥΣΕΩΝ
1805 196 2094 257 ΒῙΒΛΙΟΝ
2133 197 2508 257 TETAPTON
2553 200 2708 270 1—3]

587 374 707 440 τοῖς
760 376 1012 459 αἱρεῖ-οῖς
1062 398 1125 438 τε
1186 376 1283 439 καὶ
1334 378 1601 460 φευκτοῖς
1654 374 1903 440 ἕπεσθαι
1967 378 2060 439 δεῖ
2105 381 2182 459 τῇ
2245 379 2348 439 τοῦ
2404 375 2717 438 σπουδαίου
2777 375 2961 459 κρίσει
3012 376 3094 437 αἱ·

590 474 773 559 ρετόν.

590 714 669 781 ΙΙ.
746 712 888 782 Ὅτι
935 719 1024 801 μὴ
1074 721 1429 803 ὁμοειδεῖς
1474 720 1541 781 αἱ
1586 718 1848 801 ἡδοναί.

762 885 911 971 (Ὅτι
956 890 1038 973 μὴ
1074 891 1359 971 ὁμοειδεῖς
1404 890 1463 953 αἱ
1509 888 1760 973 ἡδοναί,>
1804 888 2106 953 δεικνύοιτ’
2151 887 2218 952 ἂν
2263 894 2493 973 πρῶτον
2539 890 2644 971 μὲν
2689 888 2806 951 ἀπὸ
2849 892 2954 971 τῆς
2985 888 3100 950 ἐπι·
3128 904 3185 946 1ο

520 1009 551 1059 5
592 989 827 1073 θυμίας.
918 993 970 1055 εἰ
1014 992 1121 1075 γὰρ
1167 996 1329 1055 πᾶσα
1387 993 1489 1076 μὲν
1536 992 1817 1076 ἐπιθυμία
1873 992 2056 1077 ὄρεξις
2100 992 2300 1074 ἡδέος,
2355 991 2453 1055 καὶ
2497 992 2558 1055 ἐν
2603 992 2792 1075 τούτῳ
2836 990 2988 1073 αὐτῇ
3033 992 3100 1053 τὸ

592 1092 761 1169 εἶναι,
808 1095 919 1157 εἰσὶ
966 1095 1031 1157 δὲ
1059 1101 1175 1157 τῶν
1222 1095 1547 1179 ἐπιθυμιῶν
1580 1095 2062 1178 ὁμολογουμένως
2105 1096 2166 1157 αἱ
2215 1095 2318 1178 μὲν
2349 1095 2696 1177 αἱρεταί,·αῐ
2743 1094 2808 1156 δὲ
2837 1093 3103 1178 φευκταί,

590 1198 788 1279 δῆλον,
836 1197 923 1260 ὅτι
955 1199 1037 1281 μὴ
1084 1196 1220 1282 παρ’
1264 1197 1446 1261 ἄλλου
1478 1200 1629 1267 τινὸς
1672 1198 1874 1267 αὐταῖς
1917 1199 1955 1281 ἡ
1990 1199 2258 1281 διαφορά,
2305 1196 2534 1281 ἢπαρὰ
2567 1202 2682 1259 τῶν
2729 1198 2974 1279 ἡδονῶν,
3021 1192 3091 1257 δι’
3133 1210 3186 1253 15

594 1298 663 1365 ἅς
718 1299 858 1375 εἰσι,
920 1304 1005 1384 τῷ
1051 1300 1268 1364 τούτων
1323 1300 1425 1370 τὰς
1484 1302 1587 1384 μὲν
1641 1300 1787 1365 εἶναι
1840 1302 2102 1384 αἱρετοίς,
2157 1299 2256 1368 τὰς
2313 1300 2378 1362 δὲ
2431 1299 2701 1383 φευκτάς.
2795 1298 3100 1361 διοίσουσιν

593 1396 707 1482 ἄρα
752 1402 848 1463 καὶ
892 1402 1096 1483 ἡδοναὶ
1144 1402 1416 1487 ἀλλήλων
1472 1402 1620 1466 κατὰ
1664 1403 1846 1466 ταύτὰ
1889 1407 2015 1471 ταῖς
2061 1402 2412 1483 ἐπιθυμίαις,
2467 1400 2528 1464 εἴ
2563 1424 2630 1483 γε
2681 1400 2840 1485 παρὰ
2885 1401 3102 1463 τούτων

490 1521 552 1569 10
590 1503 689 1565 καὶ
734 1502 977 1572 ἐκείναις
1020 1506 1081 1567 αἱ
1128 1506 1416 1589 διαφοραί.
1495 1506 1647 1569 ἀλλὰ
1692 1508 1766 1589 δὴ
1813 1506 1929 1590 οὐχ
1974 1505 2096 1569 οἶόν
2142 1527 2205 1567 τε
2237 1505 2478 1587 ὁμοειδῆ
2523 1504 2798 1587 ἀλλήλοις
2841 1502 2986 1566 εἶναι
3030 1504 3104 1567 τὰ
3130 1519 3187 1561 2⁰

594 1609 671 1687 τῇ
720 1605 944 1669 ἑαυτῶν
988 1607 1161 1691 φύσει
1205 1609 1473 1692 διάφορα.
1562 1608 1827 1691 δεύτερον
1874 1609 1991 1670 ἀπὸ
2044 1611 2162 1669 τῶν
2208 1606 2529 1690 ἐνεργειῶν.
2620 1606 2747 1669 ἐπεὶ
2790 1605 2899 1689 γὰρ
2945 1610 3105 1669 πᾶσα

592 1708 777 1791 ἡδονὴ
824 1708 920 1771 ἐπὶ
964 1708 1222 1794 ἐνεργείᾳ
1266 1711 1371 1774 τινὶ
1414 1710 1645 1793 γίνεται,
1693 1711 1788 1773 καὶ
1834 1708 1988 1773 ἔστιν
2034 1708 2324 1792 οἰκειότης
2367 1712 2488 1778 ταῖς
2534 1710 2770 1791 ἡδοναῖς
2811 1708 2956 1792 πρὸς
3000 1708 3100 1776 τὰς

593 1807 704 1895 ἐφ’,
728 1810 821 1880 αἷς
864 1812 1112 1894 γίνονται
1142 1812 1429 1897 ἐνεργείας
1470 1813 1641 1897 (τέλη
1684 1814 1792 1895 γάρ
1824 1814 1953 1881 πώς
1997 1812 2147 1875 ἐστιν
2180 1812 2422 1895 αὐτῶν),
2473 1818 2479 1891 Ι
2531 1814 2726 1895 δῆλον,
2773 1810 2862 1873 ὅτι
2905 1810 3060 1873 οὕτω
3105 1816 3211 1873 230

600 1914 1012 1996 συνδιαιροῖντο
1059 1913 1128 1978 ἂν
1174 1920 1296 1985 ταῖς
1352 1916 1659 2000 ἐνεργείαις
1709 1915 1805 1978 καὶ
1851 1914 2044 1977 αὐταί·
2111 1915 2262 1977 ἀλλὰ
2309 1916 2423 1997 μὴν
2478 1918 2596 1976 τῶν
2641 1913 2942 1997 ἐνεργειῶν
2989 1916 3105 1975 τῶν

496 2034 557 2083 15
599 2013 696 2099 ἐφ’
751 2016 843 2085 αἷς
887 2014 999 2101 <αἱ>
1044 2018 1247 2100 ἡδοναὶ
1291 2020 1351 2080 αἱ
1408 2018 1512 2101 μέν
1560 2018 1701 2080 εἰσιν
1748 2018 1978 2102 αἱρεταί
2026 2019 2088 2079 αἱ
2132 2018 2197 2080 δὲ
2241 2017 2510 2101 φευκταί·
2581 2015 2805 2085 ἕξουσιν
2849 2014 2964 2099 ἄρα
3007 2014 3104 2077 καὶ

596 2119 655 2180 αἱ
702 2118 904 2201 ἡδοναὶ
948 2118 1054 2202 τὴν
1102 2119 1282 2209 αὐτὴν
1328 2120 1473 2203 πρὸς
1517 2120 1775 2202 ἀλλήλας
1820 2120 2118 2203 διαφοράν.
2198 2120 2249 2181 εἰ
2295 2120 2360 2181 δὲ
2403 2122 2592 2195 τοῦτο,
2639 2117 2754 2203 οὐχ
2799 2118 3106 2201 ὁμοειδεῖς.
3161 2132 3190 2173 5

598 2221 695 2283 καὶ
739 2221 849 2303 γὰρ
893 2223 945 2284 εἰ
976 2222 1149 2284 πλέον
1195 2222 1524 2307 ἀφέστηκεν
1568 2223 1633 2284 τὸ
1676 2222 1982 2305 ἐφιέμενον
2029 2222 2126 2284 καὶ
2157 2220 2479 2303 ἐπιθυμοῦν
2525 2244 2672 2289 τινος
2717 2222 2814 2283 καὶ
2861 2219 3108 2304 μηδέπω

600 2319 739 2407 ἔχον
786 2322 927 2387 αὐτὸ
972 2330 1073 2387 τοῦ
1105 2322 1345 2409 ἔχοντός
1391 2346 1454 2387 τε
1484 2325 1581 2387 καὶ
1628 2323 1894 2393 συνόντος
1927 2323 2111 2407 αὐτῷ,
2157 2321 2250 2405 εἴη
2300 2321 2366 2385 ἂν
2411 2323 2509 2385 καὶ
2553 2324 2590 2405 ἡ
2625 2322 2904 2403 ἐπιθυμία
2933 2322 3109 2385 πλέον

600 2425 916 2507 ἀφεστῶσα
970 2430 1075 2510 τῆς
1120 2428 1337 2512 ἡδονῆς
1391 2432 1494 2511 τῆς
1540 2426 1856 2511 ἐνεργείας,
1911 2424 2006 2510 ἐφ’
2063 2422 2104 2508 ᾗ
2152 2427 2190 2509 ἡ
2238 2425 2450 2508 ἡδονή·
2515 2427 2554 2507 ἡ
2604 2426 2708 2509 μὲν
2761 2426 2868 2509 γὰρ
2915 2421 3110 2508 ἔφεσίς
3139 2439 3193 2481 1⁰

493 2546 561 2593 20
599 2527 751 2590 ἐστιν
806 2529 1040 2612 ἡδονῆς,
1096 2534 1169 2611 τῇ
1218 2527 1269 2591 δ’
1326 2528 1583 2613 ἐνεργείᾳ
1639 2530 1897 2593 σύνεστιν
1954 2530 2138 2611 ἡδονὴ
2185 2528 2282 2591 καὶ
2335 2526 2786 2611 παρακολουθεῖ.
2863 2526 3002 2590 ὥστ’
3059 2528 3112 2589 εἰ

590 2634 717 2699 ταῖς
762 2630 1091 2713 ἐπιθυμίαις
1139 2634 1589 2713 συνδιαιροῦνται
1642 2634 1703 2695 αἱ
1748 2632 1985 2715 ἡδοναί,
2042 2629 2190 2694 πολὺ
2243 2629 2312 2693 ἂν
2360 2633 2579 2712 μᾶλλον
2633 2632 2760 2699 ταῖς
2805 2628 3112 2712 ἐνεργείαις

596 2736 1025 2816 συνδιαιροῖντο.
1115 2732 1489 2816 ὡμολόγηται
1534 2735 1599 2796 δὲ
1642 2739 1759 2797 τῶν
1805 2733 2140 2818 ἐνεργειῶν,
2193 2732 2290 2816 ἐφ’
2345 2733 2439 2801 αἷς
2481 2733 2542 2795 αἱ
2586 2732 2810 2814 ἡδοναί,
2859 2732 2959 2800 τὰς
3005 2732 3108 2813 μὲν
3138 2746 3190 2789 ιδ

598 2835 745 2898 εἶναι
776 2837 1050 2918 uiperea,
1104 2835 1207 2905 τὰς
1262 2837 1326 2899 δὲ
1380 2838 1652 2919 φευκτάς.
1744 2837 1832 2901 ὅτι
1887 2835 1940 2901 δ’
1996 2836 2204 2899 οἰκεῖαι
2255 2840 2378 2904 ταῖς
2433 2835 2738 2918 ἐνεργείαις
2791 2836 2852 2897 αἱ
2907 2836 3112 2919 ἡδοναὶ

598 2936 692 3021 ἐφ’
734 2938 827 3007 αἷς
870 2938 1140 3020 γίνονται,
1186 2939 1283 3001 καὶ
1330 2941 1547 3020 ὁμοίως
1590 2945 1715 3009 ταῖς
1762 2940 2071 3023 ἐνεργείαις
2117 2941 2212 3002 καὶ
2257 2940 2426 3003 αὐταὶ
2474 2936 2600 3001 κατ’
2643 2938 2796 3007 εἶδος
2841 2938 3111 3020 ἀλλήλων

490 3060 555 3110 ‘25
598 3040 988 3125 διαφέρουσιν,
1045 3041 1139 3103 καὶ
1186 3040 1253 3103 οὐ
1302 3041 1476 3124 μόνον
1528 3047 1615 3126 τῷ
1662 3043 1757 3105 ἐπὶ
1804 3042 2211 3125 διαφερούσαις
2253 3042 2514 3124 γίνεσθαι
2559 3040 2868 3124 ἐνεργείαις
2911 3042 2950 3123 ἡ
2997 3040 3113 3101 δια-

601 3142 754 3227 φορὰ
799 3142 998 3211 αὐταῖς
1052 3144 1090 3225 ἡ
1148 3144 1291 3227 πρὸς
1344 3144 1629 3227 ἀλλήλας,
1687 3146 1864 3227 δῆλον
1911 3144 1976 3206 ἐκ
2029 3149 2133 3207 τοῦ
2181 3145 2263 3227 μὴ
2311 3143 2593 3206 δύνασθαι
2651 3143 2757 3225 τὴν
2809 3140 2904 3205 ἐπ’
2959 3142 3196 3225 ἄλλῃῡῡ

600 3247 706 3309 τινὶ
758 3244 1014 3329 ἐνεργείᾳ
1068 3246 1284 3328 ἡδονὴν
1340 3244 1433 3308 ἐπ’
1491 3244 1644 3329 ἄλλῃ
1696 3245 1988 3327 γενέσθαι.
2081 3252 2164 3331 τῷ
2220 3245 2332 3332 γὰρ
2387 3248 2644 3329 σώφρονι
2699 3246 2760 3307 αἱ
2813 3250 2929 3307 τῶν
2983 3244 3114 3307 ἀκο·

599 3350 829 3411 λάστων
874 3346 1153 3431 ἐνέργειαι
1198 3346 1266 3409 οὐ
1315 3347 1488 3429 μόνον
1532 3348 1644 3411 εἰσὶ
1691 3350 1954 3430 φευκταί,
2001 3348 2152 3411 ἀλλὰ
2197 3348 2292 3410 καὶ
2341 3348 2562 3431 ἀηδεῖς,
2609 3350 2690 3415 ὡς
2735 3352 2839 3430 τῆς
2883 3344 2975 3409 ἐπ’
3019 3345 3112 3409 αὐ-

601 3455 677 3532 τῇ
724 3451 940 3533 ἡδονῆς
994 3449 1208 3518 οἰκείας
1262 3448 1441 3533 οὔσης
1496 3454 1618 3532 ταῖς
1672 3450 1983 3533 ἐνεργείαις
2035 3452 2133 3513 καὶ
2188 3450 2700 3534 συνδιαιρουμένης
2756 3448 2975 3517 αὐταῖς.
3066 3452 3118 3513 εἰ
3145 3466 3199 3507 25

494 3573 563 3621 30
599 3553 706 3637 γὰρ
757 3554 836 3635 μὴ
884 3550 1041 3615 τοῦτ’
1098 3552 1190 3635 ἦν,
1248 3553 1415 3616 οὐδὲν
1474 3551 1541 3615 ἂν
1589 3554 1846 3616 ἐκώλυεν
1891 3553 1994 3622 τὰς
2039 3554 2142 3633 μὲν
2195 3552 2201 3635 Ι
2251 3553 2536 3635 ἐνεργείας
2589 3552 2846 3636 φευκτὰς
2889 3551 3086 3621 αὐτοῖς
3130 3560 3221 3617 231

602 3656 768 3731 εἶναι,
815 3655 1029 3738 ἡδονὴν
1077 3655 1271 3736 μέντοι
1315 3657 1413 3718 καὶ
1444 3659 1563 3725 τοῖς
1594 3658 1888 3740 σώφροσιν
1933 3654 2113 3725 αὐτὰς
2157 3655 2371 3740 φέρειν.
2449 3652 2533 3717 ἔτι
2577 3656 2628 3718 εἰ
2673 3657 2732 3718 αἱ
2779 3653 2871 3718 ἐπ’
2915 3653 3118 3725 ἄλλαις

500 3900 525 3951 1
568 3898 641 3951 δεῖ
677 3896 733 3949 τὸ
769 3902 833 3970 τῇ
873 3914 905 3948 a
1122 3898 1165 3948 l.
1194 3897 1224 3949 2
1262 3896 1483 3950 fortasse
1524 3896 1625 3959 (τὸ)
1664 3897 1861 3969 αἱρετόν
2074 3896 2269 3969 αἱρετὸν
2309 3904 2605 3965 suspectum
2644 3899 2732 3963 Sp.
2947 3897 2978 3949 3
3017 3897 3228 3966 ὁμοιοει·

498 3986 598 4043 δεῖς
632 4003 664 4037 a
840 3986 873 4037 4
912 3982 1257 4054 ὅτι-ἡδοναί
1292 3986 1481 4052 repetit
1515 3988 1559 4037 B
1600 3988 1689 4052 Sp.
1871 3985 1902 4039 5
1941 3983 2069 4054 αὕτη
2109 4003 2141 4037 a
2321 3986 2350 4036 7
2387 3984 2447 4053 ἡ]
2485 3986 2518 4054 ἡ
2558 4003 2590 4036 a
2767 3984 2798 4035 9
2835 3988 2994 4038 ταῦτα
3031 4004 3064 4037 a

499 4071 765 4140 ἐπιθυμίας
800 4074 889 4139 Sp.
1110 4074 1167 4124 11
1214 4072 1427 4144 διαφορά
1463 4090 1495 4124 a
1714 4073 1776 4125 13
1814 4071 1952 4126 οὕτω
1977 4073 2070 4124 V²z
2109 4070 2168 4124 οὗ
2205 4090 2310 4124 των
2347 4074 2446 4125 V¹:
2486 4070 2653 4125 οὕτων
2693 4073 2788 4125 13¹:
2837 4072 3007 4125 αὐτῶν
3047 4076 3226 4128 GS¹F:

501 4160 747 4217 ὡσαύτως
784 4158 951 4212 S²B²a
987 4162 1076 4227 Sp.
1297 4162 1360 4213 14
1398 4158 1753 4229 συνδιαιροῖντο
1793 4162 1886 4213 v2:
1946 4159 2033 4212 οὖν
2072 4158 2333 4229 διαιροῖντο
2373 4158 2702 4212 v¹B¹GS¹F2
2761 4159 3024 4228 διαιροῖντο
3062 4159 3229 4213 S²B²a

498 4251 588 4316 Sp.
809 4246 872 4300 15
910 4246 962 4298 αἱ
999 4252 1121 4299 ante
1158 4246 1332 4317 ἡδοναὶ
1370 4248 1488 4299 add.
1530 4251 1609 4301 Ga
1648 4251 1737 4316 Sp.
1958 4248 2018 4299 17
2069 4246 2111 4298 εἰ
2148 4246 2228 4298 ἐπὶ
2263 4244 2416 4299 πλέον
2454 4248 2534 4299 SF
2749 4246 2818 4299 20
2854 4244 3234 4315 παρακολουθεῖ

500 4354 531 4388 a
570 4338 683 4403 Sp.:
720 4335 813 4404 γὰρ
852 4332 1129 4387 ἀκολουθεῖ
1166 4334 1284 4387 libri
1465 4334 1530 4386 22
1572 4335 1917 4405 ὡμολόγηται]
1959 4332 2273 4403 ὁμολογεῖται
2310 4352 2342 4385 a
2378 4336 2466 4400 Sp.
2671 4334 2738 4387 23
2775 4336 2863 4394 τὰς
2901 4350 3001 4387 om.
3038 4352 3071 4386 a

502 4444 623 4507 post
668 4439 904 4508 φευκτάς,
965 4439 1082 4491 add.
1131 4438 1262 4491 ὥστε
1308 4440 1393 4491 καὶ
1430 4440 1481 4491 αὶ
1529 4438 1700 4508 ἡδοναὶ
1736 4444 1962 4491 τοιαῦται
1997 4436 2069 4490 13²
2318 4438 2384 4491 24
2441 4438 2588 4491 αὑταὶ
2625 4456 2657 4490 a
2693 4442 2806 4507 Sp.:
2863 4425 3010 4492 αὗταί
3045 4442 3122 4492 sic
3159 4444 3224 4491 V:

502 4524 648 4577 αὗται
684 4528 764 4578 SF
1014 4526 1081 4579 28
1137 4527 1290 4595 μόνον
1330 4528 1440 4579 sive
1478 4527 1631 4595 μόνον
1669 4528 1725 4579 οὒ
1765 4530 1900 4580 coni.
1939 4530 2026 4593 Sp.
2281 4527 2362 4579 28.
2403 4526 2468 4578 29
2525 4526 2653 4597 αὐτῇ
2695 4528 2903 4594 scripsi:
2959 4528 3122 4597 αὐτῆσ
3159 4532 3226 4579 V:

502 4612 674 4670 αὐταῖς
714 4614 878 4667 GFSa
914 4616 1001 4681 Sp.
1219 4614 1281 4667 31
1324 4614 1399 4666 ἔτι
1436 4614 1479 4666 εἰ
1524 4615 1573 4666 αἱ
1612 4615 1898 4667 Schwartz:
1949 4613 2115 4666 ἕπεται
2153 4616 2224 4665 V¹
2265 4611 2396 4680 (V²?
2435 4615 2491 4667 in
2531 4630 2657 4683 mg.:
2705 4633 2781 4684 γρ.
2817 4616 2924 4667 ἐπεὶ
2961 4616 3013 4667 αἵ
3049 4632 3104 4682 γε
3140 4611 3224 4667 ἐπ’

503 4696 697 4765 ἄλλαις)
725 4700 976 4754 S¹FB¹G:
1014 4702 1058 4754 εἰ
1094 4700 1147 4753 δὲ
1184 4702 1235 4753 αἱ
1257 4700 1395 4754 B²S²
1431 4700 1507 4766 (in
1547 4718 1649 4770 mg.
1686 4702 1833 4754 addit
1871 4697 2028 4754 ἔπειτ’
2069 4702 2121 4754 αἱ
2145 4702 2228 4768 8²)
2267 4703 2382 4768 Sp.:
2427 4702 2470 4753 εἰ
2507 4700 2558 4753 δὲ
2599 4702 2646 4753 αἱ
2685 4696 2848 4755 ἔπειθ’
2877 4702 2927 4753 αἱ
2965 4720 2998 4753 a
3035 4698 3225 4768 (ἔπειθ’

504 4784 556 4837 αἱ
592 4785 785 4838 lineola
822 4788 1079 4841 subducta
1116 4788 1215 4842 del.
1254 4784 1451 4855 viem)
