3684 5567
1495 233 1778 291 BIBAION
1816 233 2076 293 TPITON
2113 238 2251 291 3—5
3151 237 3232 302 87

616 563 725 627 lv.
810 560 964 632 Πῶς
1007 562 1171 647 οὐχὶ
1214 565 1327 628 καὶ
1372 565 1411 647 ἡ
1458 563 1807 648 πρόσοδος
1850 566 1969 626 τοῦ
2013 565 2222 647 ἡλίου
2267 564 2384 628 καὶ
2427 566 2467 648 ἡ
2514 562 2777 649 ἄφοδος
2821 563 3086 645 ὁμοίως
3133 566 3232 624 164

615 666 802 729 αἰτία
844 665 1189 748 γενέσεως
1232 666 1345 729 καὶ
1390 666 1680 749 φθορᾶς.
1770 667 1809 749 ἡ
1856 665 1980 749 γὰρ
2025 663 2242 729 ἄλλου
2287 663 2560 747 γένεσις
2603 666 2820 731 ἄλλου
2865 664 3119 749 φθορά.

785 832 861 911 Εἰ
912 834 1246 917 προσιόντος
1309 837 1415 917 μὲν
1476 835 1769 920 ἐγγυτέρω
1828 839 1933 899 τοῦ
1986 836 2154 918 ἡλίου
2207 835 2428 918 γένεσίς
2484 836 2670 913 ἐστιν,
2735 835 3004 902 ἀπιόντος
3063 833 3130 895 δὲ
3183 847 3211 889 5

615 936 818 1021 πόρρω
851 927 1080 1022 φθορά,
1126 935 1279 1002 ἔστιν
1324 937 1377 1001 δ’
1418 940 1457 1021 ἢ
1504 935 1685 1001 ἄλλου
1728 936 1950 1020 γένεσις
1993 936 2176 1001 ἄλλου
2215 938 2432 1021 φθορά,
2479 939 2574 1000 καὶ
2621 938 2660 1019 ἡ
2707 934 2886 1000 ἄλλου
2931 935 3129 1021 φθορὰ

544 1058 575 1108 5
612 1038 831 1120 γένεσις
875 1038 1076 1112 ἄλλου,
1120 1044 1247 1108 πῶς
1290 1038 1405 1125 οὐχ
1451 1041 1573 1122 ἅμα
1617 1040 1715 1103 καὶ
1745 1038 1974 1122 φθορᾶς
2019 1039 2114 1101 καὶ
2144 1038 2429 1122 γενέσεως
2473 1038 2653 1108 αἴτιός
2695 1039 2819 1102 ἐστι
2862 1042 2959 1101 καὶ
2991 1060 3124 1122 προ-

608 1144 751 1206 σιὼν
797 1142 893 1204 καὶ
935 1140 1156 1217 ἀπιών,
1200 1140 1263 1203 εἴ
1298 1164 1363 1224 γε
1408 1144 1503 1205 δεῖ
1542 1143 1639 1205 καὶ
1684 1139 1757 1204 τὰ
1799 1139 2072 1223 γινόμενα
2117 1140 2179 1209 ἐξ
2222 1138 2416 1202 ἄλλων
2461 1144 2630 1203 τινῶν
2673 1142 2936 1223 γίνεσθαι
2980 1138 3124 1224 φθο-
3151 1155 3207 1197 ιο

612 1248 735 1327 ρᾶς,
782 1245 877 1307 καὶ
920 1242 995 1307 τὰ
1036 1242 1395 1328 φθειρόμενα
1438 1244 1520 1313 εἰς
1565 1242 1760 1307 ἄλλων
1802 1242 2025 1325 γένεσιν
2073 1244 2483 1327 μεταβάλλειν;
2529 1242 2683 1306 οὕτω
2731 1238 2781 1305 δ’
2840 1242 3008 1305 οὐδὲν
3053 1240 3124 1304 ἂν

614 1342 699 1408 ἔτι
728 1344 991 1428 διαφέροι
1021 1347 1061 1428 ἡ
1092 1344 1378 1429 πρόσοδος
1406 1344 1587 1409 αὐτοῦ
1617 1350 1721 1428 τῆς
1752 1344 2000 1429 ἀφόδου.
2069 1342 2162 1429 <ἢ>
2191 1344 2244 1407 εἰ
2273 1350 2391 1407 τῶν
2421 1344 2734 1427 γινομένων
2765 1344 2838 1407 τὰ
2870 1343 2973 1427 μέν
3004 1342 3127 1406 ἐστι

614 1447 1049 1532 προηγούμενα,
1104 1447 1177 1509 τὰ
1221 1448 1287 1510 δὲ
1331 1447 1573 1531 δεύτερα
1626 1446 1723 1509 καὶ
1767 1450 1889 1515 τοῖς
1941 1445 2398 1530 προηγουμένως
2440 1446 2756 1529 γινομένοις
2801 1446 3126 1521 ὑπεναντία,
3155 1462 3209 1505 15

512 1569 574 1616 10
610 1547 701 1633 εἴη
749 1548 819 1612 ἂν
864 1550 902 1632 ἡ
936 1550 1041 1630 μὲν
1072 1554 1189 1611 τῶν
1221 1548 1677 1633 προηγουμένων
1720 1548 1941 1630 γένεσις
1983 1548 2217 1630 κυρίως,
2262 1546 2304 1631 ᾖ
2336 1548 2570 1629 γίνεται,
2616 1546 2952 1630 προσιόντος
2996 1547 3126 1611 ἑκά·

612 1666 768 1719 στοις
810 1654 911 1715 τοῦ
944 1651 1111 1733 ἡλίου
1155 1648 1281 1733 (καὶ
1326 1650 1453 1713 ἐπεὶ
1496 1651 1535 1733 ἡ
1583 1654 1757 1713 τινῶν
1785 1648 2006 1731 γένεσις
2053 1648 2250 1713 ἄλλων
2294 1649 2418 1713 ἐστὶ
2448 1650 2665 1734 φθορά,
2710 1647 2804 1732 εἴη
2849 1648 2919 1712 ἂν
2964 1648 3125 1733 φθει-

611 1752 827 1837 ρόμενα
878 1751 951 1815 τὰ
1005 1751 1256 1835 [φθορᾷ]
1309 1756 1428 1820 τοῖς
1480 1750 1934 1836 προηγουμένως
1985 1750 2306 1835 γινομένοις
2358 1751 2646 1834 ἐναντία),
2712 1753 2751 1834 ἡ
2807 1752 2872 1814 δὲ
2926 1750 3124 1835 φθορὰ
3151 1767 3208 1810 ευ

610 1860 729 1917 τῶν
774 1853 1258 1939 προηγουμένων,
1313 1853 1439 1937 ἥτις
1484 1855 1580 1917 καὶ
1625 1854 1839 1937 κυρίως
1885 1852 2110 1938 φθορά,
2164 1853 2388 1936 γένεσις
2441 1854 2507 1918 δὲ
2549 1857 2668 1917 τῶν
2711 1852 2934 1922 τούτοις
2978 1854 3126 1915 ἀντι-

609 1957 912 2041 κειμένων,
951 1956 1059 2021 οὐκ
1089 1952 1235 2019 οὖσα
1265 1956 1477 2039 κυρίως
1505 1955 1745 2035 γένεσις,
1779 1957 2235 2041 ἀποχωροῦντος
2273 1956 2648 2041 πορρωτέρω,
2692 1956 2746 2019 εἰ
2774 1954 2922 2019 κατὰ
2953 1955 3124 2040 φύσιν

510 2078 570 2127 1¹5
606 2060 667 2122 αἱ
711 2059 964 2141 γενέσεις
1014 2058 1257 2139 γίνοιντο
1302 2057 1399 2120 καὶ
1442 2058 1689 2142 φθοραί,
1749 2059 1998 2142 μηδενὸς
2043 2058 2463 2143 ἀντιβαίνοντός
2513 2081 2577 2122 τε
2619 2058 2716 2121 καὶ
2761 2055 3126 2121 ἀντικόπτον-

610 2184 707 2231 τος
750 2164 872 2224 τῶν·
917 2160 925 2247 Ι
973 2161 1190 2223 αἰτίων.
1266 2158 1327 2223 ἐν
1372 2160 1438 2222 δὲ
1482 2162 1608 2228 ταῖς
1651 2159 2008 2243 ἀνωμαλίαις
2051 2165 2177 2229 ταῖς
2219 2161 2508 2231 τοιαύταις
2549 2159 2791 2242 γίνοιντο
2837 2160 2906 2223 ἄν
2949 2182 3092 2223 ποτε
3133 2165 3232 2223 165

608 2265 706 2327 καὶ
748 2262 1013 2346 ἔμπαλιν.
1088 2262 1317 2345 λέγεται
1357 2260 1467 2344 γὰρ
1497 2260 1717 2344 γένεσις
1754 2263 1852 2325 καὶ
1881 2261 2078 2346 φθορὰ
2121 2262 2338 2347 κυρίως
2383 2262 2479 2325 ἐπὶ
2525 2266 2640 2325 τῶν
2672 2263 3127 2347 προηγουμένως

609 2366 953 2449 γινομένων,
999 2370 1181 2429 ταῦτα
1226 2363 1281 2428 δ’
1337 2365 1459 2427 ἐστὶ
1504 2364 1577 2427 τὰ
1624 2364 1833 2449 βελτίω
1879 2369 1996 2427 τῶν
2041 2362 2170 2427 κατ’
2227 2364 2518 2427 ἀντίθεσιν
2563 2365 2879 2447 γινομένων
2925 2364 2983 2433 ἐξ
3031 2365 3126 2427 ἀλ-
3179 2381 3208 2423 5

608 2469 823 2551 λήλων.
885 2468 983 2533 καὶ
1014 2468 1125 2553 γὰρ
1159 2465 1463 2551 [γενέσεις]
1495 2468 1555 2529 αἱ
1586 2467 1806 2530 τούτων
1836 2466 2088 2549 γενέσεις
2119 2468 2215 2529 καὶ
2245 2466 2484 2551 φθοραί,
2517 2465 2631 2552 [αἱ]
2662 2466 2952 2550 γινόμεναι
2980 2468 3130 2531 κατὰ

502 2588 573 2637 20
606 2570 711 2652 τὴν
764 2570 1051 2634 ἐνιαύσιον
1093 2574 1197 2632 τοῦ
1242 2569 1409 2652 ἡλίου
1460 2569 1745 2654 περίοδον,
1801 2568 2142 2653 προσιόντος
2197 2570 2302 2652 μὲν
2355 2570 2444 2639 οἷς
2497 2568 2761 2653 πρόσεισι
2815 2572 3127 2655 προδήλως

604 2674 871 2757 γίνονται,
917 2672 1193 2742 ἀπιόντος
1235 2672 1303 2736 δὲ
1346 2671 1683 2755 φθείρονται
1727 2672 1825 2736 καὶ
1872 2673 2243 2757 θνήσκουσιν.

601 2910 678 2973 V.
756 2908 904 2975 Ὁτι
944 2910 1020 2973 τὸ
1070 2910 1307 2978 ἁπλῶς
1351 2906 1421 2978 ἐξ
1464 2908 1775 2991 ἀνάγκης
1818 2908 2142 2991 γίνεσθαι
2184 2911 2298 2972 καὶ
2343 2909 2434 2993 μὴ
2484 2907 2553 2979 ἐξ
2599 2908 3009 2978 ὑποθέσεως
3052 2906 3122 2971 ἐν
3153 2924 3206 2966 ιο

1224 3014 1374 3080 τοῖς
1418 3010 1527 3075 ἀεὶ
1573 3010 1809 3095 κύκλῳ
1855 3010 2250 3094 γινομένοις
2295 3012 2502 3076 ἐστίν.

771 3181 857 3246 Τὸ
902 3182 1109 3251 ἁπλῶς
1152 3182 1213 3251 ἐξ
1243 3183 1499 3265 ἀνάγκης
1542 3182 1812 3263 γίνεσθαί
1853 3204 1974 3245 τινα
2009 3178 2422 3267 Ἀριστοτέλης
2466 3182 2717 3251 ἐδίδαξεν
2763 3184 2825 3247 ἐν
2855 3187 2942 3268 τῷ
2977 3181 3121 3267 Περὶ

495 3304 563 3354 25
600 3284 880 3367 γενέσεως
932 3286 1030 3349 καὶ
1072 3284 1303 3370 φθορᾶς
1345 3272 1384 3369 ᾗ
1438 3286 1535 3348 ἐπὶ
1589 3286 1783 3367 μόνων
1838 3285 2060 3367 ἀληθὲς
2114 3284 2179 3349 ὃν
2233 3290 2348 3350 τῶν
2405 3284 2603 3369 κύκλῳ
2652 3286 2968 3369 γινομένων
3027 3288 3122 3351 καὶ
3151 3302 3204 3345 15

602 3386 1083 3451 ἀκολουθούντων
1134 3390 1210 3470 τῇ
1258 3393 1375 3451 τῶν
1420 3388 1599 3451 θείων
1653 3389 1948 3469 σωμάτων
2000 3390 2309 3471 περιφορᾷ.
2399 3387 2526 3451 ἐπεὶ
2571 3392 2681 3472 γὰρ
2733 3388 2801 3451 τὸ
2843 3388 2905 3458 ἐξ
2947 3390 3116 3471 ἀνάγ·

599 3512 707 3572 κης
751 3488 815 3553 ὃν
862 3488 961 3551 ἀεί
999 3490 1121 3552 ἐστι
1172 3488 1271 3571 (τὸ
1315 3489 1424 3574 γὰρ
1479 3489 1540 3558 ἐξ
1596 3489 1853 3573 ἀνάγκης
1905 3492 2010 3551 τοῦ
2065 3490 2251 3551 ἀιδίου
2305 3488 2626 3573 δηλωτικόν
2671 3489 2852 3572 ἐστι),
2909 3492 3004 3554 καὶ
3059 3490 3119 3559 ἐξ

600 3592 855 3673 ἀνάγκης
910 3588 979 3652 ἂν
1030 3589 1126 3672 εἴη
1181 3590 1355 3655 ταῦθ’
1410 3592 1449 3654 ἃ
1506 3589 1778 3675 γινόμενα
1835 3591 2160 3673 ἀναγκαίως
2214 3614 2280 3653 τε
2333 3592 2430 3654 καὶ
2484 3590 2574 3654 ἀεὶ
2625 3591 2859 3675 γίνεται.
2949 3593 3000 3655 εἰ
3053 3594 3119 3656 δὲ
3143 3610 3202 3653 20

597 3693 809 3775 γίνεται
863 3692 934 3754 τὰ
986 3691 1258 3775 γινόμενα
1312 3695 1483 3757 πάλιν
1536 3695 1635 3757 καὶ
1688 3696 1890 3769 πάλιν,
1950 3698 2132 3757 ταῦτα
2183 3693 2250 3755 δέ
2305 3692 2427 3756 ἐστι
2480 3693 2553 3756 τὰ
2617 3694 3116 3780 ἀνακυκλούμενα,

490 3815 563 3863 3ο
596 3793 756 3858 ταῦτ’
812 3792 912 3857 οὖν
961 3794 1086 3858 ἐστι
1130 3796 1225 3859 καὶ
1270 3794 1540 3878 γινόμενα
1584 3795 1646 3865 ἐξ
1690 3796 1964 3880 ἀνάγκης.
2055 3796 2142 3859 ὅτι
2187 3796 2296 3880 γὰρ
2343 3796 2524 3879 μηδὲν
2568 3800 2686 3860 τῶν
2732 3794 2825 3860 ἐπ’
2882 3797 3116 3867 εὐθείας

596 3896 913 3980 γινομένων
958 3895 1171 3979 (ταῦτα
1216 3896 1269 3960 δ’
1326 3898 1447 3963 ἐστὶ
1492 3899 1567 3961 τὰ
1611 3899 1693 3981 μὴ
1740 3900 1913 3961 πάλιν
1958 3897 2055 3961 καὶ
2099 3898 2271 3960 πάλιν
2315 3896 2634 3981 γινόμενα),
2681 3898 2769 3963 ὅτι
2814 3902 2888 3984 δὴ
2937 3902 3115 3983 μηδὲν

596 4002 713 4061 τῶν
760 3996 769 4083 Ι
817 3998 973 4062 οὕτω
1027 3999 1345 4082 γινομένων
1399 4000 1459 4070 ἐξ
1511 4002 1768 4083 ἀνάγκης
1819 4001 2053 4083 γίνεται,
2113 4000 2301 4069 οὕτως
2354 3996 2588 4071 ἔδειξεν.
2676 4007 2792 4064 τῶν
2837 4001 2934 4067 ἐπ’
2988 4002 3078 4065 εὐ·
3123 4010 3222 4067 166

490 4204 523 4256 2
561 4202 729 4276 φθορά
766 4206 933 4259 GFSa
966 4204 1085 4274 sp.=
1127 4207 1259 4277 φορά
1295 4210 1343 4257 V
1462 4214 1465 4217 ’
1543 4204 1576 4257 3
1613 4206 1929 4275 προσιόντωσ
1966 4209 2015 4257 V
2202 4219 2391 4273 γενεσισ
2416 4209 2465 4257 V
2667 4208 2700 4259 8
2739 4205 2893 4260 αὐτοῦ
2928 4207 3043 4276 Sp.:
3082 4209 3224 4280 αὐτῷ

486 4292 609 4346 libri
820 4290 853 4361 ἣ
892 4292 937 4345 εἰ
976 4294 1107 4345 vict.
1147 4292 1261 4361 Sp.:
1300 4293 1344 4345 εἰ
1383 4292 1599 4347 VSB²az
1638 4293 1671 4362 ἢ
1710 4294 1874 4348 GFB¹
2090 4294 2157 4346 10
2201 4290 2234 4365 ᾗ
2283 4311 2343 4345 a:
2393 4292 2425 4363 ἧ
2467 4298 2530 4345 V:
2581 4292 2613 4365 ἤ
2652 4294 2815 4347 Ἥρω
2863 4294 2897 4363 ἣ
2946 4295 3063 4363 Sp.:
3119 4296 3222 4349 for·

486 4384 627 4432 tasse
672 4378 747 4437 οἷς
790 4378 893 4446 (vel
930 4378 963 4449 ἢ
1012 4380 1200 4450 κυρίως
1246 4398 1292 4450 γ.
1331 4380 1395 4433 cf.
1436 4398 1485 4431 v.
1517 4380 1603 4447 13)
1839 4379 2154 4450 προσιόντωσ
2194 4386 2240 4433 V
2484 4381 2539 4432 ll
2588 4378 2754 4451 φθορα
2795 4385 2840 4432 V
3057 4384 3122 4436 12
3158 4387 3224 4439 τὰ

490 4468 629 4519 vict.
656 4466 772 4534 Sp.:
808 4466 875 4519 τὰ
909 4464 1078 4537 φθορα
1112 4468 1191 4520 sic
1226 4471 1291 4519 V:
1330 4468 1395 4520 τὰ
1423 4466 1591 4537 φθορὰ
1616 4468 1709 4521 Sa:
1748 4468 1801 4521 ἐν
1838 4471 1902 4537 τῆ
1939 4465 2108 4539 φθορᾶ
2133 4472 2206 4523 G:
2247 4468 2311 4521 τὰ
2347 4466 2514 4537 φθορᾶ
2539 4470 2582 4521 Β
2776 4470 2836 4522 16
2873 4470 3058 4538 γίνοιτο
3083 4474 3221 4525 coni.

488 4554 577 4622 Sp.
778 4553 841 4605 19
878 4554 1089 4621 γενέσεις
1126 4560 1179 4607 ot
1214 4554 1265 4606 αἱ
1302 4555 1468 4608 delevi
1649 4554 1710 4607 21
1753 4554 2064 4626 φθείρονται]
2102 4573 2132 4607 τ
2169 4556 2227 4607 in
2265 4556 2342 4607 lit.
2383 4560 2429 4607 V
2607 4555 2674 4607 24
2723 4556 2960 4627 ἐδίδαξεν]
3001 4559 3064 4612 de
3099 4574 3218 4627 gen.

488 4647 543 4693 ot
578 4656 707 4693 corr.
745 4640 813 4705 11,
844 4642 923 4694 10.
950 4640 1163 4695 336131
1190 4658 1303 4711 sqq.
1508 4642 1571 4695 27
1623 4640 1680 4695 ὂν
1718 4658 1818 4695 om.
1857 4643 1946 4710 Sp.
2149 4641 2218 4695 28
2261 4640 2404 4695 τιιῦθΙ
2447 4643 2480 4695 ἃ
2515 4644 2632 4712 Sp.=
2677 4640 2815 4697 ταῦτ’
2855 4646 2888 4698 ἃ
2925 4648 3020 4698 Sa:
3060 4650 3221 4699 ταῦτα

490 4730 677 4781 vFGB
882 4727 959 4797 δὲ]
1008 4724 1051 4781 δ’
1089 4728 1165 4781 ἀεὶ
1212 4728 1357 4781 Diels
1538 4730 1605 4781 29
1654 4729 1874 4782 fortasse
1908 4729 2096 4798 γίνεταί
2130 4747 2240 4782 τινα
2417 4730 2652 4799 γινόμένα
2695 4733 2772 4784 sic
2809 4736 2856 4783 V
3024 4734 3086 4787 31
3130 4735 3219 4786 καὶ

488 4812 635 4866 πάλιν
671 4828 773 4867 om.
812 4832 845 4867 ε
881 4816 973 4884 Sp.
1190 4815 1257 4868 32
1296 4814 1503 4885 ἔδειξεν]
1539 4816 1605 4869 de
1643 4832 1762 4885 gen.
1801 4824 1856 4869 et
1892 4830 2020 4869 corr.
2046 4816 2110 4881 11,
2143 4818 2223 4869 11.
2261 4816 2441 4870 33812
2462 4832 2574 4885 sqq.
