3684 5567
277 1835 510 1900 v.o.V

255 4609 526 4657 Archetypus

546 233 642 272 xvi
1709 227 2102 282 PRAEFATIO

550 401 798 484 159,23.
876 401 1082 466 rarius
1121 409 1260 466 tota
1304 399 1637 466 enuntiata
1674 400 1945 484 margini
1990 397 2353 483 adscripsit,
2402 406 2472 463 ut
2516 399 2706 483 8333
2741 399 2965 482 100,27
3004 397 3257 482 130,15.

548 518 806 604 saepius
851 519 1141 603 peccavit
1184 519 1249 584 in
1294 519 1419 584 fine
1463 539 1762 585 versuum
1807 521 1901 585 ita
1956 526 2025 586 ut
2078 520 2215 586 sive
2268 520 2518 586 litteras
2560 518 2700 584 sive
2744 517 3034 604 syllabas
3078 517 3262 582 omit-

547 644 736 704 teret:
782 639 931 722 534
973 641 1120 724 9,19
1167 639 1353 722 15,28
1396 639 1544 722 37‚9
1587 638 1730 723 89‚1
1781 640 1975 723 9924
2007 639 2235 722 108‚33
2270 639 2455 722 119,9
2503 638 2729 721 122,oe
2764 639 2988 722 125‚11
3030 637 3261 721 129,22

552 759 800 842 130‚17.
828 760 908 824 32
957 759 1206 840 134‚25.
1294 757 1634 824 verborum
1691 760 1980 826 ordinem
2033 759 2395 826 immutavit
2446 759 2637 842 50,19
2684 759 2867 843 115,7
2918 757 3149 840 129,20
3191 763 3261 822 et

546 897 745 963 saepe
789 898 934 944 cum
979 877 1332 944 correxisse
1385 877 1452 941 id
1505 877 1676 960 quod
1730 878 1936 963 primo
1994 881 2342 965 scripserat
2394 896 2635 961 magna
2682 878 3017 944 liturarum
3070 877 3263 962 copia

545 997 808 1081 indicat,
855 1016 1015 1080 quas
1061 1018 1282 1064 omnes
1324 1016 1406 1063 ne
1437 995 1790 1062 minoribus
1819 997 2077 1081 quidem
2106 997 2418 1083 neglectis
2447 997 2773 1094 adnotavi.
2864 1017 3011 1064 raro
3040 1003 3259 1063 autem

547 1119 823 1204 priorem
891 1116 1230 1183 lectionem
1296 1117 1446 1183 licet
1509 1115 1834 1202 detegere,
1899 1125 1968 1183 ut
2035 1119 2157 1202 7‚4.
2180 1119 2241 1184 9.
2268 1119 2349 1184 23
2402 1119 2509 1202 9,6
2564 1117 2753 1200 17,10
2802 1118 2951 1200 25‚6
3008 1116 3258 1201 158‚28.

549 1244 774 1304 contra
816 1236 951 1304 fore
996 1237 1230 1304 desunt
1273 1237 1341 1302 in
1375 1234 1874 1314 Quaestionibus
1918 1275 2001 1284 —
2046 1237 2113 1303 id
2148 1238 2321 1322 quod
2364 1237 2431 1303 in
2474 1236 2657 1303 libris
2688 1237 2787 1303 De
2816 1237 3034 1302 anima
3064 1244 3130 1303 et
3158 1237 3265 1302 De

547 1357 683 1423 fato
727 1375 926 1441 saepe
971 1355 1541 1422 animadvertimus
1612 1393 1682 1404 -—
1755 1357 2032 1442 vestigia
2083 1357 2325 1423 librarii
2378 1355 2461 1422 de
2517 1355 2791 1422 lectione
2835 1355 3264 1422 describenda

549 1478 642 1543 ita
706 1475 1080 1560 dubitantis,
1147 1483 1216 1540 ut
1279 1475 1550 1560 singulis
1603 1477 1833 1544 litteris
1900 1477 2187 1561 singulas
2228 1475 2393 1541 alias
2444 1475 2948 1559 suprascriberet
2986 1476 3135 1559 (sed
3178 1475 3262 1540 cf.

555 1595 834 1681 102,22).
922 1593 1139 1660 varias
1168 1596 1482 1662 lectiones
1525 1617 1608 1663 ex
1651 1596 2005 1681 archetypo
2050 1596 2151 1662 bis
2200 1595 2543 1679 descripsit
2584 1597 2735 1679 7‚10
2778 1603 2844 1663 et
2886 1595 3062 1680 54,8;
3106 1595 3261 1662 item

548 1735 630 1781 ex
673 1712 786 1778 illo
829 1711 1168 1798 fluxerunt,
1213 1735 1380 1799 quae
1425 1715 1651 1782 addita
1695 1723 1842 1781 sunt
1892 1715 2075 1800 142,7
2124 1721 2191 1781 et
2238 1714 2485 1799 144‚34.
3044 1695 3065 1718 ⁰

725 1832 929 1900 Venio
973 1833 1058 1899 ad
1102 1841 1386 1900 veterem
1433 1841 1877 1920 correctorem,
1933 1855 2121 1918 quem
2177 1833 2308 1900 dixi
2360 1833 2421 1916 (I
2466 1855 2528 1916 p.
2560 1831 2685 1918 IX)
2726 1839 2928 1898 totum
2975 1835 3263 1901 codicem

551 1973 692 2018 cum
737 1959 1084 2038 prototypo
1131 1955 1478 2022 contulisse
1523 1964 1589 2022 et
1633 1955 1911 2021 fortasse
1954 1976 2085 2021 non
2130 1954 2453 2020 diversum
2484 1972 2629 2020 esse
2656 1973 2701 2018 a
2729 1953 2933 2039 primo
2978 1954 3262 2020 librario.

551 2073 731 2138 cuius
797 2073 992 2139 etiam
1043 2073 1110 2138 in
1153 2075 1635 2157 quaestionibus
1700 2096 1829 2140 non
1897 2075 2299 2141 desideratur
2363 2091 2516 2137 cura
2580 2081 2647 2140 ot
2689 2072 3024 2139 industria.
3111 2091 3264 2137 nam

550 2193 816 2258 voculas
847 2193 1118 2259 omissas
1149 2194 1252 2260 hic
1281 2194 1606 2280 supplevit
1651 2197 1798 2280 2,29
1849 2196 2071 2280 131,31
2122 2192 2410 2278 syllabas
2437 2191 2690 2257 addidit
2736 2193 2967 2276 134‚25
3013 2191 3267 2258 litteras

551 2319 616 2378 et
661 2312 932 2377 omissas
974 2313 1317 2397 adscripsit
1361 2315 1507 2400 71,9
1551 2316 1742 2400 75‚33
1791 2318 2024 2400 128,19
2070 2322 2135 2382 et
2178 2320 2513 2399 corruptas
2542 2311 2821 2378 correxit
2850 2311 3040 2396 63,13
3071 2312 3269 2396 7228

556 2431 793 2516 102,12
862 2433 1104 2519 131,30
1169 2435 1429 2518 134‚13,
1517 2435 1835 2502 interdum
1917 2437 2089 2502 male
2172 2442 2429 2502 servato
2512 2432 2868 2518 archetypo
2954 2432 3268 2516 deceptus

553 2558 652 2616 est
698 2553 930 2637 102,20
972 2559 1038 2620 et
1081 2553 1184 2618 29.
1271 2553 1387 2620 sed
1433 2555 1594 2621 haec
1647 2555 1901 2621 minora
1943 2563 2091 2620 sunt
2144 2574 2300 2640 prae
2343 2573 2577 2638 magno
2622 2561 2689 2620 et
2742 2550 3107 2637 gratissimo
3151 2571 3269 2617 nu-

554 2691 730 2737 mero
775 2679 1172 2757 punctorum,
1217 2692 1384 2756 quae
1427 2673 1512 2739 ab
1564 2675 1792 2742 eodem
1846 2675 2151 2760 adposita
2201 2693 2347 2741 osse
2400 2680 2467 2740 et
2516 2680 2947 2740 atramentum
2990 2676 3271 2737 testatur

553 2803 619 2855 et
661 2793 894 2857 calami
938 2792 1264 2876 gracilitas
1309 2799 1373 2858 et
1417 2814 1667 2859 summa
1708 2796 1921 2862 cautio
1968 2801 2163 2878 atque
2206 2793 2543 2877 modestia,
2588 2811 2717 2875 qua
2746 2812 2901 2858 usus
2947 2799 3047 2859 est
3075 2790 3269 2856 huius

553 2911 945 2978 recensionis
989 2920 1213 2978 auctor
1255 2913 1654 2979 alienissima
1697 2934 1742 2979 a
1785 2913 2161 2996 posterioris
2206 2911 2583 2978 correctoris
2629 2910 2772 2998 (V’)
2814 2911 3109 2994 audacia,
3153 2909 3267 2993 qui

553 3049 683 3095 non
727 3030 920 3097 tacite
965 3033 1230 3119 monuit,
1275 3032 1392 3099 sed
1437 3031 1832 3101 confidenter
1870 3054 1970 3119 ea,
2014 3053 2182 3118 quae
2212 3030 2693 3117 displicuerant,
2739 3029 3026 3096 mutavit.
3115 3035 3269 3094 sunt

551 3157 766 3216 autem
813 3151 1189 3217 tenuissima
1232 3152 1394 3220 hacc
1448 3160 1688 3238 puncta
1752 3160 1866 3219 aut
1920 3152 2327 3238 supraposita
2392 3150 2660 3234 singulis
2727 3150 2957 3218 litteris
3022 3157 3133 3216 aut
3197 3149 3266 3213 in

553 3272 730 3337 calce
774 3271 1035 3355 adpicta
1079 3272 1360 3338 maxima
1403 3293 1484 3340 ox
1531 3281 1715 3356 parte
1760 3272 1874 3358 eis,
1919 3292 2086 3357 quae
2130 3270 2448 3339 delendae
2478 3269 2883 3336 videbantur.
2992 3271 3083 3337 sic
3125 3270 3269 3336 iure

553 3398 856 3455 notantur
901 3413 956 3458 c.
1003 3412 1096 3475 gr.
1142 3393 1374 3478 48,1.6
1419 3395 1628 3478 49,10.
1654 3393 1738 3459 28
1782 3393 1973 3475 8138
2020 3393 2203 3478 129,1
2254 3393 2480 3476 130‚15
2531 3390 2777 3476 159,24.
2875 3389 3110 3456 deinde
3154 3390 3269 3455 ad-

554 3508 826 3576 haerent
869 3514 1004 3579 sive
1051 3513 1280 3579 litteris
1325 3512 1462 3580 sive
1508 3511 1776 3597 syllabis
1821 3534 1951 3578 non
1998 3513 2254 3596 quidem
2299 3509 2615 3594 delendis,
2658 3509 2774 3575 sed
2812 3509 3125 3594 corruptis
3157 3509 3265 3575 vel

553 3632 868 3714 suspectis
929 3633 1120 3716 21‚16
1195 3635 1361 3718 50,2.
1391 3633 1488 3698 19.
1521 3633 1601 3698 21
1680 3634 1870 3717 5532
1938 3633 2125 3717 7232
2191 3631 2382 3715 9924
2450 3631 2631 3714 107,7
2716 3629 2939 3714 116,ss
3011 3629 3263 3712 139,12.

553 3758 778 3834 aperte
843 3759 1056 3816 autem
1125 3752 1520 3835 collatorem,
1588 3772 1718 3816 non
1763 3751 2051 3818 criticum
2110 3749 2561 3833 adgnoscimus
2617 3769 2675 3815 e.
2728 3767 2823 3831 gr.
2883 3747 3087 3832 160,2,
3152 3747 3263 3814 ubi

556 3873 798 3953 μεγαλοι
851 3871 984 3934 οὐτε
1035 3871 1306 3938 dederat
1358 3871 1565 3956 prima
1619 3890 1866 3958 manus,
1934 3871 2105 3956 quod
2167 3876 2401 3955 postea
2452 3866 2545 3934 m'
2589 3867 2829 3953 optime
2884 3865 3153 3932 mutavit
3196 3866 3267 3931 in

556 3992 703 4074 μετὰ
746 3991 918 4075 λόγου
963 4016 1044 4056 τε.
1135 3991 1296 4056 haec
1352 3991 1472 4057 etsi
1527 4011 1658 4057 non
1713 3991 2043 4076 perspexit
2099 3996 2283 4056 vetus
2338 3994 2663 4055 corrector
2712 3986 2877 4052 vidit
2927 3991 3145 4053 tamen
3196 3985 3269 4051 id

555 4109 726 4192 quod
771 4110 858 4174 m¹
907 4111 1252 4195 scripserat
1294 4132 1422 4177 non
1451 4130 1718 4196 prorsus
1749 4111 2113 4176 consentire
2143 4131 2285 4175 cum
2316 4105 2655 4191 archetypi
2688 4105 2961 4172 obscura
2990 4106 3268 4172 lectione

555 4236 620 4295 ct
665 4250 946 4296 errorem
991 4229 1054 4294 in
1101 4255 1156 4295 οι
1201 4237 1266 4297 et
1308 4253 1372 4295 τε
1425 4230 1639 4295 inesse
1693 4238 1866 4296 recte
1919 4229 2188 4296 monuit:
2259 4234 2497 4316 μεγαλόι
2550 4226 2702 4292 obis.
2794 4225 3021 4292 eodem
3074 4225 3267 4290 modo

557 4349 986 4432 corruptelam
1016 4349 1324 4418 indicavit
1368 4351 1560 4434 5125
1595 4349 1802 4434 7339,
1850 4348 2237 4415 emendandi
2269 4349 2623 4433 periculum
2653 4367 2784 4412 non
2815 4343 3113 4429 suscepit.
3180 4344 3269 4412 dc

555 4474 825 4546 accentu
870 4468 962 4532 ita
1006 4449 1336 4534 dubitasse
1379 4469 1634 4536 videtur
1676 4470 1820 4551 40‚1
1854 4468 2043 4552 4135
2073 4469 2264 4550 42,15
2298 4467 2549 4547 12034.
2616 4485 2813 4533 causa
2852 4466 3010 4531 latet
3052 4464 3266 4542 5128.

729 4587 1064 4673 Prototypi
1141 4588 1334 4671 igitur
1415 4589 1707 4657 videmus
1782 4609 1927 4655 eam
2007 4586 2205 4654 fuisse
2280 4587 2719 4653 condicionem
2802 4603 2969 4670 quae
3033 4584 3274 4650 descri-

559 4707 786 4773 bentes
847 4707 1044 4774 variis
1095 4708 1578 4775 difficultatibus
1629 4714 1915 4775 vexaret.
2012 4707 2263 4774 accedit
2324 4707 2493 4792 quod
2557 4706 2929 4773 accentibus
2992 4712 3059 4772 et
3099 4704 3275 4788 aspi-

557 4827 824 4893 rationis
889 4827 1281 4894 indicatione
1349 4829 1573 4895 caruit.
1685 4847 1849 4914 quae
1915 4826 2145 4892 Veneti
2210 4825 2507 4892 librarius
2576 4846 2719 4892 cum
2778 4825 2863 4892 de
2926 4845 3045 4891 suo
3102 4823 3275 4890 arbi-
