3684 5567
1417 235 1577 293 ΠΕΡΙ
1618 235 2090 291 ΕΙΜΑΡΜΕΝΗΣ
2127 239 2264 290 4-6
3079 236 3200 300 169

580 411 687 493 γὰρ
732 410 824 473 ἐπὶ
872 410 1073 479 τέλους
1116 412 1263 478 τινὸς
1309 416 1393 495 τῷ
1442 414 1545 492 τῆς
1588 410 1941 493 εἱμαρμένης
1973 408 2212 493 ὀνόματι
2241 412 2532 495 χρώμεθα
2563 409 2702 473 καθ’
2737 406 3091 493 εἱμαρμένην

582 512 723 575 αὐτὸ
766 512 1031 593 λέγοντες
1059 513 1368 595 γεγονέναι.
1444 514 1533 575 διὸ
1566 512 1626 576 ἐν
1660 515 1778 579 τοῖς
1810 511 1984 574 ἕνεκά
2027 534 2130 573 του
2161 512 2477 593 γινομένοις
2523 513 2830 593 ἀναγκαῖον
2875 510 3095 574 τιθέναι
3136 515 3196 571 14

583 616 687 696 τὴν
742 614 1127 698 εἱμαρμένην·
1183 617 1279 678 καὶ
1334 615 1459 677 ἐπεὶ
1515 619 1631 676 τῶν
1684 613 1858 676 ἕνεκά
1910 638 2009 676 του
2067 614 2378 697 γινομένων
2425 614 2496 676 τὰ
2543 614 2648 697 μὲν
2691 611 2902 694 γίνεται
2947 612 3094 675 κατὰ

582 716 771 798 λόγον,
816 718 889 779 τὰ
933 718 999 780 δὲ
1043 718 1193 781 κατὰ
1236 717 1427 801 φύσιν,
1472 718 1511 800 ἢ
1545 717 1605 778 ἐν
1638 715 1990 799 ἀμφοτέροις
2021 716 2216 785 αὐτοῖς
2245 717 2350 799 τὴν
2381 716 2738 800 εἱμαρμένην
2781 716 3087 797 ἀναγκαῖον

512 838 543 887 5
580 818 723 882 εἶναι
770 820 1055 895 τίθεσθαι,
1104 823 1185 888 ὡς
1246 822 1433 882 πάντα
1484 818 1557 882 τὰ
1609 818 1916 901 γιγνόμενα
1969 816 2102 881 καθ’
2168 818 2520 903 εἱμαρμένην
2585 818 2844 900 γίνεσθαι
2889 817 3095 897 λέγειν,

582 922 619 1004 ἢ
666 922 726 985 ἐν
773 922 1025 1005 θατέρῳ.
1117 922 1267 983 ἀλλὰ
1310 922 1381 984 τὰ
1430 922 1533 1003 μὲν
1580 921 1725 983 κατὰ
1756 920 1926 1001 λόγον
1957 918 2225 1001 γινόμενα
2252 920 2438 1003 τούτῳ
2473 922 2636 983 δοκεῖ
2659 920 2916 1001 γίνεσθαι
2949 918 3096 981 κατὰ
3149 935 3177 977 5

584 1022 753 1105 λόγον
800 1029 883 1107 τῷ
932 1026 1029 1088 τὸν
1074 1028 1347 1087 ποιοῦντα
1392 1022 1539 1086 αὐτὰ
1584 1023 1676 1085 καὶ
1724 1026 1825 1085 τοῦ
1875 1024 1954 1104 μὴ
2003 1026 2184 1083 ποιεῖν
2231 1019 2390 1106 ἔχειν
2422 1022 2702 1091 ἐξουσίαν.
2791 1022 2864 1083 τά
2891 1044 2956 1083 τε
2985 1020 3094 1102 γὰρ

580 1126 691 1187 ὑπὸ
738 1132 854 1189 τῶν
900 1132 1178 1212 τεχνιτῶν
1222 1126 1493 1208 γινόμενα
1537 1126 1685 1188 κατὰ
1727 1125 1942 1209 τέχνην
1987 1124 2094 1187 οὐκ
2139 1124 2198 1192 ἐξ
2245 1126 2498 1208 ἀνάγκης
2552 1123 2650 1186 ὑπ’
2718 1123 2910 1187 αὐτῶν
2953 1123 3095 1205 γίνε-

582 1228 723 1309 σθαι
784 1230 947 1291 δοκεῖ
992 1228 1208 1311 (οὕτως
1259 1232 1395 1310 γοῦν
1452 1228 1694 1290 ἕκαστον
1748 1230 2008 1288 ποιοῦσιν
2065 1225 2254 1289 αὐτῶν
2315 1229 2396 1295 ὡς
2449 1226 2544 1289 καὶ
2605 1230 2706 1288 τοῦ
2763 1227 2844 1307 μὴ
2915 1227 3095 1286 ποιεῖν
3127 1239 3180 1281 ιο

484 1348 543 1395 10
580 1330 727 1393 αὐτὰ
772 1332 877 1413 τὴν
924 1330 1052 1413 ἴσην
1098 1328 1336 1414 ἔχοντες
1380 1329 1668 1398 ἐξουσίαν·
1716 1326 1799 1389 ἔτι
1845 1351 1908 1389 τε
1955 1332 2080 1396 πῶς
2125 1327 2231 1391 οὐκ
2263 1327 2479 1391 ἄτοπον
2511 1330 2614 1412 τὴν
2647 1328 2831 1391 οἰκίαν
2862 1327 2960 1389 καὶ
2989 1326 3094 1407 τὴν

586 1432 783 1515 κλίνην
829 1430 966 1494 καθ’
1022 1432 1375 1515 εἱμαρμένην
1421 1431 1607 1512 λέγειν
1650 1429 1942 1511 γεγονέναι
1999 1430 2038 1513 ἢ
2083 1430 2188 1512 τὴν
2243 1429 2418 1512 λύραν
2473 1428 2774 1513 ἡρμόσθαι
2827 1426 2964 1491 καθ’
3021 1428 3096 1489 εἱ-

580 1533 955 1617 μαρμένηνς),
1001 1534 1152 1596 ἀλλὰ
1200 1534 1313 1616 μὴν
1360 1536 1455 1596 καὶ
1502 1534 1584 1594 ὧν
1630 1530 1962 1615 προαίρεσις
2007 1532 2177 1613 κυρία
2221 1530 2432 1613 (ταῦτα
2487 1528 2539 1593 δ’
2597 1531 2751 1594 ἐστὶν
2799 1529 2911 1593 ὅσα
2953 1527 3080 1591 κατ’

584 1637 795 1719 ἀρετήν
840 1660 903 1699 τε
948 1637 1043 1698 καὶ
1089 1637 1292 1699 κακίαν
1337 1634 1677 1719 πράττεται)
1722 1634 1819 1696 καὶ
1867 1638 2048 1696 ταῦτα
2093 1632 2190 1717 ἐφ’
2245 1635 2386 1715 ἡμῖν
2432 1633 2576 1695 εἶναι
2622 1635 2801 1696 δοκεῖ.
2891 1631 2942 1694 εἰ
2989 1631 3082 1712 ἐφ’
3123 1648 3175 1689 15

582 1740 722 1820 ἡμῖν
768 1738 835 1800 δὲ
879 1741 1078 1812 ταῦτα,
1126 1739 1207 1800 ὧν
1256 1738 1350 1800 καὶ
1396 1741 1498 1799 τοῦ
1544 1736 1886 1819 πραχθῆναι
1931 1736 2026 1797 καὶ
2072 1739 2174 1798 τοῦ
2220 1736 2303 1819 μὴ
2349 1736 2686 1819 πραχθῆναι
2731 1736 2903 1817 ἡμεῖς
2949 1732 3096 1795 εἶναι

486 1859 544 1906 15
583 1842 865 1921 δοκοῦμεν
912 1840 1115 1923 κύριοι,
1161 1840 1379 1902 τούτων
1427 1839 1492 1902 δὲ
1536 1838 1651 1923 οὐχ
1696 1835 1817 1899 οἷόν
1865 1860 1928 1899 τε
1973 1837 2156 1917 λέγειν
2202 1838 2386 1899 αἰτίαν
2430 1838 2534 1919 τὴν
2571 1835 2926 1920 εἱμαρμένην
2959 1833 3094 1897 οὐδὲ

586 1941 775 2025 ἀρχὰς
818 1940 971 2003 εἶναί
1007 1963 1162 2009 τινας
1228 1942 1323 2003 καὶ
1390 1940 1571 2007 αἰτίας
1640 1937 1857 2008 ἔξωθεν
1925 1938 2557 2023 προκαταβεβλημένας
2625 1942 2724 2001 τοῦ
2781 1940 3012 2005 πάντως
3056 1936 3180 2018 ἢω

580 2042 849 2122 γενέσθαι
892 2066 947 2105 τι
989 2042 1183 2105 αὐτῶν
1228 2043 1266 2124 ἢ
1302 2041 1381 2124 μὴ
1428 2040 1699 2123 γενέσθαι
1745 2040 1968 2121 (οὐκέτι
2012 2041 2122 2123 γὰρ
2167 2040 2237 2103 ἂν
2283 2039 2376 2121 εἴη
2422 2064 2476 2103 τι
2521 2042 2738 2103 τούτων
2785 2038 2881 2123 ἐφ’
2933 2041 3095 2121 ἡμῖν,

584 2145 636 2206 εἰ
680 2144 899 2226 γένοιτο
942 2148 1145 2207 τοῦτον
1190 2144 1285 2205 τὸν
1332 2142 1595 2225 τρόπον),
1652 2143 1909 2205 λείπεται
1953 2143 2024 2225 δὴ
2070 2143 2270 2204 λοιπὸν
2317 2143 2420 2224 τὴν
2467 2143 2824 2226 εἱμαρμένην
2871 2142 2931 2205 ἐν
2977 2144 3094 2208 τοῖς
3135 2146 3204 2199 v1

583 2246 751 2329 φύσει
794 2246 1111 2329 γινομένοις
1163 2245 1308 2308 εἶναι
1362 2245 1567 2327 λέγειν,
1624 2248 1703 2313 ὡς
1754 2243 1901 2307 εἶναι
1957 2243 2162 2307 ταύτὸν
2220 2244 2573 2327 εἱμαρμένην
2629 2268 2692 2307 τε
2747 2246 2843 2307 καὶ
2907 2244 3096 2327 φύσιν.

472 2368 539 2413 20
582 2348 647 2411 τό
694 2372 757 2411 τε
802 2348 909 2431 γὰρ
954 2346 1302 2431 εἱμαρμένον
1348 2348 1496 2409 κατὰ
1540 2347 1711 2429 φὺσιν
1756 2348 1854 2409 καὶ
1901 2348 1967 2408 τὸ
2015 2346 2162 2409 κατὰ
2211 2346 2380 2429 φύσιν
2411 2346 2778 2430 εἱμαρμένον.
2869 2344 2936 2407 οὔ
2983 2344 3089 2428 γὰρ
3119 2361 3175 2403 25

576 2452 721 2514 κατὰ
768 2452 938 2535 φύσιν
987 2450 1091 2531 μέν
1136 2451 1287 2513 ἐστιν
1333 2449 1645 2532 ἄνθρωπον
1694 2448 1753 2517 ἐξ
1799 2449 2118 2531 ἀνθρώπου
2162 2450 2258 2511 καὶ
2289 2450 2464 2511 ἵππον
2509 2448 2568 2517 ἐξ
2601 2450 2778 2511 ἵππου
2809 2448 3090 2529 γίνεσθαι,

574 2552 643 2616 οὐ
690 2552 825 2616 καθ’
882 2553 1238 2637 εἱμαρμένην
1297 2550 1382 2629 δέ,
1438 2550 1589 2613 ἀλλὰ
1646 2550 1940 2613 συνοδεύει
1993 2550 2064 2613 τὰ
2117 2548 2271 2612 αἴτια
2329 2554 2508 2613 ταῦτα
2565 2550 2838 2633 ἀλλήλοις
2895 2554 2976 2617 ὡς
3023 2547 3092 2610 ἂν

578 2653 793 2739 ἔχοντα
839 2655 987 2718 κατὰ
1030 2652 1282 2735 τοῦνομα
1328 2654 1502 2735 μόνον
1548 2654 1653 2736 τὴν
1698 2654 2000 2737 διαφοράν.
2107 2653 2195 2715 διὸ
2254 2654 2348 2715 καὶ
2405 2652 2478 2715 τὰ
2531 2658 2736 2737 πρῶτα
2792 2658 2893 2735 τῆς
2948 2651 3094 2714 κατὰ

576 2757 743 2840 φύσιν
800 2758 1065 2826 ἑκάστοις
1116 2756 1397 2838 γενέσεως
1457 2754 1610 2819 αἴτια
1664 2753 1853 2838 (ἔστιν
1915 2756 1982 2819 δὲ
2033 2760 2214 2818 ταῦτα
2267 2754 2390 2839 (τὰ)
2444 2757 2578 2819 θεῖα
2633 2758 2728 2819 καὶ
2791 2757 2829 2838 ἡ
2875 2755 3093 2817 τούτων
3121 2768 3178 2811 ω

472 2880 537 2927 25
575 2857 851 2927 εὔτακτος
896 2860 1213 2943 περιφορὰ)
1258 2860 1355 2923 καὶ
1400 2866 1509 2942 τῆς
1551 2858 1907 2942 εἱμαρμένης
1960 2856 2115 2921 αἴτια
2159 2858 2440 2939 λέγουσιν.
2531 2860 2722 2942 πάσης
2777 2859 2885 2941 γὰρ
2942 2856 3092 2938 γενέ·

576 2984 726 3030 σεως
770 2962 927 3045 ἀρχὴ
976 2964 1013 3042 ἡ
1060 2967 1176 3023 τῶν
1224 2962 1399 3025 θείων
1445 2962 1595 3024 κατὰ
1637 2962 1740 3043 τὴν
1785 2962 2007 3043 κίνησιν
2057 2959 2197 3022 ποιὰ
2243 2960 2446 3043 σχέσις
2475 2960 2620 3043 πρὸς
2660 2960 2730 3022 τὰ
2759 2962 2924 3043 τῇδε.
2999 2957 3092 3022 οὔ·

580 3084 689 3148 σης
731 3064 797 3126 δὲ
841 3069 945 3146 τῆς
990 3064 1342 3146 εἱμαρμένης
1396 3064 1457 3126 ἐν
1512 3064 1732 3130 τούτοις
1784 3086 1848 3125 τε
1903 3063 1998 3125 καὶ
2053 3062 2322 3144 τοιαύτης
2367 3062 2672 3144 ἀναγκαῖον
2728 3065 2808 3130 ὣς
2867 3062 2934 3125 ἂν
2981 3060 3098 3147 ἔχῃ
3139 3067 3200 3123 16

575 3166 647 3229 τὰ
691 3166 965 3249 γινόμενα
1008 3167 1156 3230 κατὰ
1199 3166 1369 3249 φύσιν
1416 3168 1600 3234 οὕτως
1645 3164 1805 3249 ἔχειν
1852 3166 1948 3227 καὶ
1994 3164 2067 3226 τὰ
2112 3162 2251 3227 καθ’
2320 3164 2692 3248 εἱμαρμένην.
2781 3164 2932 3227 ἀλλὰ
2979 3166 3093 3248 μὴν

578 3269 649 3331 τὰ
692 3268 961 3350 γινόμενα
1005 3268 1155 3331 κατὰ
1200 3270 1369 3352 φύσιν
1416 3268 1522 3330 οὐκ
1567 3266 1627 3335 ἐξ
1674 3268 1928 3349 ἀνάγκης
1973 3266 2204 3347 γίνεται,
2253 3264 2372 3327 ἀλλ’
2431 3264 2585 3328 ἔστιν
2631 3268 2669 3349 ἢ
2715 3267 2934 3348 γένεσις
2977 3272 3094 3330 τῶν

473 3390 544 3438 30
582 3372 735 3434 οὕτω
780 3371 1093 3452 γινομένων
1140 3369 1565 3451 ἐμποδιζομένη
1612 3368 1657 3450 †
1706 3368 1792 3430 διὸ
1839 3368 1980 3429 ποτὲ
2028 3370 2130 3449 μὲν
2177 3372 2260 3437 ὡς
2305 3368 2398 3430 ἐπὶ
2446 3370 2511 3431 τὸ
2557 3372 2823 3432 πλεῖστον
2866 3370 2968 3451 μὲν
3013 3393 3097 3451 γι-
3148 3387 3176 3429 5

572 3496 727 3537 νεται
769 3473 843 3535 τὰ
886 3471 1155 3555 γινόμενα
1201 3471 1347 3534 κατὰ
1392 3471 1582 3554 φύσιν,
1627 3470 1694 3533 οὐ
1742 3471 1858 3554 μὴν
1906 3470 1966 3539 ἐξ
2013 3470 2272 3555 ἀνάγκης
2317 3469 2526 3556 [ἔχει].
2617 3474 2820 3555 χώραν
2863 3471 2974 3555 γὰρ
3029 3472 3088 3533 ἐν

471 3779 503 3831 2
559 3797 614 3831 τε
660 3777 783 3830 αὐτὸ
832 3778 1091 3831 Eusebius
1350 3796 1443 3831 του
1490 3777 1765 3847 γινομένων
1811 3779 2084 3846 γινομένοις
2131 3778 2186 3829 a'
2441 3779 2634 3847 ἀνάγκη
2686 3779 2742 3829 8²
3002 3780 3034 3831 5
3079 3779 3203 3831 εἶναι

472 3882 573 3919 om.
621 3867 723 3919 a¹O
974 3866 1004 3916 6
1042 3865 1191 3934 λόγον
1239 3864 1497 3934 γινόμενα]
1548 3882 1602 3916 ον
1638 3882 1667 3933 γ
1706 3867 1761 3916 in
1799 3865 1878 3916 lit.
1915 3870 1964 3916 V
2215 3864 2246 3915 7
2299 3871 2430 3917 ποιεῖ
2474 3864 2589 3917 Cas.
2839 3864 2882 3927 9ι
2910 3864 3054 3933 γοῦν]
3109 3865 3202 3935 γὰρ

470 3952 633 4005 Lond.
674 3955 720 4006 O
955 3952 1124 4004 αὐτῶν
1163 3952 1293 4003 Va¹2
1348 3951 1492 4003 αὐτοὶ
1529 3950 1584 4002 ⁸²
1838 3953 1901 4004 10
1943 3950 2020 4019 τε]
2077 3950 2130 4003 δὲ
2179 3956 2273 4005 ΕΟ
2533 3953 2590 4003 ll
2639 3952 2698 4019 ἡ]
2749 3953 2836 4003 καὶ
2874 3956 2919 4006 Ο

474 4040 555 4091 11.
599 4038 662 4091 12
710 4035 837 4091 καθ’
878 4039 1181 4109 εἱμαρμένην
1228 4054 1326 4089 om.
1366 4036 1420 4088 εἳ
1675 4039 1735 4090 14
1796 4038 1940 4107 ἡμεῖς
1988 4054 2088 4091 om.
2136 4038 2191 4089 α’)
2446 4038 2507 4093 15
2561 4038 2658 4090 οὐκ
2705 4040 2758 4090 8¹
3013 4038 3075 4089 18
3131 4040 3199 4103 εἰ]

469 4126 501 4193 ἣ
540 4126 597 4177 ⁸²
810 4126 881 4177 20
914 4126 1047 4177 κατὰ
1084 4123 1227 4193 (ρι’),σιν
1266 4124 1719 4197 καὶ-εἱμαρμένον
1757 4125 1876 4177 add.
1917 4124 1988 4175 V²
2188 4124 2249 4177 21
2294 4128 2380 4178 καὶ
2417 4142 2516 4177 om.
2556 4125 2671 4177 CaS.
2887 4125 2953 4176 22
2993 4123 3202 4190 οὒ-δέ]

470 4242 599 4298 καθ’
640 4246 945 4315 εἱμαρμένην
991 4244 1043 4295 δὲ
1082 4243 1141 4295 οὔ
1180 4246 1292 4298 :2²0
1542 4246 1609 4297 24
1664 4247 1799 4298 αἴτια
1847 4246 1998 4310 (ἔστιν
2045 4244 2096 4297 δὲ
2145 4250 2305 4298 ταῦτα
2351 4246 2456 4308 (τὰ)
2504 4246 2716 4314 scripsi:
2770 4246 2934 4298 αῖτιασ
2979 4246 3080 4298 ἔστι
3119 4234 3200 4299 ὅδὲ

467 4336 627 4385 ταῦτα
666 4334 761 4383 V¹=
801 4332 935 4383 αἴτια
971 4333 1089 4383 τάτε
1128 4332 1326 4383 V²Ba¹z
1366 4331 1499 4384 αἴτια
1536 4336 1609 4384 H:
1648 4332 1781 4384 αἴτιά
1818 4333 1973 4385 ἐστιν·
2031 4333 2078 4384 οἱ
2115 4332 2166 4384 δὲ
2205 4333 2334 4385 αὐτὰ
2364 4334 2428 4384 τὰ
2467 4336 2562 4383 ΚΕ
2602 4337 2715 4399 (pro
2754 4333 2801 4385 οἱ
2840 4332 2920 4384 δὲι
2959 4334 3072 4402 ἤτοι
3109 4335 3200 4395 ΕἸ)

471 4418 565 4471 Sa²
610 4420 774 4471 Loud.
821 4419 931 4483 (sed
980 4418 1061 4470 hic
1112 4418 1159 4469 οἳ
1204 4415 1279 4481 δ’)
1327 4420 1464 4470 Cas-‚2
1524 4419 1657 4471 αἴτια
1702 4421 1765 4469 τὰ
1801 4423 1847 4473 O
2181 4419 2239 4489 ἡ]
2298 4421 2391 4488 τὴν
2437 4418 2494 4470 a²
2828 4419 2895 4472 25
2952 4418 3197 4472 εὔτακτον

470 4508 744 4575 περιφορὰν
781 4505 837 4557 a²
1138 4504 1191 4557 δὲ
1239 4505 1374 4558 αἴτια
1409 4505 1630 4574 λέγουσιν
1676 4508 1739 4557 τὰ
1785 4504 1913 4557 αὐτά
1949 4504 2074 4558 V²a¹
2359 4506 2424 4557 26
2479 4506 2572 4575 τὴν
2620 4521 2718 4558 om.
2765 4508 2816 4557 ε’

470 4616 609 4697 τῆὶδε
655 4628 731 4679 sic
782 4630 826 4677 V
1182 4628 1247 4679 27
1305 4645 1358 4678 τε
1406 4642 1505 4679 om.
1556 4625 1610 4677 εἷ’
2027 4626 2096 4678 30
2150 4626 2513 4696 ἐμποδιζομένη
2573 4628 2709 4679 ποτέ.
2784 4627 2858 4680 διὸ
2916 4626 3076 4696 [μὲν]
3129 4627 3200 4685 ὡς

470 4716 613 4767 Diels
826 4716 945 4767 ποτὲ
984 4717 1097 4783 μὲν]
1147 4732 1238 4784 περ
1276 4716 1319 4765 Β
1534 4713 1624 4781 μὲν
1661 4728 1761 4765 om.
1800 4714 1931 4767 220:
1979 4720 2096 4781 post
2141 4715 2326 4783 γίνεται
2375 4714 2490 4765 coll.
2537 4718 2584 4767 Η
2831 4714 2892 4766 31
2953 4714 3062 4789 ἔχει
3099 4716 3198 4768 del.

472 4801 567 4853 V':
608 4816 707 4853 om.
744 4801 849 4853 2¹0
