3684 5567
574 264 660 327 50
1546 259 1851 316 ΑΙΙΟΡΙΩΝ
1893 259 2012 315 ΚΑΙ
2053 258 2319 315 ΛΥΣΕΩΝ

680 436 885 520 ἐκείνῳ
928 437 1189 505 πλείονος
1232 442 1336 519 τῆς
1370 436 1529 505 θείας
1574 436 2014 520 μεταλαμβάνον
2060 437 2364 514 δυνάμεως
2403 433 2819 497 εἰδοποιεῖσθαι
2867 431 3182 515 θερμότητι
3210 446 3264 487 1⁰

682 540 777 601 καὶ
826 538 1092 623 ξηρότητι
1144 540 1353 621 (ταῦτα
1398 540 1507 621 γὰρ
1552 538 1624 601 τὰ
1669 544 1874 622 πρῶτα
1917 543 2031 599 τῶν
2081 536 2180 600 ἀπ’
2238 538 2470 601 ἐκείνων
2529 537 2589 599 ἐν
2634 541 2752 605 τοῖς
2799 536 3032 619 θνητοῖς
3075 537 3180 597 πά·

680 641 819 723 θη),
877 646 941 704 τὸ
998 644 1061 705 δὲ
1116 646 1312 705 πλεῖον
1368 642 1620 725 ἀφεστὸς
1673 647 1788 703 τῶν
1842 642 2056 723 ταύτης
2109 647 2215 724 τῆς
2259 642 2584 725 μεταβολῆς
2637 664 2698 703 τε
2753 641 2846 702 καὶ
2902 639 3180 721 γενέσεως

678 744 873 807 αἰτίων
920 746 1069 828 αὐτῇ
1120 746 1297 808 θείων
1346 747 1634 828 σωμάτων
1690 746 1727 827 ἢ
1776 748 1964 827 πάντῃ
2018 750 2136 811 τοῖς
2203 742 2410 826 εἴδεσι)
2463 742 2680 805 τούτων
2728 742 2997 809 ἐναντίως
3041 742 3181 803 efflo-
3210 759 3263 800 ιτ.

604 866 634 913 5
675 848 989 923 ποιεῖσθαι,
1034 850 1073 929 ἢ
1122 850 1184 910 τὸ
1235 848 1338 930 μέν
1378 872 1431 911 τι
1473 848 1713 920 τούτων,
1752 849 1816 909 τὸ
1850 847 1915 910 δέ
1958 870 2010 908 τι
2055 852 2168 909 τῶν
2199 832 2422 913 τούτοις
2464 846 2734 908 ἐναντίων
2780 844 2933 913 εἶδός
2977 868 3038 907 τε
3085 846 3180 907 καὶ

679 952 868 1019 πάθος
911 952 1227 1035 λαμβάνειν
1282 951 1427 1015 κατὰ
1482 953 1587 1034 τὴν
1634 952 1868 1013 ἐκείνων
1925 950 2132 1013 ἄλλοτε
2192 950 2428 1011 ἀλλοίαν
2483 950 2624 1032 πρὸς
2667 948 2738 1011 τὰ
2793 950 2934 1030 τῇδε
2978 946 3180 1031 σχέσιν

679 1052 771 1115 διὰ
818 1056 921 1137 τὴν
953 1054 1047 1116 ἐπὶ
1094 1058 1196 1116 τοῦ
1238 1055 1499 1117 τοιούτου
1546 1055 1765 1136 κίνησιν
1798 1054 2008 1116 κύκλου
2054 1051 2346 1136 διαφόρως
2390 1053 2874 1134 εἰδοποιούμενον.
2949 1050 3182 1134 τοιαύτη
3209 1066 3266 1107 2⁰

671 1156 779 1240 γὰρ
824 1160 861 1240 ἡ
908 1162 1010 1219 τοῦ
1057 1160 1347 1241 ζῳδιακοῦ
1394 1158 1671 1229 διάθεσις,
1738 1155 1832 1239 ἐφ’
1897 1156 1965 1219 οὔ
2013 1154 2525 1240 κινούμενα·ἧλιός
2569 1178 2630 1217 τε
2675 1156 2770 1217 καὶ
2818 1156 3035 1239 σελήνη
3079 1154 3176 1215 καὶ

671 1258 741 1321 τὰ
787 1259 937 1323 ἄλλα
982 1262 1049 1323 τὰ
1096 1260 1427 1323 πλανᾶσθαι
1471 1264 1587 1322 τῶν
1620 1258 1880 1343 ἀστέρων
1925 1259 2206 1341 λεγόμενα
2239 1263 2326 1343 τῷ
2361 1257 2464 1337 μέν
2511 1282 2616 1321 τινι
2659 1264 2763 1341 τῆς
2809 1258 2949 1339 ὕλης
2996 1256 3176 1340 μέρει,

574 1383 633 1428 10
672 1358 722 1447 ᾧ
761 1366 978 1445 μᾶλλον
1024 1364 1062 1447 ἢ
1109 1364 1204 1425 καὶ
1237 1362 1528 1445 ἐγγυτέρω
1574 1360 1892 1445 πρόσεισιν,
1939 1362 2170 1445 ἑκάστῳ
2217 1359 2578 1444 θερμότητός
2621 1384 2684 1423 τε
2728 1360 2826 1423 καὶ
2871 1359 3262 1443 ξηρότητος-25

670 1464 825 1529 αἴτια
870 1466 1107 1549 γίνεται,
1162 1466 1223 1527 ἐν
1270 1466 1358 1535 οἷς
1401 1466 1467 1527 τὸ
1515 1464 1661 1527 εἶναι
1705 1470 1790 1547 τῷ
1838 1466 2005 1548 πυρί,
2055 1464 2062 1549 Ι
2111 1470 2195 1549 τῷ
2243 1466 2307 1528 δὲ
2355 1462 2714 1547 θερμότητός
2769 1488 2832 1528 τε
2877 1466 2972 1528 καὶ
3018 1466 3177 1548 ὑγρό-
3217 1474 3287 1529 93

670 1593 865 1653 τητος,
924 1571 1049 1653 ἥτις
1100 1569 1269 1653 φύσις
1323 1568 1522 1652 ἀέρος,
1586 1572 1673 1652 τῷ
1729 1566 1780 1631 δ’
1838 1566 2151 1650 ὑγρότητός
2211 1591 2270 1629 τε
2324 1568 2422 1630 καὶ
2476 1568 2864 1651 ψυχρότητος,
2927 1570 2966 1651 ἥ
3027 1568 3178 1630 ἐστιν

671 1672 876 1739 ὕδατος
920 1673 1114 1754 φύσις,
1175 1676 1261 1757 τῷ
1309 1673 1373 1734 δὲ
1418 1676 1521 1755 τῆς
1568 1668 1672 1732 ἔτι“
1697 1670 2191 1753 καταλειπομένης
2245 1671 2312 1733 ἐκ
2357 1675 2473 1732 τῶν
2521 1672 2722 1732 ἁπλῶν
2772 1675 2885 1733 τῶν
2931 1674 3178 1753 πρώτων

674 1776 775 1837 δύο
830 1775 1252 1849 ἐναντιώσεων,
1314 1776 1465 1858 ἥπερ
1524 1774 1645 1837 ἐστὶ
1700 1773 1996 1859 ψυχρότης
2055 1797 2116 1836 τε
2169 1775 2265 1835 καὶ
2322 1773 2596 1856 ξηρότης,
2659 1773 2697 1835 ἃ
2753 1775 2857 1855 τὴν
2913 1778 3018 1857 τῆς
3071 1780 3180 1857 γῆς
3232 1790 3262 1831 τ»

571 1898 632 1945 15
674 1878 969 1961 συνίστησι
1014 1878 1202 1962 φύσιν.
1272 1879 1369 1940 καὶ
1413 1882 1648 1939 τοιαῦτα
1697 1880 1800 1959 μὲν
1845 1879 1918 1940 τὰ
1960 1878 2075 1939 ἀπὸ
2123 1882 2225 1959 τῆς
2270 1877 2431 1945 θείας
2479 1878 2777 1957 δυνάμεως
2821 1874 2947 1959 εἴδη
2993 1876 3054 1937 ἐν
3099 1884 3173 1961 τῇ

670 1982 781 2065 ῦλῃ
830 1982 985 2043 ἁπλᾶ
1043 2004 1103 2043 τε
1150 1982 1244 2043 καὶ
1290 1987 1493 2064 πρῶτα
1538 1980 1665 2064 εἷ’ὂη
1720 1982 2004 2062 γενόμενα
2056 1986 2160 2063 τῆς
2215 1985 2331 2041 τῶν
2389 1981 2590 2041 ἁπλῶν
2646 1982 2937 2061 σωμάτων
2983 1980 3178 2049 οὐσίας

669 2109 732 2147 τε
778 2086 875 2147 καὶ
929 2083 1161 2166 φύσεως
1204 2082 1384 2157 αἴτια,
1444 2084 1517 2146 τὰ
1562 2083 1612 2146 δ’
1670 2084 1737 2145 ἐκ
1791 2090 1896 2167 τῆς
1949 2084 2166 2146 τούτων
2223 2084 2490 2165 γινόμενα
2536 2081 2740 2165 μίξεως
2795 2106 2856 2145 τε
2903 2086 2996 2145 καὶ
3043 2086 3175 2166 κρά-
3206 2098 3260 2139 1⁰

670 2210 820 2255 σεως
865 2188 967 2250 ἅτε
1015 2186 1293 2249 πλειόνων
1340 2192 1725 2249 κοινωνοῦντα
1771 2189 2076 2271 ὃυνοίμεών
2130 2210 2192 2248 τε
2237 2188 2330 2249 καὶ
2377 2184 2666 2269 διαφόρων
2713 2188 3002 2267 σωμάτων
3049 2186 3172 2249 σύν-

667 2292 811 2353 θετά
854 2314 917 2352 τε
964 2290 1077 2373 ἤδη
1123 2291 1367 2372 γίγνεται
1414 2290 1509 2352 καὶ
1554 2288 1907 2373 τελειότερα,
1961 2290 2057 2351 καὶ
2103 2290 2142 2371 ἡ
2189 2289 2479 2371 τελειότης
2523 2290 2588 2350 δὲ
2632 2290 2728 2351 καὶ
2773 2289 2837 2351 τὸ
2884 2288 3036 2357 εἶδος
3079 2288 3176 2350 αὐ-

563 2416 629 2460 20
665 2400 785 2461 τοῖς
830 2394 1099 2477 διαφέρον
1145 2394 1389 2475 γίγνεται
1446 2394 1593 2456 κατά
1638 2416 1699 2455 τε
1744 2393 1848 2474 τὴν
1905 2392 1964 2453 ἐν
2011 2396 2130 2459 τοῖς
2175 2394 2426 2475 πρώτοις
2477 2390 2784 2473 εἰρημένην
2830 2397 2945 2453 τῶν
2993 2393 3052 2454 ἐν
3099 2396 3172 2474 τῇ
3206 2407 3258 2449 15

670 2498 814 2579 μίξει
860 2502 976 2558 τῶν
1009 2501 1298 2579 σωμάτων
1344 2497 1643 2579 διαφοράν.
1717 2494 1840 2558 ἔστι
1883 2494 1992 2578 γὰρ
2039 2494 2228 2557 αὐτῶν
2273 2494 2346 2556 τὰ
2380 2495 2482 2575 μὲν
2528 2492 2844 2577 λέπτ’τερα
2889 2498 2982 2558 καὶ
3013 2519 3174 2577 ποιη·

670 2602 949 2683 τικώτερα
992 2599 1261 2682 (τοιαῦτα
1304 2600 1433 2681 γάρ,
1484 2598 1595 2662 ὅσα
1640 2596 1926 2681 ἐγγυτέρω
1973 2602 2158 2659 κεῖται
2201 2603 2306 2679 τῆς
2350 2600 2465 2658 τῶν
2515 2596 2688 2658 θείων
2729 2595 3059 2679 κινήσεως),
3105 2596 3176 2659 τὰ

666 2703 731 2765 δὲ
784 2702 1263 2787 παχυμερέστερα
1323 2704 1417 2763 καὶ
1470 2704 1950 2784 παθητικώτερα,
2019 2700 2130 2762 ὅσα
2188 2699 2361 2762 πλέον
2426 2698 2721 2783 ἀφέστηκε
2781 2704 2884 2781 τῆς
2940 2700 3176 2761 ἐκείνων

665 2810 867 2889 φορᾶς.
960 2804 1071 2867 ὅσα
1120 2806 1221 2885 μὲν
1268 2804 1372 2887 γὰρ
1428 2811 1545 2867 τῶν
1591 2806 1651 2866 ἐν
1698 2810 1771 2885 τῇ
1820 2804 1964 2885 μίξει
2008 2827 2071 2865 τε
2115 2804 2212 2865 καὶ
2257 2804 2458 2885 κράσει
2503 2805 2700 2865 πλεῖον
2747 2801 2872 2887 ἔχει
2917 2808 3032 2866 τῶν
3090 2806 3176 2866 λε·
3203 2819 3261 2860 m

560 2929 626 2976 25
664 2914 970 2991 πτομερῶν
1002 2931 1063 2969 τε
1094 2908 1190 2969 καὶ
1238 2908 1666 2991 καθαρωτέρων
1700 2910 2018 2989 σωμάτων,
2064 2906 2282 2968 τούτων
2328 2904 2679 2989 τελειότερον
2727 2907 2790 2967 τὸ
2837 2905 3008 2983 εἶδος,
3063 2906 3174 2969 ὅσα

666 3013 729 3073 δὲ
774 3016 874 3073 τοῦ
925 3011 1027 3093 μὲν
1086 3009 1347 3072 τοιούτου
1395 3014 1666 3091 σώματος
1721 3008 1955 3071 ἔλαττον
2003 3009 2064 3071 ἐν
2118 3009 2313 3075 αὑτοῖς
2358 3006 2514 3093 ἔχει,
2569 3014 2766 3072 πλεῖον
2821 3010 2886 3071 δὲ
2929 3014 3029 3071 τοῦ
3075 3034 3178 3071 πα-

669 3115 915 3197 θητικοῦ
962 3134 1022 3173 τε
1067 3113 1163 3174 καὶ
1209 3113 1743 3197 παχυμερεστέρου,
1790 3112 2006 3174 τούτων
2054 3112 2148 3174 καὶ
2197 3112 2260 3173 τὸ
2306 3110 2458 3179 εἶδος
2501 3112 2891 3195 ἀτελέστερον.
3201 3127 3256 3170 25

672 3317 772 3379 lv.
850 3312 1017 3389 Ὅτι,
1065 3319 1129 3379 εἰ
1174 3322 1292 3380 τοῦ
1324 3316 1423 3401 ἐφ’
1468 3320 1631 3401 ἡμῖν
1664 3324 1737 3380 τὸ
1772 3318 2256 3397 ἀντικείμενον
2305 3318 2396 3400 μὴ
2431 3315 2531 3401 ἐφ’
2574 3320 2768 3400 ἡμῖν,
2815 3314 2958 3379 οὐδ’
3001 3318 3168 3381 αὐτὸ
3211 3326 3284 3381 94

1063 3418 1191 3503 [ἐφ’
1233 3422 1433 3503 ἡμῖν,
1482 3420 1669 3504 οὐδὲ]
1718 3422 1791 3483 τὸ
1838 3420 1938 3503 ἐφ’
1981 3424 2148 3503 ἡμῖν
2195 3417 2296 3504 ἐφ’
2341 3423 2506 3503 ἡμῖν
2552 3418 2766 3484 ἔσται.

572 3596 637 3643 30
846 3574 915 3639 Εἰ
962 3574 1051 3657 ἐφ’
1096 3577 1233 3657 ἡμῖν
1280 3576 1401 3640 ἐστι
1448 3581 1639 3651 τοῦτο,
1686 3575 1753 3638 οὖ
1802 3578 1866 3638 τὸ
1913 3577 2300 3659 ἀντικείμενον
2351 3574 2489 3660 [μὴ]
2538 3576 2631 3659 ἐφ’
2681 3580 2839 3661 ἡμῖν,
2885 3578 2951 3641 τὸ
2997 3578 3065 3641 οὔ
3113 3581 3176 3643 τὸ
3229 3598 3259 3639 ὅ

2457 3684 2486 3697 ἢν
2534 3676 2582 3699 ἢ,

674 3679 1057 3761 ἀντικείμενον
1106 3679 1185 3761 μὴ
1234 3677 1327 3762 ἐφ’
1382 3681 1551 3762 ἡμῖν,
1607 3679 1792 3742 ἐκεῖνο
1838 3680 1944 3741 οὐκ
1989 3678 2081 3764 ἐφ’
2136 3682 2293 3763 ἡμῖν.
2385 3703 2485 3741 του
2531 3700 2562 3741 ο
2639 3680 2730 3762 ἐφ’
2786 3683 2924 3763 ἡμῖν
2971 3684 3035 3746 τὸ
3083 3686 3173 3746 ἀν-

562 3876 592 3927 2
632 3877 683 3927 ἐν
724 3882 821 3934 τοῖς
858 3876 951 3927 G2:
993 3877 1165 3929 ἅυτοῖσ
1203 3878 1278 3930 sic
1300 3882 1363 3928 V:
1404 3877 1571 3936 αὐτοῖς
1610 3878 1868 3931 G¹BFSaz
1907 3883 2012 3933 τοῖς
2049 3879 2181 3929 coni.
2221 3882 2308 3945 Sp.
2495 3878 2528 3928 4
2565 3876 2698 3947 αὐτῇ
2735 3882 2854 3931 HB:
2894 3880 3021 3950 αὐτη
3056 3886 3120 3932 V:
3157 3881 3287 3952 αὕτη

562 3967 681 4015 GSa
857 3962 1006 4015 θείων
1044 3967 1253 4032 scripsi:
1298 3966 1398 4017 οἷον
1436 3966 1554 4019 libri
1734 3972 1837 4022 τοῖς
1875 3964 2065 4027 <εἴδεσι>
2093 3966 2304 4032 scripsi:
2345 3970 2462 4032 post
2508 3972 2612 4023 τοῖς
2649 3982 2826 4017 rasura
2863 3966 3000 4018 4-5
3040 3970 3135 4021 litt.
3161 3974 3206 4019 V

561 4052 796 4109 ἐναντίως
822 4053 1030 4119 scripsi:
1068 4053 1304 4105 ἐναντίων
1331 4053 1475 4104 libri:
1517 4052 1750 4110 ἐναντίοις
1777 4056 1865 4119 Sp.
2009 4054 2058 4103 4.
2099 4054 2129 4105 5
2169 4054 2637 4106 εἰδοποιεῖταινίοῐ.
2780 4054 2812 4105 5
2849 4054 3042 4112 τούτοις
3075 4060 3286 4124 scripsi:

560 4138 755 4191 τούτων
783 4140 899 4189 libri
1068 4140 1303 4192 ἐναντίων
1331 4141 1441 4191 ΙΝΗ
1476 4144 1587 4207 Sp.:
1636 4140 1856 4191 ἐναντίον
1891 4134 2131 4193 VSGF²a
2302 4142 2359 4191 17
2401 4140 2656 4208 τοιούτου]
2697 4140 2925 4211 οὐρανίου
2957 4142 3214 4195 Schwartz

560 4228 592 4279 8
619 4226 852 4291 διάθεσις]
893 4226 1023 4283 θέσις
1056 4228 1186 4279 vict.
1342 4229 1372 4277 9
1410 4228 1608 4295 ἄστρων
1635 4230 1725 4294 Sp.
1876 4230 1938 4278 10
1977 4244 2049 4295 pr.
2089 4229 2176 4279 καὶ
2213 4244 2310 4279 om.
2345 4248 2372 4277 a
2401 4232 2490 4295 Sp.
2641 4230 2696 4281 ll
2743 4248 2872 4281 αιτια
2900 4235 2948 4279 V
3096 4232 3155 4283 13
3193 4236 3286 4301 τῆς

562 4314 723 4365 Vict.:
754 4322 856 4371 τοῖς
885 4314 999 4365 libri
1148 4314 1575 4383 καταλειπομένης
1601 4318 1717 4381 Sp.:
1758 4315 2198 4383 καταλειπομένοις
2228 4317 2344 4368 libri
2493 4317 2554 4368 14
2593 4316 2720 4387 ἥπερ
2747 4318 2903 4369 vich:
2941 4318 3068 4389 ἅπερ
3095 4321 3214 4371 libri

568 4417 625 4468 19
666 4417 716 4468 δὲ
756 4418 971 4483 scripsi:
1010 4404 1064 4469 τε
1104 4418 1223 4484 (sir)
1264 4422 1390 4469 VH:
1428 4437 1480 4469 τε
1522 4424 1639 4471 sna
1664 4423 1779 4486 Sp.:
1830 4436 1929 4471 om.
1972 4423 2011 4471 F
2197 4422 2273 4472 19.
2312 4422 2379 4473 20
2417 4422 2587 4478 αὐτοῖς
2629 4422 2715 4473 καὶ
2752 4421 2808 4472 τὸ
2847 4420 2971 4479 εἶδος
3013 4424 3090 4475 111¹
3117 4425 3286 4490 signis

560 4504 815 4571 adpositis
861 4506 935 4555 ita
986 4506 1193 4557 colloca
1254 4505 1339 4555 καὶ
1376 4504 1431 4555 τὸ
1470 4505 1594 4563 εἶδος
1642 4506 1809 4564 αὐτοῖς
1848 4511 1922 4559 V:
1980 4507 2148 4565 αὐτοῖς
2185 4510 2270 4560 καὶ
2318 4509 2376 4561 τὸ
2427 4508 2551 4566 εἶδος
2587 4513 2659 4561 B:
2721 4512 2901 4562 καὶτὸ
2948 4510 3072 4568 εἶδος
3119 4509 3289 4567 αὐτοῖς

564 4612 723 4663 FsGa
764 4611 850 4674 Sp.
1030 4610 1091 4659 21
1138 4608 1376 4679 διαφοράν
1414 4612 1540 4661 FGa
1565 4612 1681 4675 Sp.:
1721 4599 1951 4683 διαφοραὶ
1991 4614 2113 4678 (sic)
2145 4617 2212 4662 V:
2253 4612 2464 4683 διαφορᾷ
2487 4616 2612 4665 BH:
2651 4612 2862 4683 διαφορά
2887 4617 2924 4666 S
3103 4614 3287 4666 2130&-

561 4702 668 4746 τοῖσ
708 4700 751 4743 V
969 4696 1034 4747 28
1091 4696 1133 4747 εί
1169 4698 1263 4748 τοῦ
1298 4695 1377 4765 ἐφ”
1414 4698 1534 4765 ἡμῖν
1574 4697 1630 4748 τὸ
1668 4700 1874 4751 tabula:
1931 4700 1972 4751 εἰ
2021 4706 2168 4751 τοῦτο
2208 4702 2272 4767 (εί
2309 4704 2380 4767 H)
2437 4698 2520 4771 ἐφ’
2569 4702 2690 4771 ἡμῖν
2729 4700 2788 4753 οὗ
2843 4700 2900 4753 τὸ
2958 4702 3076 4754 libri

562 4782 675 4833 οὐδὲ
713 4782 769 4833 τὸ
808 4782 930 4835 αὐτὸ
968 4784 1147 4835 tabula
1307 4784 1372 4837 29
1412 4784 1493 4854 ἐφ’
1522 4786 1659 4855 ἡμῖν,
1700 4786 1813 4839 οὐδὲ
1851 4789 2232 4854 circumscripsi
2401 4788 2468 4839 30
2506 4789 2576 4856 μὴ
2617 4789 2714 4840 del.
2743 4789 2901 4839 V‘282:
2944 4806 3041 4841 om.
3069 4809 3098 4841 a
3125 4794 3214 4856 Sp.

562 4868 620 4920 οὗ
663 4888 721 4920 το
763 4874 808 4921 V
992 4870 1051 4920 31
1094 4875 1182 4922 τοῦ
1214 4872 1415 4924 v²s2B:
1454 4878 1602 4925 τοῦτο
1644 4876 1914 4928 V¹S¹G1ia
1951 4878 2070 4942 Sp.:
2109 4874 2167 4928 τὸ
2205 4880 2332 4927 VH:
2372 4874 2428 4926 οὖ
2466 4874 2524 4927 τὸ
2561 4878 2685 4928 SHa
2721 4880 2808 4943 sp.
