3684 5567
1448 293 1607 349 ΠΕΡΙ
1647 292 2118 349 ΕΙΜΑΡΜΕΝΗΣ
2163 298 2292 349 1-2
3109 302 3230 363 165

622 467 835 544 αργῶν.
898 462 1023 525 ἐπεὶ
1068 464 1133 525 δὲ
1178 464 1345 527 ἐνίων
1377 467 1679 546 δογμάτων
1710 464 1800 550 <ἡ>
1833 468 2163 550 κατασκευὴ
2197 468 2288 531 διὰ
2321 470 2422 552 τὴν
2456 470 2596 553 πρὸς
2627 470 2760 537 τοὺς
2790 471 2870 552 μὴ
2907 470 3122 551 ὁμοίως

622 564 889 645 λέγοντας
920 566 1241 645 ἀντιλογίαν
1272 568 1485 647 γίνεται
1514 568 1889 651 φανερωτέρα
1912 570 2024 649 (ὧν
2057 569 2117 631 ἐν
2149 575 2267 637 τοῖς
2299 573 2548 651 μάλιστα
2577 570 2707 633 κατ’
2741 570 2918 633 αὐτοῦ’
2949 587 2986 627 2¹²
3015 586 3055 625 ’te
3085 587 3122 627 ’ὲ
3151 587 3204 628 1⁰

622 690 685 729 τε
724 666 841 729 εἶεν
883 668 1064 749 μείζω
1105 668 1141 751 ἢ
1186 668 1332 730 κατὰ
1372 670 1476 751 τὴν
1511 668 1946 753 Ἀριστοτέλους
1977 668 2143 739 δόξαν
2183 672 2412 753 εἰπεῖν),
2458 674 2774 755 ποιήσομαι
2813 674 2908 735 τὸν
2951 672 3120 754 λόγον

624 770 764 851 πρὸς
808 770 941 837 τοὺς
988 769 1103 853 οὐχ
1149 771 1365 851 ὁμοίως
1410 771 1613 855 ἐκείνῳ
1658 774 1787 854 περὶ
1833 772 2052 835 τούτων
2098 772 2423 857 εἰρηκότας.
2471 774 2629 843 ὅπως
2675 774 2736 835 ἐν
2784 780 2855 856 τῇ
2888 780 3002 837 τῶν
3034 779 3121 838 λε·

546 891 575 939 5
613 871 873 953 γομένων
920 872 1237 954 παραθέσει
1270 876 1668 956 φανερώτερον
1701 875 1833 951 ὑμῖν
1865 876 2118 957 τάληθὲς
2148 876 2394 957 γένηται.
2463 874 2586 939 ἔστι
2617 877 2679 938 δὲ
2710 878 2748 959 ἡ
2782 882 2896 938 τῶν
2930 876 3116 959 λόγων
3149 896 3199 937 15

615 977 729 1035 τῶν
770 971 1071 1055 ἡμετέρων
1105 974 1433 1056 προαίρεσις
1464 974 1531 1035 οὐ
1563 975 1704 1057 πρὸς
1736 974 2001 1043 ἐπίδειξιν
2035 981 2354 1049 νενευκυῖα,
2402 977 2551 1040 ἀλλὰ
2584 980 2724 1060 πρὸς
2757 977 3007 1047 ἐξέτασίν
3056 1004 3117 1042 τε

620 1076 715 1138 καὶ
769 1075 1137 1137 διδασκαλίαν
1192 1080 1309 1137 τῶν
1363 1076 1757 1159 προκειμένων
1814 1077 2243 1161 ἀκριβεστέραν,
2311 1080 2382 1161 ἢν
2449 1080 2545 1141 καὶ
2599 1080 2749 1161 ὑμᾶς
2795 1084 2965 1142 πᾶσιν
3033 1081 3120 1150 οἷς

616 1179 903 1261 πράσσετε
934 1179 1075 1261 ὁρᾶν
1111 1176 1325 1240 ἔνεστιν
1357 1177 1744 1262 ἐζηλωκότας.
1814 1179 2084 1261 οὐδεμίαν
2129 1186 2266 1259 γοῦν
2298 1181 2497 1264 πρᾶξιν
2529 1181 2693 1262 ὑμῶν
2726 1178 2877 1243 ἔστιν
2908 1183 3117 1265 εὑρεῖν,

618 1280 654 1362 ἢ
699 1280 804 1362 τὴν
851 1280 1169 1363 φαντασίαν
1214 1280 1326 1363 πρὸ
1372 1286 1477 1364 τῆς
1520 1280 1801 1363 ἀληθείας
1845 1282 2062 1343 σκοπὸν
2108 1284 2432 1367 πεποίηται.
2523 1284 2574 1344 εἰ
2619 1283 2685 1345 δέ
2723 1308 2774 1345 τι
2805 1284 2952 1347 κατὰ
2984 1306 3120 1369 σχο-
3147 1304 3204 1345 20

520 1404 579 1449 10
615 1383 722 1463 λὴν
775 1383 1219 1467 ἐντυγχάνουσιν
1279 1383 1412 1465 ὑμῖν
1466 1388 1549 1467 τῷ
1606 1384 1811 1468 βιβλίῳ
1866 1385 2090 1445 δεῖσθαι
2146 1382 2295 1452 δόξει
2358 1385 2610 1468 ῥηθῆναι
2661 1388 3118 1468 γνωριμώτερον,

622 1485 761 1553 ἀξιῶ
806 1484 1125 1567 τιμηθῆναι
1169 1485 1267 1547 καὶ
1310 1484 1493 1567 ταύτῃ
1538 1490 1613 1567 τῇ
1661 1491 1801 1569 τιμῇ
1849 1486 1994 1571 πρὸς
2041 1487 2203 1568 ὑμῶν
2249 1489 2344 1549 καὶ
2387 1488 2683 1571 γραφῆναί
2718 1511 2814 1567 μοι
2845 1490 2971 1571 περὶ
3004 1495 3120 1551 τῶν

618 1586 1013 1670 ζητουμένων·
1061 1586 1196 1650 οὐδὲ
1228 1586 1337 1671 γὰρ
1369 1586 1563 1672 ῥᾴδιον
1609 1590 1796 1651 πάντα
1841 1592 2102 1671 γνώριμα
2147 1593 2389 1671 ποιῆσαι
2436 1590 2506 1651 δι’
2563 1589 2691 1657 ἑνὸς
2721 1590 2943 1674 βιβλίου
2973 1591 3122 1654 αὐτά
3147 1610 3201 1653 25

613 1715 677 1754 τε
718 1692 791 1753 τὰ
836 1692 1183 1774 προκείμενα
1226 1691 1325 1753 καὶ
1370 1691 1455 1759 οἷς
1500 1714 1583 1759 τις
1627 1696 1844 1775 χρῆται
1892 1691 2036 1774 πρὸς
2081 1691 2184 1774 τὴν
2233 1691 2471 1774 μήνυσιν
2519 1691 2731 1754 αὐτῶν.

782 2094 867 2160 Τὸ
923 2098 1025 2180 μὲν
1082 2095 1181 2159 οὖν
1233 2094 1382 2158 εἷναί
1431 2118 1485 2158 τι
1534 2096 1639 2177 τὴν
1694 2094 2046 2179 εἱμαρμένην
2101 2097 2198 2158 καὶ
2252 2094 2438 2157 αἰτίαν
2494 2094 2638 2159 εἶναι
2692 2100 2792 2158 τοῦ
2847 2098 3116 2177 γίνεσθαί
3149 2107 3196 2157 11

510 2219 572 2267 15
610 2223 736 2262 τινα
784 2197 910 2261 κατ’
975 2197 1159 2280 αὐτὴν
1213 2198 1427 2265 ἱκανῶς
1486 2198 1525 2279 ἣ
1580 2202 1697 2259 τῶν
1752 2198 2081 2279 ἀνθρώπων
2137 2198 2466 2279 συνίστησιν
2523 2196 2807 2280 πρόληψις
2857 2198 2956 2281 (οὐ
3010 2200 3116 2284 γὰρ
3145 2218 3200 2260 ao

612 2303 777 2365 κενὸν
822 2299 951 2363 οὐδ’
1004 2300 1259 2383 ἄστοχον
1305 2299 1599 2381 τάληθοῦς
1644 2302 1682 2381 ἡ
1730 2300 1892 2379 κοινὴ
1939 2304 2054 2362 τῶν
2099 2300 2428 2383 ἀνθρώπων
2461 2300 2648 2383 φύσις,
2690 2299 2828 2362 καθ’
2883 2302 2953 2383 ἣν
2987 2305 3119 2386 περί

614 2427 784 2466 τινων
830 2402 1207 2485 ὁμοδοξοόσιν
1252 2402 1547 2484 ἀλλήλοις,
1592 2400 1720 2463 ὅσοι
1763 2424 1828 2481 γε
1872 2400 2062 2464 αὐτῶν
2111 2403 2190 2484 μὴ
2238 2403 2334 2464 διά
2377 2424 2530 2469 τινας
2573 2403 3117 2487 προκαταβεβλημέ-

613 2530 709 2573 νας
756 2504 923 2574 δόξας
968 2502 1064 2588 ὑφ’
1128 2502 1135 2587 Ι
1183 2504 1376 2566 αὑτῶν
1423 2503 1517 2566 διὰ
1562 2504 1627 2566 τὸ
1673 2506 1884 2575 σώζειν
1932 2504 2248 2586 βούλεσθαι
2306 2504 2410 2586 τὴν
2458 2504 2598 2587 πρὸς
2645 2504 2823 2571 αὐτὰς
2875 2505 3113 2569 ἀκολου·
3153 2514 3186 2571 6

613 2608 742 2671 θίαν
787 2606 983 2677 ἄλλως
1028 2608 1450 2688 ἀναγκάζονται
1495 2606 1707 2688 λέγειν·
1763 2602 1836 2668 δι’
1903 2606 1973 2687 ἢν
2026 2606 2212 2669 αἰτίαν
2258 2606 2394 2669 οὐδὲ
2442 2604 2832 2687 Ἀναξαγόρας
2888 2606 2919 2667 ὁ
2965 2606 3118 2671 Κλα-

502 2732 570 2777 20
612 2709 891 2791 ζομένιος,
938 2711 1125 2773 καίτοι
1172 2707 1355 2771 τᾶλλα
1399 2709 1480 2769 ὢν
1526 2707 1587 2769 ἐν
1632 2711 1753 2775 τοῖς
1796 2709 1901 2789 τὴν
1953 2708 2198 2791 φυσικὴν
2254 2708 2596 2792 φιλοσοφίαν
2652 2709 3114 2791 φιλοσοφήσασιν
3168 2730 3196 2772 5

612 2812 719 2876 οὐκ
764 2811 1211 2896 ἀπερριμμένος,
1256 2811 1364 2872 οὐκ
1409 2808 1736 2878 ἀξιόπιστος
1781 2810 2215 2892 ἀντιμαρτυρῶν
2270 2813 2344 2891 τῇ
2399 2813 2565 2891 κοινῇ
2615 2814 2728 2871 τῶν
2776 2810 3107 2893 ἀνθρώπων

607 2916 791 2978 πίστει
835 2916 967 2997 περὶ
1012 2911 1395 2996 εἱμαρμένης·
1441 2910 1593 2991 λέγει
1637 2910 1747 2993 γὰρ
1792 2908 1961 2979 οὗτός
2005 2933 2070 2992 γε
2117 2912 2294 2994 μηδὲν
2341 2916 2456 2973 τῶν
2501 2911 2812 2992 γινομένων
2859 2915 3116 2994 γίνεσθαι

605 3016 739 3079 καθ’
794 3014 1169 3099 εἱμαρμένην,
1216 3011 1345 3076 ἀλλ’
1401 3012 1545 3075 εἶναι
1592 3011 1754 3075 κενὸν
1800 3016 1969 3075 τοῦτο
2015 3011 2315 3095 τοῦνομα),
2363 3014 2421 3075 τί
2459 3014 2523 3077 δέ
2569 3013 2696 3075 ποτ’
2749 3014 2902 3077 ἐστὶν
2949 3018 2985 3098 ἡ
3041 3019 3114 3079 εἱ-

606 3120 871 3203 μαρμένη
915 3120 1011 3182 καὶ
1058 3118 1120 3180 ἐν
1164 3117 1330 3197 τίσιν,
1376 3114 1575 3178 οὐκέθ’
1642 3112 1735 3198 [οὐ
1782 3116 1893 3198 γὰρ
1946 3113 2117 3195 μόνον
2173 3115 2280 3178 οὐκ
2332 3116 2604 3198 ἀλλήλοις
2650 3116 2918 3191 ἅπαντες,
2975 3116 3104 3179 ἀλλ’
3147 3137 3199 3179 1⁰

499 3243 565 3291 25
602 3222 765 3306 οὐδὲ]
812 3224 851 3304 ἡ
898 3227 1015 3283 τῶν
1060 3220 1391 3302 ἀνθρώπων
1439 3218 1599 3301 κοινὴ
1656 3219 1944 3301 πρόληψις
1998 3218 2164 3300 ἱκανὴ
2227 3222 2394 3281 τοῦτο
2451 3222 2719 3302 μηνῦσαι.
2821 3217 2953 3280 οὔτε
3008 3220 3114 3302 γὰρ

604 3325 880 3408 ἀλλήλοις
924 3322 1192 3400 ἅπαντες,
1252 3317 1379 3382 ἀλλ’
1437 3319 1574 3381 οὐδὲ
1626 3319 1800 3387 αὐτὸς
1853 3320 2015 3403 αὐτῷ
2072 3343 2154 3387 τις
2207 3320 2340 3403 περὶ
2392 3320 2574 3403 αὐτῆς
2617 3320 2731 3382 αἰεὶ
2779 3319 2998 3403 [αὐτῷ]
3046 3320 3117 3383 τὰ

598 3425 747 3489 αὐτὰ
791 3424 1035 3495 δοξάζει.
1126 3424 1269 3505 πρὸς
1312 3421 1420 3505 γὰρ
1465 3421 1597 3489 τοὺς
1644 3421 1877 3504 καιρούς
1921 3444 1983 3483 τε
2031 3422 2123 3483 καὶ
2182 3421 2285 3489 τὰς
2337 3424 2732 3504 περιεστώσας
2789 3422 2971 3506 τύχας
3018 3424 3113 3485 καὶ

501 3725 523 3775 1
567 3724 600 3793 ἡ
640 3724 757 3775 add.
797 3722 939 3774 Diels
1153 3720 1223 3789 μὴ
1264 3717 1439 3771 V²a¹²:
1489 3734 1587 3771 om.
1630 3720 1725 3770 V¹=
1764 3719 1820 3769 in
1859 3718 1935 3770 lit.
1973 3721 2016 3770 B
2241 3716 2272 3769 2
2310 3717 2562 3787 ἀντιλογια
2599 3721 2676 3771 sic
2713 3721 2782 3769 V¹
2823 3722 2972 3783 (corr.
3013 3718 3130 3781 V²):
3169 3720 3222 3771 ἐν

495 3826 777 3895 ἀντιλογίαν
815 3828 858 3877 Β
1062 3822 1301 3891 μάλιστα]
1347 3838 1423 3889 pr.
1462 3840 1495 3873 α
1530 3824 1586 3873 in
1624 3822 1701 3873 lit.
1740 3825 1787 3871 V
2005 3820 2242 3873 lacunam
2279 3822 2509 3875 indicavi
2713 3824 2745 3875 3
2783 3823 2860 3892 τε]
2901 3812 2981 3875 τεί
3011 3799 3107 3875 είεν
3145 3826 3221 3889 (in

498 3929 601 3982 mg.
636 3931 686 3964 τι
720 3918 781 3963 ut
816 3912 1021 3963 videtur
1058 3928 1105 3962 v.
1132 3912 1198 3973 c.)
1224 3914 1287 3960 V:
1338 3926 1411 3960 τει
1447 3926 1543 3961 ειεν
1582 3909 1657 3960 sic
1683 3911 1752 3959 B:
1792 3907 1841 3959 τί
1878 3907 1973 3959 εἶεν
1999 3908 2171 3960 HSa³z
2221 3908 2316 3960 εἷεν
2361 3911 2436 3972 (in
2475 3926 2576 3977 mg.
2613 3910 2888 3980 εἰρηκότες)
2914 3916 2985 3963 E:
3024 3912 3070 3963 τί
3106 3912 3219 3980 εἴηΡ

496 4005 574 4053 K:
613 4000 663 4051 τί
698 4000 773 4069 εἴη
812 3998 874 4051 ἂν
910 4000 1029 4052 Cas.
1056 4002 1127 4051 0:
1166 3995 1308 4048 οὐδὲν
1346 3997 1484 4063 οἶμαι
1519 3996 1569 4047 a'
1608 3995 1772 4047 Lond.
1990 3996 2156 4062 μεῖζον
2196 3998 2311 4048 Cas.
2525 3996 2557 4067 ἢ
2597 3998 2699 4049 12¹²:
2738 4016 2782 4050 ει
2819 3998 2939 4065 (sic)
2977 4002 3078 4050 VH

496 4086 677 4155 τε-ἢ
717 4101 817 4137 om.
856 4086 897 4138 C
933 4098 1099 4137 vacuo
1136 4084 1314 4135 relicto
1360 4082 1421 4133 10
1458 4082 1558 4133 litt.
1782 4083 1875 4150 τὴν
1913 4097 2012 4133 om.
2053 4086 2098 4135 O
2311 4084 2343 4135 4
2384 4083 2667 4152 εἰρηκότας]
2717 4102 2778 4142 ας
2818 4087 2876 4137 in
2913 4086 2990 4137 lit.
3029 4089 3078 4135 V

496 4176 529 4227 5
585 4174 705 4243 ἡμῖν
761 4172 843 4225 a¹²
1124 4172 1154 4223 6
1210 4176 1503 4223 νευνιυκυῖα
1552 4171 1595 4219 V
1820 4168 1854 4220 8
1899 4170 2166 4239 πράσσεται
2221 4169 2277 4221 a²
2489 4171 2631 4239 γοῦν]
2689 4170 2774 4223 οὖν
2813 4172 2878 4223 E:
2933 4172 3026 4241 γὰρ
3066 4174 3110 4223 Ο

494 4262 626 4313 ἐστιν
668 4264 712 4311 V
953 4260 984 4309 9
1029 4258 1062 4327 ἢ
1105 4258 1321 4321 V(infra
1370 4259 1592 4315 versum)
1608 4258 1691 4307 8¹:
1748 4256 1799 4308 ἐν
1845 4253 1878 4325 ᾖ
1927 4255 2037 4308 2²0
2353 4256 2630 4327 πεποίησθε
2679 4258 2794 4311 Cas·
2841 4262 2886 4312 O
3171 4276 3217 4309 τι

496 4364 599 4399 om.
636 4346 692 4398 ⁸²
978 4345 1044 4397 10
1096 4344 1218 4413 ἡμῖν
1266 4342 1321 4394 8²
1626 4340 1818 4395 δεῖσθαι
1863 4357 1964 4393 om.
2011 4342 2067 4393 α’*
2347 4342 2476 4403 δόξει
2512 4344 2696 4395 V²a¹²z
2753 4343 2890 4403 δόξαι
2937 4346 3031 4395 V¹:
3089 4343 3217 4405 δόξει

494 4434 651 4498 (τινὰ)
704 4434 839 4487 coni.
892 4435 937 4485 O
1152 4428 1368 4501 ῥηθῆναι
1408 4430 1506 4483 δεῖν
1544 4429 1657 4481 Cas,
1903 4430 1957 4481 11
2021 4428 2142 4498 πρὸς
2183 4430 2309 4481 Va1:
2366 4426 2489 4499 παρ’
2529 4430 2584 4481 8²
2801 4430 2862 4482 12
2920 4430 3105 4501 ράδιων
3145 4432 3216 4481 V¹

495 4524 649 4585 (corr.
694 4519 783 4582 vv)
968 4519 1031 4570 14
1068 4519 1133 4570 ad
1172 4518 1445 4584 sequentia.
1481 4517 1544 4568 cf.
1576 4518 1725 4569 Alex.
1752 4518 1825 4569 De
1852 4518 2026 4569 anima
2052 4517 2116 4580 11,
2149 4516 2340 4581 179,25
2361 4532 2436 4583 sq.
2621 4518 2692 4581 τι]
2735 4534 2791 4568 τε
2829 4518 2964 4568 coni.
3003 4520 3048 4570 Ο

496 4606 565 4658 20
603 4605 760 4658 τᾶλλα
798 4604 871 4657 ὢν
911 4606 963 4657 ἐν
997 4612 1105 4663 τοῖς
1142 4604 1362 4657 V²a¹²Oz
1402 4603 1529 4655 ἄλλα
1567 4622 1640 4655 ων
1680 4610 1848 4660 αυτοῖς
1884 4604 1972 4653 V¹:
2021 4602 2148 4653 ἄλλα
2185 4602 2256 4653 ὢν
2293 4601 2462 4659 αὐτοῖς
2497 4602 2611 4656 ES²
2645 4604 2754 4667 (sed
2792 4602 2951 4654 τᾶλλα
2987 4604 3072 4669 8²)

496 4694 557 4745 21
601 4694 939 4765 ἀπεριμμένος
974 4694 1095 4743 Va':
1135 4692 1458 4761 ἀπερριμένος
1494 4691 1551 4742 a²
1725 4690 1844 4755 οὐκ]
1882 4686 2000 4742 ἀλλ’
2032 4694 2104 4741 H:
2145 4690 2244 4741 del.
2283 4688 2433 4757 Casp.
2462 4693 2507 4743 O
2689 4689 2755 4739 22
2794 4696 2896 4740 τῶν
2935 4688 3212 4757 γινομένων

494 4780 652 4851 μηδὲν
692 4780 747 4833 a²
962 4778 1030 4831 23
1068 4778 1127 4849 δή
1168 4778 1291 4832 ποτ’
1329 4778 1416 4831 οὖν
1454 4779 1510 4831 a²
1722 4779 1787 4828 24
1827 4776 2002 4830 οὐκέθ’
2041 4781 2102 4829 V:
2143 4775 2202 4829 οὐ
2239 4775 2466 4829 καθόλου
2503 4778 2611 4830 ES:
2651 4776 2820 4829 οὐκέτι
2857 4776 2981 4830 ³¹²0

494 4868 555 4919 οὺ
592 4866 872 4939 γάρ-οὑδὲ
909 4864 1017 4931 (25)
1056 4866 1221 4918 delevi
1436 4864 1503 4917 25
1540 4864 1757 4937 μηνυσαι
1798 4869 1841 4917 V
2060 4864 2124 4917 26
2163 4863 2306 4933 αὐτῷ’
2341 4878 2440 4915 om.
2479 4862 2582 4917 ³²0
