3684 5567
592 222 717 287 130
1062 218 1390 289 [ΑΙῚΟΡΙΩΝ
1432 218 1552 275 ΚΑΙ
1591 218 1856 275 ΛΥΣΕΩΝ
1896 219 2178 277 BIBAION
2217 220 2586 278 ΤΕΤΑΡΤΟΝ
2627 222 2820 291 9—11]

701 400 817 458 τῶν
862 396 1130 478 τοιαύτης
1174 396 1491 481 φαντασίας
1534 394 1722 472 αἴτιοι,
1768 394 1930 464 ὄντες
1959 396 2155 464 αὑτοῖς
2199 402 2304 481 τῆς
2345 398 2615 482 τοιαύτης
2658 396 2833 466 ἕξεως
2875 396 3063 472 αἴτιοι,
3110 397 3182 461 δι’

695 498 767 581 ἣν
812 500 1127 582 φαντασίας
1170 500 1299 583 περὶ
1345 504 1459 561 τῶν
1506 505 1701 563 κακῶν
1746 500 2010 569 τοιαύτας
2055 496 2312 583 ἔχουσιν.
2403 501 2622 570 τούτοις
2667 502 2732 564 δὲ
2779 506 3058 585 μαρτυρεῖ
3097 502 3194 564 καὶ

691 602 757 663 τὸ
805 602 1099 684 μισεῖσθαι
1144 603 1241 665 καὶ
1280 603 1631 675 κολάζεσθαι
1676 604 1813 671 τοὺς
1857 600 2060 687 οῦῙτως
2103 604 2555 688 ἁμαρτάνοντας,
2603 606 2685 672 ὡς
2729 604 3009 672 ἑκουσίως
3051 604 3148 667 καὶ
3190 611 3295 667 249

691 704 887 773 αὐτοῖς
942 703 1159 773 αἰτίους
1214 703 1381 774 ὄντας
1441 710 1558 770 τῶν
1616 705 1890 769 τοιούτων
1951 704 2244 790 πράξεων,
2306 712 2421 769 τῶν
2477 706 2764 775 ἀκουσίως
2817 705 3077 770 τοιοῦτόν
3133 730 3189 770 τι

622 827 651 875 5
692 806 1055 890 πραττόντων
1088 812 1429 893 συγγνώμης
1472 808 1896 893 τυγχανόντων.
1967 810 2061 873 διὰ
2105 812 2160 872 τί
2187 809 2316 894 γάρ,
2363 810 2414 872 εἰ
2445 811 2633 873 πάντα
2675 810 2941 886 ἀκούσια,
2985 810 3056 873 τὰ
3088 811 3190 889 μὲν

690 910 882 974 αὐτῶν
930 915 1405 993 συγγινώσκεται,
1461 912 1534 976 τὰ
1579 911 1631 975 δ’
1689 911 1787 993 οὔ;
1850 913 1903 975 εἰ
1945 912 2082 996 γάρ,
2138 913 2236 976 ὅτε
2280 911 2374 975 ἐπ’
2429 911 2626 981 αὐτοῖς
2677 911 2748 997 ἦν
2795 914 2859 975 τὸ
2908 912 3189 996 μαθοῦσιν
3243 928 3271 970 5

691 1014 867 1077 ὁποῖά
910 1014 1063 1077 ἐστιν
1112 1014 1444 1099 ἀπέχεσθαι
1490 1015 1711 1092 αὐτῶν,
1758 1017 1809 1078 εἰ
1856 1016 1958 1099 μὲν
2005 1012 2223 1081 εἰδότες
2264 1017 2434 1077 τοῦτο
2482 1015 2732 1099 ἠμέλουν
2777 1014 2979 1092 αὐτοῦ,
3025 1014 3189 1078 αὐτοὶ

688 1115 858 1179 αἴτιοι
904 1118 1072 1179 πάλιν
1121 1119 1215 1181 καὶ
1262 1116 1489 1187 ἑκόντες
1532 1123 1812 1193 τοιοῦτοι,
1859 1118 1910 1180 εἰ
1957 1119 2020 1179 δὲ
2063 1118 2296 1180 κάκεῖνο
2343 1116 2616 1200 ἠγνόουν,
2671 1123 2796 1187 πῶς
2839 1118 2908 1181 οὐ
2955 1119 3052 1182 καὶ
3094 1118 3190 1181 αὐ-

688 1221 774 1282 τοὶ
818 1222 1163 1302 συγγνώμης
1204 1220 1378 1303 ἄξιος
1426 1222 1593 1304 ἱκανὴ
1641 1222 1707 1285 δὲ
1752 1222 1939 1289 πίστις
1983 1224 2084 1282 τοῦ
2135 1221 2282 1303 μήτε
2329 1220 2424 1304 βίᾳ
2469 1222 2616 1303 μήτε
2661 1217 2735 1283 δι’
2793 1220 3026 1303 ἄγνοιαν
3070 1225 3186 1284 τῶν
3215 1238 3269 1280 ιο

588 1343 648 1390 10
688 1321 990 1406 βελτιόνων
1037 1324 1191 1392 τινὰς
1224 1324 1571 1406 ἁμαρτάνειν
1618 1329 1735 1387 τῶν
1768 1321 2213 1408 ἁμαρτανόντων
2259 1323 2356 1385 καὶ
2399 1324 2466 1387 τὸ
2501 1325 2648 1407 μήτε
2677 1324 2990 1387 λυπεῖσθαι
3035 1326 3183 1408 μήτε

687 1427 1131 1510 μεταγινώσκειν
1164 1426 1258 1488 ἐπὶ
1288 1430 1408 1495 τοῖς
1452 1428 1888 1511 ἁμαρτήμασιν·
1936 1426 2006 1489 τὰ
2050 1424 2155 1508 γὰρ
2189 1425 2480 1495 ἀκουσίως
2523 1424 2890 1510 πραττόμενα
2935 1428 3187 1490 ἐπίλυπά

682 1528 746 1591 τέ
787 1530 911 1593 ,ἐστι
954 1530 1049 1592 καὶ
1102 1530 1161 1591 ἐν
1210 1531 1577 1615 μεταμελείᾳ.
1670 1531 1756 1594 ὅτι
1811 1530 1876 1592 δὲ
1921 1529 1972 1592 εἰ
2018 1528 2262 1592 ἀκούσια
2316 1528 2388 1591 τὰ
2431 1530 2843 1613 ἁμαρτήματα,
2899 1529 3036 1592 οὐδὲ
3080 1527 3173 1614 ἐφ’
3213 1546 3267 1587 ιε

684 1632 824 1715 ἡμῖν
872 1630 939 1695 ἂν
986 1631 1105 1720 εἴη,
1166 1634 1341 1714 δῆλον
1386 1632 1455 1695 ἐκ
1498 1636 1599 1697 τοῦ
1644 1633 1890 1696 ἀκούσια
1944 1632 2045 1715 μὲν
2091 1631 2236 1695 εἶναι
2288 1631 2358 1694 τὰ
2405 1632 2500 1715 βίᾳ
2543 1633 2582 1715 ἢ
2627 1630 2701 1696 δι’
2759 1632 2988 1715 ἄγνοιαν
3033 1634 3179 1715 γινό-

685 1757 859 1816 μενα,
912 1734 1047 1798 οὔτε
1093 1736 1157 1797 δὲ
1202 1735 1241 1797 ἃ
1286 1736 1615 1821 βιαζόμενοι
1660 1740 1939 1819 ποιοῦμεν
1984 1734 2080 1819 ἐφ’
2137 1736 2276 1818 ἡμῖν
2323 1736 2404 1818 μὴ
2452 1741 2634 1798 ποιεῖν
2678 1735 2748 1817 (ἃ
2789 1735 2900 1821 γὰρ
2946 1738 3027 1819 μὴ
3077 1732 3172 1820 ἐφ’

580 1858 638 1907 15
680 1840 818 1921 ἡμῖν
873 1840 969 1902 καὶ
1021 1844 1260 1922 ποιῆσαι
1304 1840 1401 1901 καὶ
1447 1840 1528 1922 μὴ
1584 1845 1844 1924 ποιῆσαι,
1899 1842 2078 1901 ταῦτα
2132 1836 2254 1924 [οὐ]
2304 1838 2456 1923 βίᾳ),
2511 1838 2582 1902 τὰ
2627 1840 2693 1902 δὲ
2747 1838 2842 1902 διὰ
2895 1840 3082 1925 θυμὸν
3137 1839 3176 1922 ἢ

679 1943 985 2025 ἐπιθυμίαν
1033 1941 1475 2027 ἁμαρτανόμενα
1530 1943 1625 2027 βία
1684 1943 1858 2027 φασὶν
1905 1946 2090 2004 ποιεῖν
2144 1941 2278 2009 τοὺς
2322 1945 2657 2017 ποιοῦντας,
2720 1943 2875 2005 ὥστε
2917 1941 3042 2026 (τὰ)
3087 1940 3182 2004 διὰ

678 2046 869 2129 θυμὸν
923 2046 961 2129 ἢ
1009 2045 1317 2127 ἐπιθυμίαν
1378 2046 1824 2129 ἁμαρτανόμενα
1879 2044 1985 2108 οὐκ
2029 2043 2122 2128 ἐφ’
2179 2045 2338 2127 ἡμῖν.
2429 2045 2482 2107 εἰ
2527 2046 2598 2128 δὴ
2656 2046 2715 2108 αἱ
2770 2048 3039 2114 κολάσεις
3083 2046 3178 2107 ἐπὶ
3205 2061 3264 2103 2⁰

676 2154 795 2217 τοῖς
840 2148 933 2233 ἐφ’
988 2150 1157 2233 ἡμῖν,
1213 2150 1267 2211 οἱ
1313 2150 1408 2212 διὰ
1452 2149 1643 2229 θυμὸν
1688 2150 1727 2231 ἢ
1774 2145 1846 2211 δι’
1904 2147 2218 2229 ἐπιθυμίαν
2273 2148 2698 2231 ἁμαρτάνοντες
2754 2148 2860 2212 οὐκ
2907 2147 2974 2211 ἂν
3020 2146 3180 2212 εὐλό-

674 2275 793 2334 γως
822 2252 1173 2324 κολάζοιντο.
1244 2252 1354 2315 ὅσα
1399 2252 1463 2314 δὲ
1507 2250 1578 2314 δι’
1624 2251 1856 2333 ἄγνοιαν
1889 2252 2294 2334 ἁμαρτάνεται,
2341 2256 2522 2314 ταῦτα
2565 2251 2617 2314 εἰ
2661 2252 2763 2331 μὲν
2809 2257 2916 2335 τῆς
2943 2251 3173 2334 ἀγνοίας

569 2374 635 2423 20
672 2357 867 2423 αὑτοῖς
912 2356 965 2417 οἱ
1012 2354 1437 2436 ἁμαρτάνοντες
1482 2353 1674 2430 αἴτιοι,
1702 2354 1833 2417 εἶεν
1882 2352 1950 2416 ἂν
1995 2352 2088 2417 ἐπ’
2129 2353 2351 2422 αὐτοῖς·
2399 2353 2513 2417 εἶεν
2558 2352 2610 2417 δ’
2651 2353 2721 2417 ἄν
2767 2354 2962 2424 αὑτοῖς
3007 2353 3176 2417 αἴτιοι
3201 2370 3258 2412 25

673 2465 774 2542 τῆς
806 2459 1055 2541 ἀγνοίας,
1100 2458 1151 2521 εἰ
1196 2457 1324 2521 ἐνὸν
1369 2458 1565 2526 αὐτοῖς
1609 2458 1705 2521 ἐπὶ
1748 2457 1819 2521 τὰ
1863 2458 2069 2542 βελτίω
2114 2456 2496 2541 τραπομένοις
2541 2458 2623 2541 μὴ
2653 2457 2925 2541 γενέσθαι
2969 2459 3030 2521 ἐν
3061 2458 3177 2528 ἕξει

672 2563 931 2645 τοιαύτῃ,
978 2559 1048 2624 δι’
1092 2562 1162 2644 ἣν
1208 2560 1556 2643 ἀγνοήσουσι
1602 2561 1674 2624 τὰ
1719 2560 1936 2643 ἀγαθά,
1983 2563 2038 2623 οἱ
2082 2561 2148 2623 δὲ
2191 2560 2498 2645 ἠμέλησαν
2543 2566 2646 2625 τοῦ
2678 2562 2957 2625 τοιούτου.
3027 2562 3176 2624 ἀλλὰ

674 2666 785 2749 μὴν
833 2665 939 2729 οὐκ
969 2664 1161 2733 ἄλλως
1210 2662 1216 2749 Ι
1266 2664 1399 2748 ἐνῆν
1446 2664 1641 2733 αὐτοῖς
1684 2664 1781 2726 ἐπὶ
1820 2663 1892 2726 τὰ
1939 2664 2148 2749 βελτίω
2180 2663 2522 2747 τραπέσθαι,
2569 2664 2620 2726 εἰ
2667 2665 2746 2747 μὴ
2793 2662 2956 2748 εἶχόν
2987 2687 3127 2727 ποτε
3171 2672 3277 2728 250

670 2768 988 2853 ὑπολήψεις
1032 2768 1185 2837 τινὰς
1230 2769 1359 2852 περὶ
1403 2771 1519 2830 τῶν
1554 2768 1792 2849 ἀγαθῶν
1839 2770 1919 2836 ὥς
1953 2764 2134 2830 ὄντων
2179 2768 2474 2830 τοιούτων.
2543 2766 2596 2829 εἰ
2623 2766 2732 2851 γὰρ
2778 2766 2870 2829 ἀεὶ
2913 2766 2984 2829 τὰ
3015 2766 3167 2829 κακὰ

562 2892 627 2941 25
669 2872 861 2941 αὐτοῖς
905 2872 1145 2955 ἀγαθῶν
1190 2872 1505 2957 φαντασίαν
1551 2870 1920 2951 ἐπέστελλεν,
1975 2869 2081 2933 οὐκ
2125 2868 2196 2953 ἧν
2243 2868 2334 2933 ἐπ’
2390 2869 2590 2939 αὐτοῖς
2634 2870 2700 2932 τὸ
2747 2872 2828 2954 μὴ
2875 2871 3170 2955 αἱρεῖσθαι

667 2977 833 3039 αὐτά.
935 2976 1081 3039 ἀλλὰ
1143 2977 1257 3060 μὴν
1319 2977 1373 3038 οἱ
1438 2972 1673 3059 ἔχοντες
1732 2974 2051 3058 ὑπολήψεις
2109 2974 2237 3057 περὶ
2301 2978 2417 3037 τῶν
2479 2974 2717 3056 ἀγαθῶν
2783 2977 2864 3043 ὥς
2925 2974 3165 3057 ἀγαθῶν
3221 2991 3248 3032 ⁵

666 3078 863 3143 ἔπειτα
920 3081 1000 3164 μὴ
1056 3080 1387 3165 αἱρούμενοι
1443 3078 1591 3141 αὐτὰ
1646 3077 1874 3147 ἑκόντες
1926 3078 2275 3161 ἡμάρτανον.
2367 3075 2500 3140 οὔτε
2554 3077 2662 3161 γὰρ
2715 3077 2810 3140 διὰ
2864 3078 2989 3162 βίαν
3035 3077 3168 3142 οὔτε

666 3183 738 3246 δι’
794 3183 1024 3266 ἄγνοιαν
1070 3186 1391 3266 παρεώρων
1437 3182 1541 3265 τὴν
1586 3187 1703 3244 τῶν
1749 3180 2057 3267 βελτιόνων
2103 3180 2340 3264 αἵρεσιν,
2387 3182 2540 3245 ὥστε
2587 3184 2666 3251 ὥς
2711 3178 2802 3245 ἐπ’
2858 3183 3056 3252 αὐτοῖς
3098 3184 3163 3245 τὸ

666 3286 1033 3371 ἁμαρτάνειν,
1080 3286 1264 3355 οὕτως
1309 3286 1405 3347 καὶ
1451 3286 1732 3349 ἑκούσιον.
1822 3286 1874 3347 εἰ
1919 3285 1986 3347 δὲ
2031 3284 2112 3367 μὴ
2159 3284 2354 3353 αὑτοῖς
2383 3288 2488 3367 τῆς
2519 3284 2749 3367 ἀγνοίας
2791 3283 2984 3361 αἴτιοι,
3029 3283 3154 3348 οὐδ’
3195 3303 3248 3344 ιο

558 3410 625 3458 30
666 3388 734 3455 ἂν
780 3389 870 3453 ἐπ’
912 3390 1108 3458 αὐτοῖς
1152 3388 1245 3473 εἴη
1292 3390 1357 3452 τὸ
1404 3386 1475 3452 δι’
1525 3387 1755 3471 ἄγνοιαν
1803 3388 2168 3471 ἁμαρτάνειν,
2216 3388 2401 3456 οὕτως
2446 3390 2512 3452 δὲ
2555 3388 2742 3458 οὐδεὶς
2787 3388 2855 3452 ἂν
2901 3388 3159 3473 εὐλόγως

663 3495 964 3566 κολάζοιτο
1020 3499 1135 3557 τῶν
1192 3492 1667 3576 ἁμαρτανόντων,
1723 3490 1886 3573 εἴγε
1939 3492 1999 3553 αἱ
2052 3492 2322 3560 κολάσεις
2376 3492 2478 3573 μὲν
2533 3492 2628 3555 ἐπὶ
2680 3497 2799 3561 τοῖς
2851 3492 2946 3577 ἐφ’
3001 3494 3162 3577 ἡμῖν,

663 3597 828 3661 οὐδὲν
876 3600 941 3661 δὲ
985 3603 1100 3661 τῶν
1147 3594 1634 3680 ἁμαρτανομένων
1682 3592 1774 3679 ἐφ’
1830 3596 2000 3678 ἡμῖν,
2055 3592 2217 3675 εἴγε
2263 3594 2564 3670 ἀκούσιον,
2621 3599 2734 3657 πᾶν
2781 3596 2847 3658 δὲ
2889 3596 3161 3661 ἀκούσιον
3191 3614 3246 3655 ιε

664 3703 702 3785 ἢ
749 3701 822 3765 δι’
880 3700 1109 3785 ἄγνοιαν
1155 3701 1193 3784 ἢ
1241 3700 1357 3785 βίᾳ.

658 3924 732 3987 X.
810 3918 951 3989 Ὅτι
996 3924 1028 3986 ὁ
1074 3920 1445 4005 ἅνθρωπος
1488 3924 1621 3983 τῶν
1667 3920 1936 4005 ἀρετῶν
1981 3920 2219 4005 χάριν,
2266 3917 2401 3984 ἀλλ’
2458 3920 2586 3984 οὐκ
2629 3918 2948 4005 ἔμπαλιν.

553 4100 618 4149 35
830 4078 901 4145 Εἰ
946 4080 1006 4143 ἐν
1052 4082 1172 4147 τοῖς
1215 4077 1385 4162 φύσει
1430 4074 1745 4159 γινομένοις
1787 4074 1940 4139 ἐστίν
1989 4098 2069 4153 τι,
2123 4074 2191 4139 οὔ
2238 4078 2407 4162 χάριν
2437 4078 2510 4141 τὰ
2543 4078 2727 4148 οὕτως
2769 4078 3040 4165 γινόμενα
3083 4080 3158 4163 γί-
3186 4097 3244 4139 20

554 4320 597 4373 l.
638 4319 669 4370 2
708 4318 783 4372 δι’
818 4318 903 4389 ἢν]
944 4317 993 4373 δ’
1033 4322 1095 4392 ἧν
1135 4340 1167 4374 a
1378 4322 1409 4373 6
1446 4320 1511 4389 εἰ]
1550 4320 1767 4374 fortasse
1804 4322 1908 4373 καὶ
2131 4319 2214 4376 ὅτε
2252 4323 2411 4388 Diale,
2450 4323 2516 4377 cf.
2549 4323 2759 4392 129,27ι
2799 4324 2876 4379 ὅτι
2913 4327 3034 4380 libri

548 4406 799 4477 ἠμέλλουν
837 4413 886 4462 V
1112 4410 1175 4463 13
1218 4408 1251 4481 ἢ
1290 4406 1499 4462 δι’-οὒ
1540 4408 1623 4479 βίᾳ
1660 4408 1797 4477 (15)]
1845 4424 1945 4461 om.
1981 4412 2061 4461 Ba
2097 4412 2184 4477 Sp.
2224 4409 2322 4463 del.
2359 4411 2422 4464 8²
2637 4413 2700 4465 14
2743 4413 2961 4467 fortasse
3004 4417 3266 4484 (ποιοῦμεν

548 4492 666 4547 οὔθ’
708 4496 741 4547 ἃ
786 4491 853 4548 δι’
894 4496 1117 4566 ἄγνοιαν)
1164 4502 1401 4567 ποιοῦμεν
1642 4496 1705 4549 15
1752 4495 1811 4548 οὒ
1860 4496 1957 4549 del.
1997 4513 2043 4548 ν.
2082 4513 2126 4550 c.
2165 4502 2212 4549 V
2445 4498 3004 4574 βίᾳ-ἁμαρτανόμενα
3039 4502 3152 4569 (16)
3192 4504 3264 4556 V¹

546 4585 603 4635 in
648 4600 749 4652 mg.
985 4585 1046 4637 16
1092 4586 1157 4637 τὰ
1199 4585 1316 4638 add.
1354 4584 1551 4637 B²SFa
1592 4586 1681 4651 Sp.
1920 4585 1978 4635 17
2031 4584 2439 4655 ἁμαρτανόμενα]
2498 4587 2850 4659 ἁμαρτανόμεῖ
2883 4588 2891 4659 Ι
2933 4594 2981 4641 V

546 4670 613 4723 20
659 4670 831 4723 αὒτοῖσ
871 4675 915 4722 V
1093 4671 1212 4742 εἶεν]
1261 4672 1337 4744 εἴη
1378 4674 1468 4739 Sp.
1648 4670 1714 4723 22
1763 4669 1929 4741 ἀγαθα
1970 4677 2016 4724 V
2194 4674 2239 4726 οἱ
2276 4673 2352 4743 δὲ]
2393 4674 2526 4727 οἶδὲ
2553 4680 2602 4729 V
2779 4676 2845 4730 24
2883 4676 3181 4749 ὑπολήψεις]
3221 4698 3263 4732 ει

545 4760 600 4811 in
638 4760 715 4811 lit.
753 4764 803 4811 V
1020 4760 1117 4829 ἀεὶ]
1158 4760 1218 4831 δὴ
1258 4780 1289 4813 a
1496 4759 1562 4812 27
1616 4760 1723 4813 ἐπεὶ
1758 4761 1823 4813 τὰ
1859 4778 1892 4813 a
2113 4761 2182 4815 30
2237 4760 2404 4821 αὑτοῖς
2443 4766 2562 4817 VB:
2617 4762 2761 4818 αὐτοὶ
2796 4783 2829 4818 ει
2863 4768 2954 4834 Sp.

542 4846 610 4899 32
647 4845 899 4918 ἀκούΙσίον
941 4852 990 4901 V
1168 4848 1236 4902 35
1273 4849 1533 4920 γινόμενα]
1573 4867 1644 4903 ινο
1680 4850 1739 4903 in
1777 4848 1857 4902 lit.
1895 4854 1944 4901 V
