<?xml version="1.0" encoding="UTF-8"?>
<!DOCTYPE html PUBLIC "-//W3C//DTD XHTML 1.0 Transitional//EN"
    "http://www.w3.org/TR/xhtml1/DTD/xhtml1-transitional.dtd">
<html xmlns="http://www.w3.org/1999/xhtml" xml:lang="en" lang="en">
 <head>
  <title>
</title>
<meta http-equiv="Content-Type" content="text/html;charset=utf-8" />
  <meta name='ocr-system' content='tesseract 3.04.00' />
  <meta name='ocr-capabilities' content='ocr_page ocr_carea ocr_par ocr_line ocrx_word'/>
</head>
<body>
  <div class='ocr_page' id='page_1' title='image "./supplementumari00wissgoog_0069.png"; bbox 0 0 3684 5567; ppageno 0'>
   <div class='ocr_carea' id='block_1_1' title="bbox 1299 273 3148 342">
    <p class='ocr_par' dir='ltr' id='par_1_1' title="bbox 1299 273 3148 342">
     <span class='ocr_line' id='line_1_1' title="bbox 1299 273 3148 342; baseline 0.001 -12"><span class='ocrx_word' id='word_1_1' title='bbox 1299 273 1582 332; x_wconf 81' lang='lat' dir='ltr'>BIBAION</span> <span class='ocrx_word' id='word_1_2' title='bbox 1623 273 1902 332; x_wconf 82' lang='grc' dir='ltr'>ΠΡΩΤΟΝ</span> <span class='ocrx_word' id='word_1_3' title='bbox 1940 279 1989 342; x_wconf 83' lang='grc'>4,</span> <span class='ocrx_word' id='word_1_4' title='bbox 2013 277 2061 330; x_wconf 78' lang='lat'>2.</span> <span class='ocrx_word' id='word_1_5' title='bbox 2082 278 2131 331; x_wconf 86' lang='lat'>3.</span> <span class='ocrx_word' id='word_1_6' title='bbox 2150 279 2289 331; x_wconf 87' lang='lat'>4—5</span> <span class='ocrx_word' id='word_1_7' title='bbox 3071 276 3148 340; x_wconf 86' lang='grc'>13</span> 
     </span>
    </p>
   </div>
   <div class='ocr_carea' id='block_1_2' title="bbox 469 446 3147 1257">
    <p class='ocr_par' dir='ltr' id='par_1_2' title="bbox 538 446 3147 846">
     <span class='ocr_line' id='line_1_2' title="bbox 540 446 3147 536; baseline -0.001 -24"><span class='ocrx_word' id='word_1_8' title='bbox 540 451 634 512; x_wconf 86' lang='grc' dir='ltr'>ἐπὶ</span> <span class='ocrx_word' id='word_1_9' title='bbox 679 449 880 513; x_wconf 81' lang='grc' dir='ltr'>τούτου</span> <span class='ocrx_word' id='word_1_10' title='bbox 937 452 1033 514; x_wconf 84' lang='grc' dir='ltr'>καὶ</span> <span class='ocrx_word' id='word_1_11' title='bbox 1083 449 1090 536; x_wconf 87' lang='grc' dir='ltr'>Ι</span> <span class='ocrx_word' id='word_1_12' title='bbox 1139 450 1205 513; x_wconf 90' lang='grc' dir='ltr'>τὸ</span> <span class='ocrx_word' id='word_1_13' title='bbox 1261 451 1343 534; x_wconf 87' lang='grc' dir='ltr'>μὴ</span> <span class='ocrx_word' id='word_1_14' title='bbox 1397 450 1666 533; x_wconf 78' lang='grc' dir='ltr'>γενέσθαι</span> <span class='ocrx_word' id='word_1_15' title='bbox 1721 455 2007 528; x_wconf 80' lang='grc' dir='ltr'>τοιοῦτον,</span> <span class='ocrx_word' id='word_1_16' title='bbox 2068 450 2165 513; x_wconf 85' lang='grc' dir='ltr'>καὶ</span> <span class='ocrx_word' id='word_1_17' title='bbox 2222 446 2315 534; x_wconf 83' lang='grc' dir='ltr'>ἐφ’</span> <span class='ocrx_word' id='word_1_18' title='bbox 2373 447 2441 512; x_wconf 77' lang='grc' dir='ltr'>οὗ</span> <span class='ocrx_word' id='word_1_19' title='bbox 2494 449 2560 512; x_wconf 87' lang='grc' dir='ltr'>τὸ</span> <span class='ocrx_word' id='word_1_20' title='bbox 2618 449 2697 533; x_wconf 87' lang='grc' dir='ltr'>μὴ</span> <span class='ocrx_word' id='word_1_21' title='bbox 2752 446 3043 530; x_wconf 73' lang='grc' dir='ltr'>γενέσθαι,</span> <span class='ocrx_word' id='word_1_22' title='bbox 3080 453 3147 510; x_wconf 81' lang='grc'>29</span> 
     </span>
     <span class='ocr_line' id='line_1_3' title="bbox 539 549 3041 640; baseline -0.001 -26"><span class='ocrx_word' id='word_1_23' title='bbox 539 551 636 614; x_wconf 85' lang='grc' dir='ltr'>ἐπὶ</span> <span class='ocrx_word' id='word_1_24' title='bbox 679 552 886 617; x_wconf 82' lang='grc' dir='ltr'>τούτου</span> <span class='ocrx_word' id='word_1_25' title='bbox 931 556 1027 618; x_wconf 84' lang='grc' dir='ltr'>καὶ</span> <span class='ocrx_word' id='word_1_26' title='bbox 1072 556 1138 619; x_wconf 99' lang='grc' dir='ltr'>τὸ</span> <span class='ocrx_word' id='word_1_27' title='bbox 1167 553 1440 636; x_wconf 78' lang='grc' dir='ltr'>γενέσθαι</span> <span class='ocrx_word' id='word_1_28' title='bbox 1469 553 1869 640; x_wconf 84' lang='grc' dir='ltr'>ἐνδεχόμενον.</span> <span class='ocrx_word' id='word_1_29' title='bbox 1938 551 2157 637; x_wconf 74' lang='grc' dir='ltr'>ὁμοίως</span> <span class='ocrx_word' id='word_1_30' title='bbox 2201 553 2266 616; x_wconf 82' lang='grc' dir='ltr'>δὲ</span> <span class='ocrx_word' id='word_1_31' title='bbox 2296 555 2397 615; x_wconf 82' lang='grc' dir='ltr'>τοῦ</span> <span class='ocrx_word' id='word_1_32' title='bbox 2446 550 2624 615; x_wconf 80' lang='grc' dir='ltr'>αὐτοῦ</span> <span class='ocrx_word' id='word_1_33' title='bbox 2656 549 3041 636; x_wconf 82' lang='grc' dir='ltr'>ἐνδεχομένου</span> 
     </span>
     <span class='ocr_line' id='line_1_4' title="bbox 538 651 3125 741; baseline -0.003 -23"><span class='ocrx_word' id='word_1_34' title='bbox 538 655 810 736; x_wconf 77' lang='grc' dir='ltr'>γενέσθαι</span> <span class='ocrx_word' id='word_1_35' title='bbox 855 681 920 720; x_wconf 93' lang='grc' dir='ltr'>τε</span> <span class='ocrx_word' id='word_1_36' title='bbox 967 659 1063 720; x_wconf 87' lang='grc' dir='ltr'>καὶ</span> <span class='ocrx_word' id='word_1_37' title='bbox 1109 657 1190 741; x_wconf 87' lang='grc' dir='ltr'>μὴ</span> <span class='ocrx_word' id='word_1_38' title='bbox 1221 657 1512 740; x_wconf 77' lang='grc' dir='ltr'>γενέσθαι,</span> <span class='ocrx_word' id='word_1_39' title='bbox 1559 663 1686 726; x_wconf 84' lang='grc' dir='ltr'>πῶς</span> <span class='ocrx_word' id='word_1_40' title='bbox 1731 655 1838 720; x_wconf 88' lang='grc' dir='ltr'>οὐκ</span> <span class='ocrx_word' id='word_1_41' title='bbox 1868 655 2083 720; x_wconf 83' lang='grc' dir='ltr'>ἄτοπον</span> <span class='ocrx_word' id='word_1_42' title='bbox 2128 656 2223 719; x_wconf 83' lang='grc' dir='ltr'>ἐπὶ</span> <span class='ocrx_word' id='word_1_43' title='bbox 2253 655 2473 719; x_wconf 81' lang='grc' dir='ltr'>τούτων</span> <span class='ocrx_word' id='word_1_44' title='bbox 2517 656 2584 717; x_wconf 91' lang='grc' dir='ltr'>τὸ</span> <span class='ocrx_word' id='word_1_45' title='bbox 2616 653 2811 738; x_wconf 82' lang='grc' dir='ltr'>ἕτερον</span> <span class='ocrx_word' id='word_1_46' title='bbox 2845 651 3042 737; x_wconf 87' lang='grc' dir='ltr'>μόριον</span> <span class='ocrx_word' id='word_1_47' title='bbox 3096 669 3125 710; x_wconf 75' lang='lat'><strong>5</strong></span> 
     </span>
     <span class='ocr_line' id='line_1_5' title="bbox 538 753 3042 846; baseline -0 -27"><span class='ocrx_word' id='word_1_48' title='bbox 538 762 643 841; x_wconf 78' lang='grc' dir='ltr'>τῆς</span> <span class='ocrx_word' id='word_1_49' title='bbox 687 762 1115 846; x_wconf 82' lang='grc' dir='ltr'>προλεγομένης</span> <span class='ocrx_word' id='word_1_50' title='bbox 1160 761 1521 844; x_wconf 77' lang='grc' dir='ltr'>ἀντιφάσεως</span> <span class='ocrx_word' id='word_1_51' title='bbox 1574 759 1999 844; x_wconf 78' lang='grc' dir='ltr'><strong>ἀφωρισμένως</strong></span> <span class='ocrx_word' id='word_1_52' title='bbox 2041 759 2264 843; x_wconf 78' lang='grc' dir='ltr'>ἀληθὲς</span> <span class='ocrx_word' id='word_1_53' title='bbox 2315 757 2460 823; x_wconf 77' lang='grc' dir='ltr'>εἶναι</span> <span class='ocrx_word' id='word_1_54' title='bbox 2506 753 2613 844; x_wconf 90' lang='grc' dir='ltr'>[τε]</span> <span class='ocrx_word' id='word_1_55' title='bbox 2660 756 2875 840; x_wconf 81' lang='grc' dir='ltr'>λέγειν,</span> <span class='ocrx_word' id='word_1_56' title='bbox 2938 756 3042 819; x_wconf 82' lang='grc' dir='ltr'>θά-</span> 
     </span>
    </p>

    <p class='ocr_par' dir='ltr' id='par_1_3' title="bbox 469 859 3125 1257">
     <span class='ocr_line' id='line_1_6' title="bbox 469 859 3041 948; baseline 0 -28"><span class='ocrx_word' id='word_1_57' title='bbox 469 880 500 928; x_wconf 84' lang='grc'><strong>5</strong></span> <span class='ocrx_word' id='word_1_58' title='bbox 537 883 698 943; x_wconf 86' lang='grc' dir='ltr'>τερον</span> <span class='ocrx_word' id='word_1_59' title='bbox 745 863 811 925; x_wconf 81' lang='grc' dir='ltr'>δὲ</span> <span class='ocrx_word' id='word_1_60' title='bbox 855 865 1087 948; x_wconf 77' lang='grc' dir='ltr'>ψεῦδος,</span> <span class='ocrx_word' id='word_1_61' title='bbox 1133 863 1350 946; x_wconf 86' lang='grc' dir='ltr'>ὁμοίως</span> <span class='ocrx_word' id='word_1_62' title='bbox 1393 867 1495 926; x_wconf 79' lang='grc' dir='ltr'>τοῦ</span> <span class='ocrx_word' id='word_1_63' title='bbox 1536 862 1915 946; x_wconf 80' lang='grc' dir='ltr'>προκειμένου</span> <span class='ocrx_word' id='word_1_64' title='bbox 1961 861 2141 945; x_wconf 82' lang='grc' dir='ltr'>ἄμφω</span> <span class='ocrx_word' id='word_1_65' title='bbox 2174 861 2533 943; x_wconf 85' lang='grc' dir='ltr'>δυναμένου;</span> <span class='ocrx_word' id='word_1_66' title='bbox 2578 861 2895 924; x_wconf 81' lang='grc' dir='ltr'>ἀκολουθεῖ</span> <span class='ocrx_word' id='word_1_67' title='bbox 2932 859 3041 944; x_wconf 80' lang='grc' dir='ltr'>γὰρ</span> 
     </span>
     <span class='ocr_line' id='line_1_7' title="bbox 533 962 3038 1050; baseline -0 -24"><span class='ocrx_word' id='word_1_68' title='bbox 533 969 652 1034; x_wconf 83' lang='grc' dir='ltr'>τοῖς</span> <span class='ocrx_word' id='word_1_69' title='bbox 703 966 777 1028; x_wconf 80' lang='grc' dir='ltr'>τὰ</span> <span class='ocrx_word' id='word_1_70' title='bbox 819 967 1092 1049; x_wconf 78' lang='grc' dir='ltr'>γινόμενα</span> <span class='ocrx_word' id='word_1_71' title='bbox 1145 969 1346 1029; x_wconf 81' lang='grc' dir='ltr'>τοῦτον</span> <span class='ocrx_word' id='word_1_72' title='bbox 1400 967 1498 1029; x_wconf 93' lang='grc' dir='ltr'>τὸν</span> <span class='ocrx_word' id='word_1_73' title='bbox 1552 963 1786 1050; x_wconf 83' lang='grc' dir='ltr'>τρόπον·</span> <span class='ocrx_word' id='word_1_74' title='bbox 1820 965 2080 1047; x_wconf 76' lang='grc' dir='ltr'>γίνεσθαι</span> <span class='ocrx_word' id='word_1_75' title='bbox 2122 964 2383 1047; x_wconf 83' lang='grc' dir='ltr'>λέγουσιν</span> <span class='ocrx_word' id='word_1_76' title='bbox 2442 965 2507 1027; x_wconf 88' lang='grc' dir='ltr'>τὸ</span> <span class='ocrx_word' id='word_1_77' title='bbox 2572 963 2786 1046; x_wconf 81' lang='grc' dir='ltr'>ὁμοίως</span> <span class='ocrx_word' id='word_1_78' title='bbox 2841 962 3038 1046; x_wconf 77' lang='grc' dir='ltr'>ἀληθῆ</span> 
     </span>
     <span class='ocr_line' id='line_1_8' title="bbox 535 1065 3125 1154; baseline -0.002 -24"><span class='ocrx_word' id='word_1_79' title='bbox 535 1069 638 1151; x_wconf 82' lang='grc' dir='ltr'>τήν</span> <span class='ocrx_word' id='word_1_80' title='bbox 684 1091 748 1130; x_wconf 90' lang='grc' dir='ltr'>τε</span> <span class='ocrx_word' id='word_1_81' title='bbox 793 1071 1116 1154; x_wconf 80' lang='grc' dir='ltr'><strong>κατάφασιν</strong></span> <span class='ocrx_word' id='word_1_82' title='bbox 1161 1070 1259 1132; x_wconf 84' lang='grc' dir='ltr'>καὶ</span> <span class='ocrx_word' id='word_1_83' title='bbox 1303 1071 1407 1152; x_wconf 85' lang='grc' dir='ltr'>τὴν</span> <span class='ocrx_word' id='word_1_84' title='bbox 1451 1067 1744 1154; x_wconf 81' lang='grc' dir='ltr'>ἀπόφασιν</span> <span class='ocrx_word' id='word_1_85' title='bbox 1789 1069 1887 1132; x_wconf 86' lang='grc' dir='ltr'>ἐπὶ</span> <span class='ocrx_word' id='word_1_86' title='bbox 1930 1074 2046 1130; x_wconf 85' lang='grc' dir='ltr'>τῶν</span> <span class='ocrx_word' id='word_1_87' title='bbox 2092 1068 2247 1130; x_wconf 79' lang='grc' dir='ltr'>οὕτω</span> <span class='ocrx_word' id='word_1_88' title='bbox 2292 1066 2604 1149; x_wconf 79' lang='grc' dir='ltr'>γινομένων</span> <span class='ocrx_word' id='word_1_89' title='bbox 2648 1065 2910 1149; x_wconf 72' lang='grc' dir='ltr'>γίνεσθαι</span> <span class='ocrx_word' id='word_1_90' title='bbox 2954 1065 3038 1130; x_wconf 87' lang='grc' dir='ltr'>λε’·</span> <span class='ocrx_word' id='word_1_91' title='bbox 3071 1082 3125 1124; x_wconf 83' lang='grc' dir='ltr'>ιο</span> 
     </span>
     <span class='ocr_line' id='line_1_9' title="bbox 538 1171 1816 1257; baseline 0.002 -25"><span class='ocrx_word' id='word_1_92' title='bbox 538 1193 655 1252; x_wconf 77' lang='grc' dir='ltr'>γειν</span> <span class='ocrx_word' id='word_1_93' title='bbox 701 1171 740 1255; x_wconf 83' lang='grc' dir='ltr'><strong>ἢ</strong></span> <span class='ocrx_word' id='word_1_94' title='bbox 787 1172 1006 1254; x_wconf 84' lang='grc' dir='ltr'>ὁμοίως</span> <span class='ocrx_word' id='word_1_95' title='bbox 1049 1173 1243 1238; x_wconf 82' lang='grc' dir='ltr'>αὐτῶν</span> <span class='ocrx_word' id='word_1_96' title='bbox 1289 1171 1564 1257; x_wconf 76' lang='grc' dir='ltr'>ἑκατέραν</span> <span class='ocrx_word' id='word_1_97' title='bbox 1609 1174 1816 1256; x_wconf 78' lang='grc' dir='ltr'>ψευδῆ.</span> 
     </span>
    </p>
   </div>
   <div class='ocr_carea' id='block_1_3' title="bbox 435 1411 3039 1603">
    <p class='ocr_par' dir='ltr' id='par_1_4' title="bbox 435 1411 3039 1603">
     <span class='ocr_line' id='line_1_10' title="bbox 531 1411 3039 1499; baseline 0.001 -25"><span class='ocrx_word' id='word_1_98' title='bbox 531 1411 606 1475; x_wconf 88' lang='lat' dir='ltr'>V.</span> <span class='ocrx_word' id='word_1_99' title='bbox 697 1413 821 1478; x_wconf 83' lang='grc' dir='ltr'>Διά</span> <span class='ocrx_word' id='word_1_100' title='bbox 865 1414 1008 1498; x_wconf 81' lang='grc' dir='ltr'>τίῆ</span> <span class='ocrx_word' id='word_1_101' title='bbox 1055 1412 1348 1499; x_wconf 78' lang='grc' dir='ltr'>αὔξησις</span> <span class='ocrx_word' id='word_1_102' title='bbox 1401 1414 1576 1478; x_wconf 83' lang='grc' dir='ltr'>κατὰ</span> <span class='ocrx_word' id='word_1_103' title='bbox 1631 1415 1704 1477; x_wconf 93' lang='grc' dir='ltr'>τὸ</span> <span class='ocrx_word' id='word_1_104' title='bbox 1750 1413 1937 1483; x_wconf 80' lang='grc' dir='ltr'>εἶδος</span> <span class='ocrx_word' id='word_1_105' title='bbox 1994 1413 2232 1498; x_wconf 89' lang='grc' dir='ltr'>μόνον,</span> <span class='ocrx_word' id='word_1_106' title='bbox 2294 1411 2433 1476; x_wconf 78' lang='grc' dir='ltr'>ἀλλ’</span> <span class='ocrx_word' id='word_1_107' title='bbox 2489 1411 2649 1497; x_wconf 86' lang='grc' dir='ltr'>οὐχὶ</span> <span class='ocrx_word' id='word_1_108' title='bbox 2706 1413 2821 1476; x_wconf 84' lang='grc' dir='ltr'>καὶ</span> <span class='ocrx_word' id='word_1_109' title='bbox 2866 1414 3039 1484; x_wconf 82' lang='grc' dir='ltr'>κατὰ</span> 
     </span>
     <span class='ocr_line' id='line_1_11' title="bbox 435 1519 2015 1603; baseline -0.001 -21"><span class='ocrx_word' id='word_1_110' title='bbox 435 1535 496 1582; x_wconf 89' lang='lat'>10</span> <span class='ocrx_word' id='word_1_111' title='bbox 1663 1519 1780 1603; x_wconf 89' lang='grc' dir='ltr'>τὴν</span> <span class='ocrx_word' id='word_1_112' title='bbox 1829 1519 2015 1601; x_wconf 80' lang='grc' dir='ltr'>ὕλην.</span> 
     </span>
    </p>
   </div>
   <div class='ocr_carea' id='block_1_4' title="bbox 415 1670 3139 3926">
    <p class='ocr_par' dir='ltr' id='par_1_5' title="bbox 528 1670 3123 2066">
     <span class='ocr_line' id='line_1_12' title="bbox 703 1670 3123 1758; baseline -0 -21"><span class='ocrx_word' id='word_1_113' title='bbox 703 1670 778 1737; x_wconf 85' lang='grc' dir='ltr'>Εἰ</span> <span class='ocrx_word' id='word_1_114' title='bbox 821 1672 1052 1743; x_wconf 80' lang='grc' dir='ltr'>αὔξεται</span> <span class='ocrx_word' id='word_1_115' title='bbox 1095 1675 1161 1737; x_wconf 88' lang='grc' dir='ltr'>τὸ</span> <span class='ocrx_word' id='word_1_116' title='bbox 1202 1675 1576 1756; x_wconf 82' lang='grc' dir='ltr'>ὑποκείμενον</span> <span class='ocrx_word' id='word_1_117' title='bbox 1621 1679 1705 1758; x_wconf 75' lang='grc' dir='ltr'>τῷ</span> <span class='ocrx_word' id='word_1_118' title='bbox 1739 1672 2016 1743; x_wconf 70' lang='grc' dir='ltr'>αὔξεσθαι</span> <span class='ocrx_word' id='word_1_119' title='bbox 2060 1672 2353 1758; x_wconf 78' lang='grc' dir='ltr'>λεγομένῳ</span> <span class='ocrx_word' id='word_1_120' title='bbox 2398 1672 2705 1756; x_wconf 83' lang='grc' dir='ltr'>(ὑπομένει</span> <span class='ocrx_word' id='word_1_121' title='bbox 2749 1673 2815 1737; x_wconf 86' lang='grc' dir='ltr'>δὲ</span> <span class='ocrx_word' id='word_1_122' title='bbox 2860 1675 2956 1737; x_wconf 86' lang='grc' dir='ltr'>καὶ</span> <span class='ocrx_word' id='word_1_123' title='bbox 3000 1674 3123 1756; x_wconf 71' lang='grc' dir='ltr'>ἡιῐ»</span> 
     </span>
     <span class='ocr_line' id='line_1_13' title="bbox 532 1775 3033 1860; baseline 0.003 -24"><span class='ocrx_word' id='word_1_124' title='bbox 532 1775 661 1860; x_wconf 78' lang='grc' dir='ltr'>ὕλη,</span> <span class='ocrx_word' id='word_1_125' title='bbox 707 1775 775 1839; x_wconf 88' lang='grc' dir='ltr'>οὐ</span> <span class='ocrx_word' id='word_1_126' title='bbox 809 1777 982 1857; x_wconf 85' lang='grc' dir='ltr'>μόνον</span> <span class='ocrx_word' id='word_1_127' title='bbox 1027 1778 1092 1840; x_wconf 85' lang='grc' dir='ltr'>τὸ</span> <span class='ocrx_word' id='word_1_128' title='bbox 1125 1777 1303 1846; x_wconf 80' lang='grc' dir='ltr'>εἶδος·</span> <span class='ocrx_word' id='word_1_129' title='bbox 1350 1777 1418 1841; x_wconf 87' lang='grc' dir='ltr'>οὐ</span> <span class='ocrx_word' id='word_1_130' title='bbox 1463 1778 1570 1860; x_wconf 78' lang='grc' dir='ltr'>γὰρ</span> <span class='ocrx_word' id='word_1_131' title='bbox 1615 1778 1688 1860; x_wconf 84' lang='grc' dir='ltr'>δὴ</span> <span class='ocrx_word' id='word_1_132' title='bbox 1721 1781 1883 1840; x_wconf 85' lang='grc' dir='ltr'>πᾶσα</span> <span class='ocrx_word' id='word_1_133' title='bbox 1928 1777 2328 1859; x_wconf 76' lang='grc' dir='ltr'>ἀλλάσσεται),</span> <span class='ocrx_word' id='word_1_134' title='bbox 2373 1776 2468 1840; x_wconf 82' lang='grc' dir='ltr'>διὰ</span> <span class='ocrx_word' id='word_1_135' title='bbox 2512 1777 2569 1839; x_wconf 81' lang='grc' dir='ltr'>τί</span> <span class='ocrx_word' id='word_1_136' title='bbox 2591 1777 2739 1840; x_wconf 82' lang='grc' dir='ltr'>κατὰ</span> <span class='ocrx_word' id='word_1_137' title='bbox 2782 1777 2847 1840; x_wconf 87' lang='grc' dir='ltr'>τὸ</span> <span class='ocrx_word' id='word_1_138' title='bbox 2878 1775 3033 1844; x_wconf 79' lang='grc' dir='ltr'>εἶδος</span> 
     </span>
     <span class='ocr_line' id='line_1_14' title="bbox 529 1877 3038 1966; baseline -0 -25"><span class='ocrx_word' id='word_1_139' title='bbox 529 1877 724 1962; x_wconf 88' lang='grc' dir='ltr'>μόνον,</span> <span class='ocrx_word' id='word_1_140' title='bbox 771 1877 890 1942; x_wconf 84' lang='grc' dir='ltr'>ἀλλ’</span> <span class='ocrx_word' id='word_1_141' title='bbox 933 1880 1069 1966; x_wconf 86' lang='grc' dir='ltr'>οὐχὶ</span> <span class='ocrx_word' id='word_1_142' title='bbox 1113 1881 1210 1942; x_wconf 83' lang='grc' dir='ltr'>καὶ</span> <span class='ocrx_word' id='word_1_143' title='bbox 1255 1881 1405 1944; x_wconf 82' lang='grc' dir='ltr'>κατὰ</span> <span class='ocrx_word' id='word_1_144' title='bbox 1451 1881 1556 1964; x_wconf 84' lang='grc' dir='ltr'>τὴν</span> <span class='ocrx_word' id='word_1_145' title='bbox 1603 1881 1746 1964; x_wconf 75' lang='grc' dir='ltr'>ὕλην</span> <span class='ocrx_word' id='word_1_146' title='bbox 1791 1881 1829 1961; x_wconf 77' lang='grc' dir='ltr'>ἡ</span> <span class='ocrx_word' id='word_1_147' title='bbox 1878 1877 2141 1965; x_wconf 76' lang='grc' dir='ltr'>αὕΕησις;</span> <span class='ocrx_word' id='word_1_148' title='bbox 2188 1880 2255 1943; x_wconf 92' lang='grc' dir='ltr'>οὐ</span> <span class='ocrx_word' id='word_1_149' title='bbox 2300 1879 2409 1963; x_wconf 80' lang='grc' dir='ltr'>γὰρ</span> <span class='ocrx_word' id='word_1_150' title='bbox 2454 1883 2613 1942; x_wconf 83' lang='grc' dir='ltr'>πᾶσα</span> <span class='ocrx_word' id='word_1_151' title='bbox 2659 1881 2695 1962; x_wconf 80' lang='grc' dir='ltr'>ἡ</span> <span class='ocrx_word' id='word_1_152' title='bbox 2739 1879 2846 1963; x_wconf 78' lang='grc' dir='ltr'>ὕλη</span> <span class='ocrx_word' id='word_1_153' title='bbox 2891 1881 2931 1962; x_wconf 81' lang='grc' dir='ltr'>ἡ</span> <span class='ocrx_word' id='word_1_154' title='bbox 2978 1879 3038 1941; x_wconf 88' lang='grc' dir='ltr'>ἐν</span> 
     </span>
     <span class='ocr_line' id='line_1_15' title="bbox 528 1981 3121 2066; baseline -0.002 -23"><span class='ocrx_word' id='word_1_155' title='bbox 528 1987 648 2050; x_wconf 81' lang='grc' dir='ltr'>τοῖς</span> <span class='ocrx_word' id='word_1_156' title='bbox 689 1981 1027 2062; x_wconf 72' lang='grc' dir='ltr'>αὐξομένοις</span> <span class='ocrx_word' id='word_1_157' title='bbox 1072 1984 1456 2060; x_wconf 69' lang='grc' dir='ltr'>ἀλλάσσεται,</span> <span class='ocrx_word' id='word_1_158' title='bbox 1513 1981 1662 2046; x_wconf 82' lang='grc' dir='ltr'>ἀλλὰ</span> <span class='ocrx_word' id='word_1_159' title='bbox 1709 1982 1979 2066; x_wconf 87' lang='grc' dir='ltr'>μένοντός</span> <span class='ocrx_word' id='word_1_160' title='bbox 2024 2005 2173 2050; x_wconf 86' lang='grc' dir='ltr'>τινος</span> <span class='ocrx_word' id='word_1_161' title='bbox 2224 1981 2285 2051; x_wconf 80' lang='grc' dir='ltr'>ἐξ</span> <span class='ocrx_word' id='word_1_162' title='bbox 2329 1982 2511 2066; x_wconf 78' lang='grc' dir='ltr'>αὐτῆς</span> <span class='ocrx_word' id='word_1_163' title='bbox 2555 1981 2705 2066; x_wconf 75' lang='grc' dir='ltr'>ἄλλη</span> <span class='ocrx_word' id='word_1_164' title='bbox 2751 1981 3039 2065; x_wconf 78' lang='grc' dir='ltr'>προσγίνε·</span> <span class='ocrx_word' id='word_1_165' title='bbox 3066 1997 3121 2039; x_wconf 70' lang='grc' dir='ltr'><strong><em>ω</em></strong></span> 
     </span>
    </p>

    <p class='ocr_par' dir='ltr' id='par_1_6' title="bbox 427 2082 3119 2596">
     <span class='ocr_line' id='line_1_16' title="bbox 427 2082 3040 2170; baseline -0.002 -18"><span class='ocrx_word' id='word_1_166' title='bbox 427 2105 486 2153; x_wconf 83' lang='lat'>15</span> <span class='ocrx_word' id='word_1_167' title='bbox 527 2109 646 2148; x_wconf 86' lang='grc' dir='ltr'>ται·</span> <span class='ocrx_word' id='word_1_168' title='bbox 704 2086 842 2148; x_wconf 84' lang='grc' dir='ltr'>οὐδὲ</span> <span class='ocrx_word' id='word_1_169' title='bbox 885 2085 994 2169; x_wconf 79' lang='grc' dir='ltr'>γὰρ</span> <span class='ocrx_word' id='word_1_170' title='bbox 1042 2084 1109 2149; x_wconf 83' lang='grc' dir='ltr'>ἂν</span> <span class='ocrx_word' id='word_1_171' title='bbox 1156 2087 1414 2158; x_wconf 76' lang='grc' dir='ltr'>ἐσώζετο</span> <span class='ocrx_word' id='word_1_172' title='bbox 1457 2087 1563 2170; x_wconf 86' lang='grc' dir='ltr'>τὴν</span> <span class='ocrx_word' id='word_1_173' title='bbox 1610 2087 1823 2170; x_wconf 80' lang='grc' dir='ltr'>ἀρχήν,</span> <span class='ocrx_word' id='word_1_174' title='bbox 1870 2083 1996 2150; x_wconf 81' lang='grc' dir='ltr'>οὐδ’</span> <span class='ocrx_word' id='word_1_175' title='bbox 2052 2084 2121 2148; x_wconf 74' lang='grc' dir='ltr'>ἄν</span> <span class='ocrx_word' id='word_1_176' title='bbox 2167 2086 2233 2148; x_wconf 86' lang='grc' dir='ltr'>τὸ</span> <span class='ocrx_word' id='word_1_177' title='bbox 2278 2084 2432 2154; x_wconf 82' lang='grc' dir='ltr'>εἶδος</span> <span class='ocrx_word' id='word_1_178' title='bbox 2478 2082 2676 2168; x_wconf 83' lang='grc' dir='ltr'>ἔμενεν</span> <span class='ocrx_word' id='word_1_179' title='bbox 2721 2090 2825 2168; x_wconf 76' lang='grc' dir='ltr'>τῆς</span> <span class='ocrx_word' id='word_1_180' title='bbox 2869 2095 3040 2168; x_wconf 79' lang='grc' dir='ltr'>προϋ-</span> 
     </span>
     <span class='ocr_line' id='line_1_17' title="bbox 527 2178 3037 2274; baseline 0 -23"><span class='ocrx_word' id='word_1_181' title='bbox 527 2178 868 2274; x_wconf 79' lang='grc' dir='ltr'>παρχοόσης</span> <span class='ocrx_word' id='word_1_182' title='bbox 915 2190 1074 2273; x_wconf 76' lang='grc' dir='ltr'>ὕλης.</span> <span class='ocrx_word' id='word_1_183' title='bbox 1171 2189 1238 2252; x_wconf 92' lang='grc' dir='ltr'>οὐ</span> <span class='ocrx_word' id='word_1_184' title='bbox 1283 2190 1391 2274; x_wconf 81' lang='grc' dir='ltr'>γὰρ</span> <span class='ocrx_word' id='word_1_185' title='bbox 1450 2189 1511 2252; x_wconf 78' lang='grc' dir='ltr'>ἐν</span> <span class='ocrx_word' id='word_1_186' title='bbox 1559 2195 1644 2274; x_wconf 77' lang='grc' dir='ltr'>τῷ</span> <span class='ocrx_word' id='word_1_187' title='bbox 1689 2188 1909 2273; x_wconf 74' lang='grc' dir='ltr'>τοσῇδέ</span> <span class='ocrx_word' id='word_1_188' title='bbox 1962 2211 2069 2252; x_wconf 91' lang='grc' dir='ltr'>τινι</span> <span class='ocrx_word' id='word_1_189' title='bbox 2120 2189 2263 2252; x_wconf 78' lang='grc' dir='ltr'>εἶναι</span> <span class='ocrx_word' id='word_1_190' title='bbox 2317 2194 2390 2272; x_wconf 81' lang='grc' dir='ltr'>τῇ</span> <span class='ocrx_word' id='word_1_191' title='bbox 2440 2190 2551 2272; x_wconf 78' lang='grc' dir='ltr'>ὕλη</span> <span class='ocrx_word' id='word_1_192' title='bbox 2604 2189 2669 2252; x_wconf 91' lang='grc' dir='ltr'>τὸ</span> <span class='ocrx_word' id='word_1_193' title='bbox 2714 2188 2857 2252; x_wconf 85' lang='grc' dir='ltr'>εἶναι</span> <span class='ocrx_word' id='word_1_194' title='bbox 2903 2190 3037 2273; x_wconf 74' lang='grc' dir='ltr'>ὕλῃ,</span> 
     </span>
     <span class='ocr_line' id='line_1_18' title="bbox 529 2291 3119 2377; baseline -0.001 -22"><span class='ocrx_word' id='word_1_195' title='bbox 529 2294 727 2375; x_wconf 81' lang='grc' dir='ltr'>ὥσπερ</span> <span class='ocrx_word' id='word_1_196' title='bbox 773 2293 909 2355; x_wconf 84' lang='grc' dir='ltr'>οὐδὲ</span> <span class='ocrx_word' id='word_1_197' title='bbox 953 2297 1028 2376; x_wconf 80' lang='grc' dir='ltr'>τῇ</span> <span class='ocrx_word' id='word_1_198' title='bbox 1063 2293 1250 2375; x_wconf 85' lang='grc' dir='ltr'>σαρκί.</span> <span class='ocrx_word' id='word_1_199' title='bbox 1323 2293 1362 2376; x_wconf 84' lang='grc' dir='ltr'><strong>ἢ</strong></span> <span class='ocrx_word' id='word_1_200' title='bbox 1415 2294 1517 2356; x_wconf 82' lang='grc' dir='ltr'>δύο</span> <span class='ocrx_word' id='word_1_201' title='bbox 1550 2291 1730 2356; x_wconf 82' lang='grc' dir='ltr'>ὄντων</span> <span class='ocrx_word' id='word_1_202' title='bbox 1776 2294 1906 2377; x_wconf 84' lang='grc' dir='ltr'>περὶ</span> <span class='ocrx_word' id='word_1_203' title='bbox 1951 2295 2017 2356; x_wconf 88' lang='grc' dir='ltr'>τὸ</span> <span class='ocrx_word' id='word_1_204' title='bbox 2048 2291 2361 2376; x_wconf 73' lang='grc' dir='ltr'>αὐξόμενον</span> <span class='ocrx_word' id='word_1_205' title='bbox 2408 2297 2577 2356; x_wconf 77' lang='grc' dir='ltr'>ποιοῦ</span> <span class='ocrx_word' id='word_1_206' title='bbox 2621 2315 2683 2355; x_wconf 89' lang='grc' dir='ltr'>τε</span> <span class='ocrx_word' id='word_1_207' title='bbox 2714 2293 2810 2355; x_wconf 84' lang='grc' dir='ltr'>καὶ</span> <span class='ocrx_word' id='word_1_208' title='bbox 2854 2297 3037 2356; x_wconf 82' lang='grc' dir='ltr'>ποσοῦ</span> <span class='ocrx_word' id='word_1_209' title='bbox 3064 2309 3119 2352; x_wconf 65' lang='grc' dir='ltr'>εὖ</span> 
     </span>
     <span class='ocr_line' id='line_1_19' title="bbox 523 2393 3037 2481; baseline 0.001 -25"><span class='ocrx_word' id='word_1_210' title='bbox 523 2393 688 2478; x_wconf 86' lang='grc' dir='ltr'>(τόδε</span> <span class='ocrx_word' id='word_1_211' title='bbox 729 2395 840 2480; x_wconf 81' lang='grc' dir='ltr'>γὰρ</span> <span class='ocrx_word' id='word_1_212' title='bbox 869 2397 934 2458; x_wconf 93' lang='grc' dir='ltr'>τὸ</span> <span class='ocrx_word' id='word_1_213' title='bbox 965 2395 1302 2477; x_wconf 72' lang='grc' dir='ltr'>αὐξόμενον,</span> <span class='ocrx_word' id='word_1_214' title='bbox 1349 2397 1414 2459; x_wconf 91' lang='grc' dir='ltr'>τὸ</span> <span class='ocrx_word' id='word_1_215' title='bbox 1447 2397 1512 2458; x_wconf 83' lang='grc' dir='ltr'>δὲ</span> <span class='ocrx_word' id='word_1_216' title='bbox 1541 2394 1674 2460; x_wconf 85' lang='grc' dir='ltr'>τόδε</span> <span class='ocrx_word' id='word_1_217' title='bbox 1716 2395 2151 2481; x_wconf 83' lang='grc' dir='ltr'>συναμφότερος</span> <span class='ocrx_word' id='word_1_218' title='bbox 2181 2394 2397 2478; x_wconf 75' lang='grc' dir='ltr'>οὐσία),</span> <span class='ocrx_word' id='word_1_219' title='bbox 2445 2397 2540 2459; x_wconf 85' lang='grc' dir='ltr'>καὶ</span> <span class='ocrx_word' id='word_1_220' title='bbox 2570 2400 2671 2458; x_wconf 80' lang='grc' dir='ltr'>τοῦ</span> <span class='ocrx_word' id='word_1_221' title='bbox 2719 2397 2822 2478; x_wconf 89' lang='grc' dir='ltr'>μὲν</span> <span class='ocrx_word' id='word_1_222' title='bbox 2854 2401 3037 2460; x_wconf 78' lang='grc' dir='ltr'>ποσοῦ</span> 
     </span>
     <span class='ocr_line' id='line_1_20' title="bbox 529 2497 3037 2596; baseline 0.001 -37"><span class='ocrx_word' id='word_1_223' title='bbox 529 2501 608 2566; x_wconf 82' lang='grc' dir='ltr'>ὡς</span> <span class='ocrx_word' id='word_1_224' title='bbox 653 2499 794 2580; x_wconf 75' lang='grc' dir='ltr'>ὅλης</span> <span class='ocrx_word' id='word_1_225' title='bbox 825 2499 1230 2581; x_wconf 83' lang='grc' dir='ltr'>ὑποκειμένου,</span> <span class='ocrx_word' id='word_1_226' title='bbox 1278 2503 1376 2562; x_wconf 79' lang='grc' dir='ltr'>τοῦ</span> <span class='ocrx_word' id='word_1_227' title='bbox 1423 2500 1489 2562; x_wconf 83' lang='grc' dir='ltr'>δὲ</span> <span class='ocrx_word' id='word_1_228' title='bbox 1533 2499 1724 2567; x_wconf 80' lang='grc' dir='ltr'>εἴδους</span> <span class='ocrx_word' id='word_1_229' title='bbox 1769 2501 1875 2596; x_wconf 77' lang='grc' dir='ltr'>την</span> <span class='ocrx_word' id='word_1_230' title='bbox 1921 2503 2024 2562; x_wconf 78' lang='grc' dir='ltr'>τοῦ</span> <span class='ocrx_word' id='word_1_231' title='bbox 2064 2503 2233 2562; x_wconf 80' lang='grc' dir='ltr'>ποιοῦ</span> <span class='ocrx_word' id='word_1_232' title='bbox 2280 2501 2481 2584; x_wconf 81' lang='grc' dir='ltr'>χώραν</span> <span class='ocrx_word' id='word_1_233' title='bbox 2528 2497 2787 2585; x_wconf 85' lang='grc' dir='ltr'>ἔχοντος,</span> <span class='ocrx_word' id='word_1_234' title='bbox 2832 2499 2897 2562; x_wconf 89' lang='grc' dir='ltr'>τὸ</span> <span class='ocrx_word' id='word_1_235' title='bbox 2934 2501 3037 2583; x_wconf 81' lang='grc' dir='ltr'>μὲν</span> 
     </span>
    </p>

    <p class='ocr_par' dir='ltr' id='par_1_7' title="bbox 415 2599 3139 3105">
     <span class='ocr_line' id='line_1_21' title="bbox 415 2599 3139 2687; baseline 0 -21"><span class='ocrx_word' id='word_1_236' title='bbox 415 2619 486 2666; x_wconf 76' lang='lat'>20</span> <span class='ocrx_word' id='word_1_237' title='bbox 521 2599 722 2684; x_wconf 66' lang='grc' dir='ltr'>ποῐσὸν</span> <span class='ocrx_word' id='word_1_238' title='bbox 777 2601 844 2664; x_wconf 90' lang='grc' dir='ltr'>οὐ</span> <span class='ocrx_word' id='word_1_239' title='bbox 901 2601 1056 2685; x_wconf 86' lang='grc' dir='ltr'>μένει</span> <span class='ocrx_word' id='word_1_240' title='bbox 1116 2601 1354 2677; x_wconf 85' lang='grc' dir='ltr'>ταύτόν,</span> <span class='ocrx_word' id='word_1_241' title='bbox 1413 2603 1479 2665; x_wconf 89' lang='grc' dir='ltr'>τὸ</span> <span class='ocrx_word' id='word_1_242' title='bbox 1534 2604 1599 2666; x_wconf 83' lang='grc' dir='ltr'>δὲ</span> <span class='ocrx_word' id='word_1_243' title='bbox 1651 2603 1816 2666; x_wconf 85' lang='grc' dir='ltr'>ποιὸν</span> <span class='ocrx_word' id='word_1_244' title='bbox 1872 2605 1937 2666; x_wconf 88' lang='grc' dir='ltr'>τὸ</span> <span class='ocrx_word' id='word_1_245' title='bbox 1994 2606 2076 2672; x_wconf 81' lang='grc' dir='ltr'>ὡς</span> <span class='ocrx_word' id='word_1_246' title='bbox 2119 2601 2272 2672; x_wconf 83' lang='grc' dir='ltr'>εἶδος</span> <span class='ocrx_word' id='word_1_247' title='bbox 2326 2608 2428 2666; x_wconf 87' lang='grc' dir='ltr'>τοῦ</span> <span class='ocrx_word' id='word_1_248' title='bbox 2487 2601 2804 2685; x_wconf 74' lang='grc' dir='ltr'>αὐξομένου</span> <span class='ocrx_word' id='word_1_249' title='bbox 2851 2603 3028 2687; x_wconf 87' lang='grc' dir='ltr'>μένει.</span> <span class='ocrx_word' id='word_1_250' title='bbox 3068 2609 3139 2668; x_wconf 80' lang='grc'>30</span> 
     </span>
     <span class='ocr_line' id='line_1_22' title="bbox 520 2704 3033 2788; baseline 0.001 -21"><span class='ocrx_word' id='word_1_251' title='bbox 520 2705 644 2768; x_wconf 86' lang='grc' dir='ltr'>ἐπεὶ</span> <span class='ocrx_word' id='word_1_252' title='bbox 693 2705 878 2768; x_wconf 82' lang='grc' dir='ltr'>τοίνυν</span> <span class='ocrx_word' id='word_1_253' title='bbox 925 2706 989 2768; x_wconf 92' lang='grc' dir='ltr'>τὸ</span> <span class='ocrx_word' id='word_1_254' title='bbox 1037 2704 1231 2780; x_wconf 85' lang='grc' dir='ltr'>ποιόν,</span> <span class='ocrx_word' id='word_1_255' title='bbox 1285 2705 1318 2768; x_wconf 85' lang='grc' dir='ltr'>ὃ</span> <span class='ocrx_word' id='word_1_256' title='bbox 1364 2707 1460 2768; x_wconf 81' lang='grc' dir='ltr'>καὶ</span> <span class='ocrx_word' id='word_1_257' title='bbox 1505 2704 1661 2774; x_wconf 77' lang='grc' dir='ltr'>εἶδός</span> <span class='ocrx_word' id='word_1_258' title='bbox 1703 2707 1846 2780; x_wconf 87' lang='grc' dir='ltr'>ἐστι,</span> <span class='ocrx_word' id='word_1_259' title='bbox 1896 2705 2079 2788; x_wconf 87' lang='grc' dir='ltr'>μένει,</span> <span class='ocrx_word' id='word_1_260' title='bbox 2138 2707 2203 2769; x_wconf 91' lang='grc' dir='ltr'>τὸ</span> <span class='ocrx_word' id='word_1_261' title='bbox 2248 2707 2313 2769; x_wconf 88' lang='grc' dir='ltr'>δὲ</span> <span class='ocrx_word' id='word_1_262' title='bbox 2360 2707 2541 2770; x_wconf 86' lang='grc' dir='ltr'>ποσὸν</span> <span class='ocrx_word' id='word_1_263' title='bbox 2588 2705 2655 2768; x_wconf 89' lang='grc' dir='ltr'>οὐ</span> <span class='ocrx_word' id='word_1_264' title='bbox 2703 2707 2891 2788; x_wconf 89' lang='grc' dir='ltr'>μένει,</span> <span class='ocrx_word' id='word_1_265' title='bbox 2938 2708 3033 2769; x_wconf 83' lang='grc' dir='ltr'>καὶ</span> 
     </span>
     <span class='ocr_line' id='line_1_23' title="bbox 526 2793 3116 2893; baseline 0 -23"><span class='ocrx_word' id='word_1_266' title='bbox 526 2805 702 2870; x_wconf 76' lang='grc' dir='ltr'>αἴτιον</span> <span class='ocrx_word' id='word_1_267' title='bbox 746 2812 848 2870; x_wconf 79' lang='grc' dir='ltr'>τοῦ</span> <span class='ocrx_word' id='word_1_268' title='bbox 895 2809 975 2891; x_wconf 84' lang='grc' dir='ltr'>μὴ</span> <span class='ocrx_word' id='word_1_269' title='bbox 1035 2793 1225 2891; x_wconf 80' lang='grc' dir='ltr'>μένειν</span> <span class='ocrx_word' id='word_1_270' title='bbox 1270 2807 1412 2871; x_wconf 82' lang='grc' dir='ltr'>αὐτὸ</span> <span class='ocrx_word' id='word_1_271' title='bbox 1466 2807 1670 2872; x_wconf 89' lang='grc' dir='ltr'>ταύτὸν</span> <span class='ocrx_word' id='word_1_272' title='bbox 1717 2811 1754 2892; x_wconf 83' lang='grc' dir='ltr'>ἡ</span> <span class='ocrx_word' id='word_1_273' title='bbox 1801 2815 1907 2893; x_wconf 76' lang='grc' dir='ltr'>τῆς</span> <span class='ocrx_word' id='word_1_274' title='bbox 1954 2810 2093 2893; x_wconf 80' lang='grc' dir='ltr'>ὕλης</span> <span class='ocrx_word' id='word_1_275' title='bbox 2138 2809 2325 2893; x_wconf 78' lang='grc' dir='ltr'>ῥύσις,</span> <span class='ocrx_word' id='word_1_276' title='bbox 2384 2809 2477 2872; x_wconf 79' lang='grc' dir='ltr'>διὰ</span> <span class='ocrx_word' id='word_1_277' title='bbox 2522 2813 2690 2873; x_wconf 81' lang='grc' dir='ltr'>τοῦτο</span> <span class='ocrx_word' id='word_1_278' title='bbox 2734 2809 2883 2873; x_wconf 81' lang='grc' dir='ltr'>κατὰ</span> <span class='ocrx_word' id='word_1_279' title='bbox 2930 2811 3033 2893; x_wconf 85' lang='grc' dir='ltr'>μὲν</span> <span class='ocrx_word' id='word_1_280' title='bbox 3089 2827 3116 2869; x_wconf 71' lang='grc' dir='ltr'><strong>ὅ</strong></span> 
     </span>
     <span class='ocr_line' id='line_1_24' title="bbox 523 2909 3028 2995; baseline 0.002 -23"><span class='ocrx_word' id='word_1_281' title='bbox 523 2911 629 2993; x_wconf 80' lang='grc' dir='ltr'>τὴν</span> <span class='ocrx_word' id='word_1_282' title='bbox 673 2910 815 2993; x_wconf 78' lang='grc' dir='ltr'>ὕλην</span> <span class='ocrx_word' id='word_1_283' title='bbox 861 2911 967 2973; x_wconf 87' lang='grc' dir='ltr'>οὐκ</span> <span class='ocrx_word' id='word_1_284' title='bbox 1011 2909 1242 2981; x_wconf 76' lang='grc' dir='ltr'>αὔξεται</span> <span class='ocrx_word' id='word_1_285' title='bbox 1285 2913 1358 2974; x_wconf 81' lang='grc' dir='ltr'>τὰ</span> <span class='ocrx_word' id='word_1_286' title='bbox 1401 2910 1720 2994; x_wconf 76' lang='grc' dir='ltr'>αὐξόμενα,</span> <span class='ocrx_word' id='word_1_287' title='bbox 1773 2911 1923 2975; x_wconf 83' lang='grc' dir='ltr'>κατὰ</span> <span class='ocrx_word' id='word_1_288' title='bbox 1975 2913 2041 2974; x_wconf 86' lang='grc' dir='ltr'>δὲ</span> <span class='ocrx_word' id='word_1_289' title='bbox 2084 2913 2149 2975; x_wconf 92' lang='grc' dir='ltr'>τὸ</span> <span class='ocrx_word' id='word_1_290' title='bbox 2194 2911 2367 2980; x_wconf 83' lang='grc' dir='ltr'>εἶδος.</span> <span class='ocrx_word' id='word_1_291' title='bbox 2455 2915 2627 2975; x_wconf 83' lang='grc' dir='ltr'>τοῦτο</span> <span class='ocrx_word' id='word_1_292' title='bbox 2671 2911 2776 2995; x_wconf 79' lang='grc' dir='ltr'>γὰρ</span> <span class='ocrx_word' id='word_1_293' title='bbox 2823 2913 3028 2977; x_wconf 88' lang='grc' dir='ltr'>ταύτὸν</span> 
     </span>
     <span class='ocr_line' id='line_1_25' title="bbox 529 3011 3030 3105; baseline 0.002 -31"><span class='ocrx_word' id='word_1_294' title='bbox 529 3012 718 3096; x_wconf 85' lang='grc' dir='ltr'>μένον.</span> <span class='ocrx_word' id='word_1_295' title='bbox 805 3019 906 3076; x_wconf 80' lang='grc' dir='ltr'>τοῦ</span> <span class='ocrx_word' id='word_1_296' title='bbox 950 3014 1057 3105; x_wconf 76' lang='grc' dir='ltr'>γᾴρ</span> <span class='ocrx_word' id='word_1_297' title='bbox 1103 3011 1238 3078; x_wconf 80' lang='grc' dir='ltr'>καῦ’</span> <span class='ocrx_word' id='word_1_298' title='bbox 1296 3015 1436 3078; x_wconf 83' lang='grc' dir='ltr'>αὐτὸ</span> <span class='ocrx_word' id='word_1_299' title='bbox 1484 3017 1816 3099; x_wconf 78' lang='grc' dir='ltr'>ὑφεστῶτος</span> <span class='ocrx_word' id='word_1_300' title='bbox 1861 3017 1900 3099; x_wconf 77' lang='grc' dir='ltr'>ἡ</span> <span class='ocrx_word' id='word_1_301' title='bbox 1946 3013 2182 3100; x_wconf 73' lang='grc' dir='ltr'>αὔξησις</span> <span class='ocrx_word' id='word_1_302' title='bbox 2228 3015 2375 3079; x_wconf 77' lang='grc' dir='ltr'>κατὰ</span> <span class='ocrx_word' id='word_1_303' title='bbox 2430 3016 2495 3080; x_wconf 87' lang='grc' dir='ltr'>τὸ</span> <span class='ocrx_word' id='word_1_304' title='bbox 2544 3014 2713 3096; x_wconf 84' lang='grc' dir='ltr'>μένον</span> <span class='ocrx_word' id='word_1_305' title='bbox 2760 3016 2821 3078; x_wconf 86' lang='grc' dir='ltr'>ἐν</span> <span class='ocrx_word' id='word_1_306' title='bbox 2866 3017 3030 3104; x_wconf 81' lang='grc' dir='ltr'>αὐτῷ’</span> 
     </span>
    </p>

    <p class='ocr_par' dir='ltr' id='par_1_8' title="bbox 417 3116 3030 3204">
     <span class='ocr_line' id='line_1_26' title="bbox 417 3116 3030 3204; baseline 0 -25"><span class='ocrx_word' id='word_1_307' title='bbox 417 3136 485 3184; x_wconf 81' lang='lat'>25</span> <span class='ocrx_word' id='word_1_308' title='bbox 524 3117 760 3200; x_wconf 81' lang='grc' dir='ltr'>γίνεται,</span> <span class='ocrx_word' id='word_1_309' title='bbox 805 3116 942 3181; x_wconf 75' lang='grc' dir='ltr'>καθ’</span> <span class='ocrx_word' id='word_1_310' title='bbox 995 3118 1138 3181; x_wconf 84' lang='grc' dir='ltr'>αὑτὸ</span> <span class='ocrx_word' id='word_1_311' title='bbox 1183 3118 1249 3181; x_wconf 86' lang='grc' dir='ltr'>δὲ</span> <span class='ocrx_word' id='word_1_312' title='bbox 1293 3119 1625 3201; x_wconf 80' lang='grc' dir='ltr'>ὑφεστῶτος</span> <span class='ocrx_word' id='word_1_313' title='bbox 1669 3119 1734 3181; x_wconf 91' lang='grc' dir='ltr'>τὸ</span> <span class='ocrx_word' id='word_1_314' title='bbox 1780 3119 2235 3202; x_wconf 89' lang='grc' dir='ltr'>συναμφότερον,</span> <span class='ocrx_word' id='word_1_315' title='bbox 2280 3119 2311 3182; x_wconf 88' lang='grc' dir='ltr'>ὃ</span> <span class='ocrx_word' id='word_1_316' title='bbox 2358 3119 2505 3182; x_wconf 83' lang='grc' dir='ltr'>κατὰ</span> <span class='ocrx_word' id='word_1_317' title='bbox 2548 3120 2615 3182; x_wconf 88' lang='grc' dir='ltr'>τὸ</span> <span class='ocrx_word' id='word_1_318' title='bbox 2658 3119 2813 3188; x_wconf 77' lang='grc' dir='ltr'>εἶδος</span> <span class='ocrx_word' id='word_1_319' title='bbox 2858 3121 3030 3204; x_wconf 86' lang='grc' dir='ltr'>μένει.</span> 
     </span>
    </p>

    <p class='ocr_par' dir='ltr' id='par_1_9' title="bbox 523 3219 3114 3514">
     <span class='ocr_line' id='line_1_27' title="bbox 523 3219 3114 3308; baseline 0 -26"><span class='ocrx_word' id='word_1_320' title='bbox 523 3223 564 3304; x_wconf 85' lang='grc' dir='ltr'><strong>ἠ</strong></span> <span class='ocrx_word' id='word_1_321' title='bbox 607 3219 716 3304; x_wconf 81' lang='grc' dir='ltr'>γὰρ</span> <span class='ocrx_word' id='word_1_322' title='bbox 763 3220 872 3304; x_wconf 78' lang='grc' dir='ltr'>ὕλη</span> <span class='ocrx_word' id='word_1_323' title='bbox 918 3221 984 3282; x_wconf 93' lang='grc' dir='ltr'>τὸ</span> <span class='ocrx_word' id='word_1_324' title='bbox 1032 3221 1190 3305; x_wconf 77' lang='grc' dir='ltr'>ῥέον,</span> <span class='ocrx_word' id='word_1_325' title='bbox 1233 3221 1393 3296; x_wconf 82' lang='grc' dir='ltr'>ἐπεί,</span> <span class='ocrx_word' id='word_1_326' title='bbox 1445 3222 1500 3284; x_wconf 84' lang='grc' dir='ltr'>εἰ</span> <span class='ocrx_word' id='word_1_327' title='bbox 1543 3223 1639 3284; x_wconf 82' lang='grc' dir='ltr'>καὶ</span> <span class='ocrx_word' id='word_1_328' title='bbox 1686 3221 1964 3303; x_wconf 86' lang='grc' dir='ltr'>ὑπομένει</span> <span class='ocrx_word' id='word_1_329' title='bbox 2008 3245 2092 3290; x_wconf 82' lang='grc' dir='ltr'>τις</span> <span class='ocrx_word' id='word_1_330' title='bbox 2136 3221 2245 3306; x_wconf 80' lang='grc' dir='ltr'>ὕλη</span> <span class='ocrx_word' id='word_1_331' title='bbox 2293 3222 2354 3284; x_wconf 87' lang='grc' dir='ltr'>ἐν</span> <span class='ocrx_word' id='word_1_332' title='bbox 2397 3225 2485 3306; x_wconf 73' lang='grc' dir='ltr'>τῷ</span> <span class='ocrx_word' id='word_1_333' title='bbox 2530 3221 2854 3308; x_wconf 75' lang='grc' dir='ltr'>αὐξομένῳ,</span> <span class='ocrx_word' id='word_1_334' title='bbox 2900 3222 3022 3288; x_wconf 79' lang='grc' dir='ltr'>ἀλλ’</span> <span class='ocrx_word' id='word_1_335' title='bbox 3060 3241 3114 3283; x_wconf 83' lang='grc' dir='ltr'>ιο</span> 
     </span>
     <span class='ocr_line' id='line_1_28' title="bbox 526 3321 3033 3408; baseline 0.002 -22"><span class='ocrx_word' id='word_1_336' title='bbox 526 3322 634 3386; x_wconf 82' lang='grc' dir='ltr'>οὐκ</span> <span class='ocrx_word' id='word_1_337' title='bbox 676 3321 800 3386; x_wconf 86' lang='grc' dir='ltr'>ἔστι</span> <span class='ocrx_word' id='word_1_338' title='bbox 843 3324 1056 3408; x_wconf 81' lang='grc' dir='ltr'>ταύτης</span> <span class='ocrx_word' id='word_1_339' title='bbox 1086 3329 1480 3408; x_wconf 82' lang='grc' dir='ltr'>κατηγορῆσαι</span> <span class='ocrx_word' id='word_1_340' title='bbox 1524 3326 1589 3388; x_wconf 91' lang='grc' dir='ltr'>τὸ</span> <span class='ocrx_word' id='word_1_341' title='bbox 1621 3322 1931 3408; x_wconf 72' lang='grc' dir='ltr'>ηὐξῆσθαι,</span> <span class='ocrx_word' id='word_1_342' title='bbox 1976 3331 2062 3408; x_wconf 79' lang='grc' dir='ltr'>τῷ</span> <span class='ocrx_word' id='word_1_343' title='bbox 2111 3323 2237 3388; x_wconf 86' lang='grc' dir='ltr'>κατ’</span> <span class='ocrx_word' id='word_1_344' title='bbox 2278 3323 2457 3408; x_wconf 85' lang='grc' dir='ltr'>αὐτὴν</span> <span class='ocrx_word' id='word_1_345' title='bbox 2504 3325 2801 3403; x_wconf 82' lang='grc' dir='ltr'>ἑκάστοτε,</span> <span class='ocrx_word' id='word_1_346' title='bbox 2846 3328 2898 3390; x_wconf 83' lang='grc' dir='ltr'>εἰ</span> <span class='ocrx_word' id='word_1_347' title='bbox 2934 3329 3033 3392; x_wconf 83' lang='grc' dir='ltr'>καὶ</span> 
     </span>
     <span class='ocr_line' id='line_1_29' title="bbox 532 3425 3031 3514; baseline 0.002 -24"><span class='ocrx_word' id='word_1_348' title='bbox 532 3425 868 3510; x_wconf 84' lang='grc' dir='ltr'>ὓπέμεινεν,</span> <span class='ocrx_word' id='word_1_349' title='bbox 922 3427 1073 3490; x_wconf 82' lang='grc' dir='ltr'>ἀλλὰ</span> <span class='ocrx_word' id='word_1_350' title='bbox 1127 3427 1271 3509; x_wconf 84' lang='grc' dir='ltr'>μετὰ</span> <span class='ocrx_word' id='word_1_351' title='bbox 1323 3432 1503 3490; x_wconf 82' lang='grc' dir='ltr'>ταῦτα</span> <span class='ocrx_word' id='word_1_352' title='bbox 1559 3429 1676 3512; x_wconf 79' lang='grc' dir='ltr'>ῥεῖν</span> <span class='ocrx_word' id='word_1_353' title='bbox 1729 3451 1794 3492; x_wconf 82' lang='grc' dir='ltr'>τε</span> <span class='ocrx_word' id='word_1_354' title='bbox 1847 3429 1943 3491; x_wconf 84' lang='grc' dir='ltr'>καὶ</span> <span class='ocrx_word' id='word_1_355' title='bbox 2002 3428 2421 3492; x_wconf 78' lang='grc' dir='ltr'>ἀλλάσσεσθαι.</span> <span class='ocrx_word' id='word_1_356' title='bbox 2508 3429 2591 3492; x_wconf 92' lang='grc' dir='ltr'>οὐ·</span> <span class='ocrx_word' id='word_1_357' title='bbox 2621 3431 2728 3514; x_wconf 79' lang='grc' dir='ltr'>γὰρ</span> <span class='ocrx_word' id='word_1_358' title='bbox 2774 3427 2925 3495; x_wconf 87' lang='grc' dir='ltr'>ἔστιν</span> <span class='ocrx_word' id='word_1_359' title='bbox 2970 3431 3031 3495; x_wconf 85' lang='grc' dir='ltr'>ἐν</span> 
     </span>
    </p>

    <p class='ocr_par' dir='ltr' id='par_1_10' title="bbox 443 3529 3114 3624">
     <span class='ocr_line' id='line_1_30' title="bbox 443 3529 3114 3624; baseline 0.001 -32"><span class='ocrx_word' id='word_1_360' title='bbox 443 3597 450 3600; x_wconf 66' lang='grc'>,</span> <span class='ocrx_word' id='word_1_361' title='bbox 493 3535 612 3624; x_wconf 38' lang='grc' dir='ltr'>’τῷ</span> <span class='ocrx_word' id='word_1_362' title='bbox 659 3529 970 3614; x_wconf 75' lang='grc' dir='ltr'>ηὐξημένῳ</span> <span class='ocrx_word' id='word_1_363' title='bbox 1018 3532 1218 3616; x_wconf 82' lang='grc' dir='ltr'>λαβεῖν</span> <span class='ocrx_word' id='word_1_364' title='bbox 1269 3554 1396 3594; x_wconf 90' lang='grc' dir='ltr'>τινα</span> <span class='ocrx_word' id='word_1_365' title='bbox 1429 3532 1590 3615; x_wconf 76' lang='grc' dir='ltr'>ὕλην,</span> <span class='ocrx_word' id='word_1_366' title='bbox 1635 3532 1761 3616; x_wconf 82' lang='grc' dir='ltr'>ἥτις</span> <span class='ocrx_word' id='word_1_367' title='bbox 1806 3531 1904 3595; x_wconf 81' lang='grc' dir='ltr'>διὰ</span> <span class='ocrx_word' id='word_1_368' title='bbox 1944 3533 2235 3616; x_wconf 50' lang='grc' dir='ltr'>παντὸςιῆ</span> <span class='ocrx_word' id='word_1_369' title='bbox 2282 3531 2429 3615; x_wconf 86' lang='grc' dir='ltr'>αὐτὴ</span> <span class='ocrx_word' id='word_1_370' title='bbox 2466 3532 2717 3616; x_wconf 86' lang='grc' dir='ltr'>μένουσα</span> <span class='ocrx_word' id='word_1_371' title='bbox 2762 3535 2822 3596; x_wconf 90' lang='grc' dir='ltr'>ἐν</span> <span class='ocrx_word' id='word_1_372' title='bbox 2867 3535 3031 3620; x_wconf 77' lang='grc' dir='ltr'>αὐτῷ</span> <span class='ocrx_word' id='word_1_373' title='bbox 3060 3552 3114 3594; x_wconf 76' lang='lat'>15</span> 
     </span>
    </p>

    <p class='ocr_par' dir='ltr' id='par_1_11' title="bbox 415 3631 3113 3926">
     <span class='ocr_line' id='line_1_31' title="bbox 415 3631 3032 3722; baseline 0 -22"><span class='ocrx_word' id='word_1_374' title='bbox 415 3651 488 3700; x_wconf 90' lang='grc' dir='ltr'>3ο</span> <span class='ocrx_word' id='word_1_375' title='bbox 523 3631 649 3696; x_wconf 82' lang='grc' dir='ltr'>κατ’</span> <span class='ocrx_word' id='word_1_376' title='bbox 707 3633 955 3717; x_wconf 75' lang='grc' dir='ltr'>ἀριθμὸν</span> <span class='ocrx_word' id='word_1_377' title='bbox 1001 3635 1346 3718; x_wconf 79' lang='grc' dir='ltr'>προσθήκην</span> <span class='ocrx_word' id='word_1_378' title='bbox 1402 3631 1577 3720; x_wconf 84' lang='grc' dir='ltr'>ἔσχεν</span> <span class='ocrx_word' id='word_1_379' title='bbox 1622 3635 1748 3698; x_wconf 81' lang='grc' dir='ltr'>τινὰ</span> <span class='ocrx_word' id='word_1_380' title='bbox 1791 3635 1941 3699; x_wconf 78' lang='grc' dir='ltr'>κατὰ</span> <span class='ocrx_word' id='word_1_381' title='bbox 1984 3636 2186 3699; x_wconf 88' lang='grc' dir='ltr'>ποσόν.</span> <span class='ocrx_word' id='word_1_382' title='bbox 2277 3636 2347 3719; x_wconf 86' lang='grc' dir='ltr'>ἣν</span> <span class='ocrx_word' id='word_1_383' title='bbox 2392 3636 2505 3718; x_wconf 80' lang='grc' dir='ltr'>γὰρ</span> <span class='ocrx_word' id='word_1_384' title='bbox 2551 3635 2619 3700; x_wconf 80' lang='grc' dir='ltr'>ἂν</span> <span class='ocrx_word' id='word_1_385' title='bbox 2664 3638 2881 3722; x_wconf 79' lang='grc' dir='ltr'>λάβῃς,</span> <span class='ocrx_word' id='word_1_386' title='bbox 2936 3641 3032 3704; x_wconf 86' lang='grc' dir='ltr'>καὶ</span> 
     </span>
     <span class='ocr_line' id='line_1_32' title="bbox 525 3737 3028 3825; baseline 0.002 -25"><span class='ocrx_word' id='word_1_387' title='bbox 525 3737 670 3818; x_wconf 75' lang='grc' dir='ltr'>αὕτη</span> <span class='ocrx_word' id='word_1_388' title='bbox 727 3738 820 3821; x_wconf 79' lang='grc' dir='ltr'>ῥεῖ</span> <span class='ocrx_word' id='word_1_389' title='bbox 867 3739 963 3800; x_wconf 85' lang='grc' dir='ltr'>καὶ</span> <span class='ocrx_word' id='word_1_390' title='bbox 1023 3738 1470 3822; x_wconf 81' lang='grc' dir='ltr'>μεταβάλλεται,</span> <span class='ocrx_word' id='word_1_391' title='bbox 1527 3740 1625 3802; x_wconf 84' lang='grc' dir='ltr'>καὶ</span> <span class='ocrx_word' id='word_1_392' title='bbox 1677 3737 1844 3802; x_wconf 86' lang='grc' dir='ltr'>οὐδὲν</span> <span class='ocrx_word' id='word_1_393' title='bbox 1896 3737 2079 3823; x_wconf 80' lang='grc' dir='ltr'>αὐτῆς</span> <span class='ocrx_word' id='word_1_394' title='bbox 2132 3737 2306 3802; x_wconf 89' lang='grc' dir='ltr'>ταύτὸ</span> <span class='ocrx_word' id='word_1_395' title='bbox 2360 3737 2487 3802; x_wconf 84' lang='grc' dir='ltr'>κατ’</span> <span class='ocrx_word' id='word_1_396' title='bbox 2544 3740 2793 3824; x_wconf 75' lang='grc' dir='ltr'>ἀριθμὸν</span> <span class='ocrx_word' id='word_1_397' title='bbox 2842 3741 3028 3825; x_wconf 86' lang='grc' dir='ltr'>μένει·</span> 
     </span>
     <span class='ocr_line' id='line_1_33' title="bbox 525 3839 3113 3926; baseline 0.002 -24"><span class='ocrx_word' id='word_1_398' title='bbox 525 3841 590 3902; x_wconf 91' lang='grc' dir='ltr'>τὸ</span> <span class='ocrx_word' id='word_1_399' title='bbox 636 3841 701 3904; x_wconf 83' lang='grc' dir='ltr'>δὲ</span> <span class='ocrx_word' id='word_1_400' title='bbox 743 3839 898 3908; x_wconf 79' lang='grc' dir='ltr'>εἶδος</span> <span class='ocrx_word' id='word_1_401' title='bbox 941 3841 1116 3904; x_wconf 86' lang='grc' dir='ltr'>ταύτὸ</span> <span class='ocrx_word' id='word_1_402' title='bbox 1165 3840 1346 3925; x_wconf 88' lang='grc' dir='ltr'>μένει,</span> <span class='ocrx_word' id='word_1_403' title='bbox 1393 3839 1513 3906; x_wconf 86' lang='grc' dir='ltr'>ἔστ’</span> <span class='ocrx_word' id='word_1_404' title='bbox 1571 3841 1640 3904; x_wconf 80' lang='grc' dir='ltr'>ἂν</span> <span class='ocrx_word' id='word_1_405' title='bbox 1684 3846 1943 3926; x_wconf 80' lang='grc' dir='ltr'>σώζηται</span> <span class='ocrx_word' id='word_1_406' title='bbox 1988 3843 2055 3906; x_wconf 92' lang='grc' dir='ltr'>τὸ</span> <span class='ocrx_word' id='word_1_407' title='bbox 2101 3847 2357 3926; x_wconf 78' lang='grc' dir='ltr'>πρᾶγμα.</span> <span class='ocrx_word' id='word_1_408' title='bbox 3055 3864 3113 3906; x_wconf 80' lang='lat'>2⁰</span> 
     </span>
    </p>
   </div>
   <div class='ocr_carea' id='block_1_5' title="bbox 411 4096 3137 4965">
    <p class='ocr_par' dir='ltr' id='par_1_12' title="bbox 411 4096 3137 4965">
     <span class='ocr_line' id='line_1_34' title="bbox 415 4096 3135 4174; baseline 0.005 -24"><span class='ocrx_word' id='word_1_409' title='bbox 415 4098 450 4150; x_wconf 90' lang='lat'><strong>3</strong></span> <span class='ocrx_word' id='word_1_410' title='bbox 487 4098 544 4150; x_wconf 86' lang='grc' dir='ltr'>τὸ</span> <span class='ocrx_word' id='word_1_411' title='bbox 581 4099 748 4168; x_wconf 75' lang='grc' dir='ltr'>ἕτερον</span> <span class='ocrx_word' id='word_1_412' title='bbox 789 4100 1010 4154; x_wconf 73' lang='lat' dir='ltr'><strong>GFS¹Lz</strong></span> <span class='ocrx_word' id='word_1_413' title='bbox 1053 4098 1112 4152; x_wconf 78' lang='grc' dir='ltr'>’τό</span> <span class='ocrx_word' id='word_1_414' title='bbox 1149 4096 1233 4169; x_wconf 74' lang='grc' dir='ltr'>ἐφ’</span> <span class='ocrx_word' id='word_1_415' title='bbox 1275 4099 1331 4152; x_wconf 84' lang='grc' dir='ltr'>ὃν</span> <span class='ocrx_word' id='word_1_416' title='bbox 1369 4101 1560 4153; x_wconf 87' lang='lat' dir='ltr'>VRB¹:</span> <span class='ocrx_word' id='word_1_417' title='bbox 1612 4099 1670 4152; x_wconf 84' lang='grc' dir='ltr'>τὸ</span> <span class='ocrx_word' id='word_1_418' title='bbox 1709 4104 1800 4169; x_wconf 73' lang='grc' dir='ltr'>μὲν</span> <span class='ocrx_word' id='word_1_419' title='bbox 1837 4101 1890 4152; x_wconf 80' lang='grc' dir='ltr'>ἓν</span> <span class='ocrx_word' id='word_1_420' title='bbox 1928 4099 2096 4154; x_wconf 80' lang='lat' dir='ltr'><strong>B²s²a</strong></span> <span class='ocrx_word' id='word_1_421' title='bbox 2131 4100 2222 4170; x_wconf 85' lang='lat' dir='ltr'>Sp.</span> <span class='ocrx_word' id='word_1_422' title='bbox 2434 4103 2467 4154; x_wconf 88' lang='lat'>4</span> <span class='ocrx_word' id='word_1_423' title='bbox 2504 4121 2559 4155; x_wconf 82' lang='grc' dir='ltr'>τε</span> <span class='ocrx_word' id='word_1_424' title='bbox 2596 4117 2695 4156; x_wconf 88' lang='lat' dir='ltr'>om.</span> <span class='ocrx_word' id='word_1_425' title='bbox 2732 4105 2850 4158; x_wconf 80' lang='lat' dir='ltr'>Fsa</span> <span class='ocrx_word' id='word_1_426' title='bbox 2884 4105 2997 4174; x_wconf 89' lang='lat' dir='ltr'><strong>Sp.:</strong></span> <span class='ocrx_word' id='word_1_427' title='bbox 3036 4107 3135 4162; x_wconf 83' lang='lat' dir='ltr'>del.</span> 
     </span>
     <span class='ocr_line' id='line_1_35' title="bbox 411 4185 3033 4263; baseline 0.003 -24"><span class='ocrx_word' id='word_1_428' title='bbox 411 4189 488 4239; x_wconf 83' lang='lat' dir='ltr'>B:</span> <span class='ocrx_word' id='word_1_429' title='bbox 523 4187 583 4239; x_wconf 87' lang='grc' dir='ltr'>τὸ</span> <span class='ocrx_word' id='word_1_430' title='bbox 619 4189 666 4240; x_wconf 86' lang='lat' dir='ltr'>R.</span> <span class='ocrx_word' id='word_1_431' title='bbox 841 4187 872 4240; x_wconf 91' lang='grc'><strong>6</strong></span> <span class='ocrx_word' id='word_1_432' title='bbox 910 4185 1107 4256; x_wconf 78' lang='grc' dir='ltr'>λέγουσι</span> <span class='ocrx_word' id='word_1_433' title='bbox 1142 4185 1361 4256; x_wconf 76' lang='grc' dir='ltr'>γίνεσθαι</span> <span class='ocrx_word' id='word_1_434' title='bbox 1396 4205 1429 4240; x_wconf 81' lang='lat' dir='ltr'><strong>a</strong></span> <span class='ocrx_word' id='word_1_435' title='bbox 1463 4187 1553 4256; x_wconf 86' lang='lat' dir='ltr'>Sp.</span> <span class='ocrx_word' id='word_1_436' title='bbox 1735 4187 1766 4238; x_wconf 83' lang='lat'>7</span> <span class='ocrx_word' id='word_1_437' title='bbox 1805 4204 1881 4256; x_wconf 82' lang='lat' dir='ltr'>pr.</span> <span class='ocrx_word' id='word_1_438' title='bbox 1907 4187 2027 4258; x_wconf 76' lang='grc' dir='ltr'>τήν]</span> <span class='ocrx_word' id='word_1_439' title='bbox 2062 4189 2127 4258; x_wconf 74' lang='grc' dir='ltr'>τη</span> <span class='ocrx_word' id='word_1_440' title='bbox 2164 4190 2221 4241; x_wconf 84' lang='lat' dir='ltr'>in</span> <span class='ocrx_word' id='word_1_441' title='bbox 2256 4187 2335 4242; x_wconf 85' lang='lat' dir='ltr'><strong>lit.</strong></span> <span class='ocrx_word' id='word_1_442' title='bbox 2369 4192 2420 4241; x_wconf 99' lang='lat' dir='ltr'>V</span> <span class='ocrx_word' id='word_1_443' title='bbox 2614 4191 2705 4243; x_wconf 68' lang='lat' dir='ltr'><strong>alt.</strong></span> <span class='ocrx_word' id='word_1_444' title='bbox 2730 4191 2825 4263; x_wconf 80' lang='grc' dir='ltr'>τὴν</span> <span class='ocrx_word' id='word_1_445' title='bbox 2861 4208 2962 4246; x_wconf 89' lang='lat' dir='ltr'>om.</span> <span class='ocrx_word' id='word_1_446' title='bbox 3000 4213 3033 4247; x_wconf 76' lang='lat' dir='ltr'><strong>a</strong></span> 
     </span>
     <span class='ocr_line' id='line_1_36' title="bbox 417 4273 3137 4354; baseline 0.003 -27"><span class='ocrx_word' id='word_1_447' title='bbox 417 4273 484 4327; x_wconf 89' lang='lat'>13</span> <span class='ocrx_word' id='word_1_448' title='bbox 536 4273 654 4348; x_wconf 80' lang='grc' dir='ltr'>γὰρ]</span> <span class='ocrx_word' id='word_1_449' title='bbox 691 4294 720 4344; x_wconf 89' lang='grc' dir='ltr'>ρ</span> <span class='ocrx_word' id='word_1_450' title='bbox 755 4277 810 4328; x_wconf 87' lang='lat' dir='ltr'>in</span> <span class='ocrx_word' id='word_1_451' title='bbox 849 4275 926 4328; x_wconf 81' lang='lat' dir='ltr'><strong>lit.</strong></span> <span class='ocrx_word' id='word_1_452' title='bbox 963 4279 1014 4328; x_wconf 89' lang='lat' dir='ltr'>V</span> <span class='ocrx_word' id='word_1_453' title='bbox 1290 4276 1352 4328; x_wconf 81' lang='lat'>16</span> <span class='ocrx_word' id='word_1_454' title='bbox 1409 4274 1590 4346; x_wconf 78' lang='grc' dir='ltr'>τοσῆδε</span> <span class='ocrx_word' id='word_1_455' title='bbox 1625 4279 1676 4328; x_wconf 93' lang='lat' dir='ltr'>V</span> <span class='ocrx_word' id='word_1_456' title='bbox 1893 4277 1953 4328; x_wconf 81' lang='lat'>17</span> <span class='ocrx_word' id='word_1_457' title='bbox 1995 4276 2142 4348; x_wconf 81' lang='grc' dir='ltr'>σαρκί</span> <span class='ocrx_word' id='word_1_458' title='bbox 2180 4279 2349 4330; x_wconf 67' lang='lat' dir='ltr'>VEB:</span> <span class='ocrx_word' id='word_1_459' title='bbox 2387 4279 2536 4348; x_wconf 82' lang='grc' dir='ltr'>σαρκὶ</span> <span class='ocrx_word' id='word_1_460' title='bbox 2572 4279 2626 4330; x_wconf 80' lang='grc' dir='ltr'>ἐν</span> <span class='ocrx_word' id='word_1_461' title='bbox 2663 4280 2739 4346; x_wconf 79' lang='grc' dir='ltr'>(ἐν</span> <span class='ocrx_word' id='word_1_462' title='bbox 2776 4295 2877 4334; x_wconf 90' lang='lat' dir='ltr'>om.</span> <span class='ocrx_word' id='word_1_463' title='bbox 2912 4283 3023 4350; x_wconf 82' lang='lat' dir='ltr'>FL)</span> <span class='ocrx_word' id='word_1_464' title='bbox 3059 4283 3137 4354; x_wconf 69' lang='grc' dir='ltr'>τῷ</span> 
     </span>
     <span class='ocr_line' id='line_1_37' title="bbox 413 4362 3134 4440; baseline 0.003 -25"><span class='ocrx_word' id='word_1_465' title='bbox 413 4362 596 4434; x_wconf 70' lang='grc' dir='ltr'>τοσῇδε</span> <span class='ocrx_word' id='word_1_466' title='bbox 633 4363 753 4415; x_wconf 79' lang='grc' dir='ltr'>εἶναι</span> <span class='ocrx_word' id='word_1_467' title='bbox 788 4363 848 4415; x_wconf 85' lang='grc' dir='ltr'>τὸ</span> <span class='ocrx_word' id='word_1_468' title='bbox 885 4366 1031 4428; x_wconf 76' lang='grc' dir='ltr'>σαρκὶ</span> <span class='ocrx_word' id='word_1_469' title='bbox 1077 4363 1200 4416; x_wconf 83' lang='grc' dir='ltr'>εἶναι</span> <span class='ocrx_word' id='word_1_470' title='bbox 1239 4365 1346 4419; x_wconf 73' lang='lat'>(38¹</span> <span class='ocrx_word' id='word_1_471' title='bbox 1404 4366 1482 4429; x_wconf 89' lang='lat' dir='ltr'>(in</span> <span class='ocrx_word' id='word_1_472' title='bbox 1519 4366 1645 4433; x_wconf 84' lang='lat' dir='ltr'><strong>mg.)</strong></span> <span class='ocrx_word' id='word_1_473' title='bbox 1682 4368 1759 4416; x_wconf 82' lang='lat' dir='ltr'>La</span> <span class='ocrx_word' id='word_1_474' title='bbox 1796 4363 1885 4433; x_wconf 88' lang='lat' dir='ltr'>Sp.</span> <span class='ocrx_word' id='word_1_475' title='bbox 2104 4365 2168 4418; x_wconf 87' lang='grc'>18</span> <span class='ocrx_word' id='word_1_476' title='bbox 2204 4365 2319 4418; x_wconf 82' lang='grc' dir='ltr'>τοδε</span> <span class='ocrx_word' id='word_1_477' title='bbox 2355 4370 2404 4417; x_wconf 94' lang='lat' dir='ltr'>V</span> <span class='ocrx_word' id='word_1_478' title='bbox 2617 4367 2675 4420; x_wconf 85' lang='grc' dir='ltr'>τὸ</span> <span class='ocrx_word' id='word_1_479' title='bbox 2713 4368 2765 4421; x_wconf 79' lang='grc' dir='ltr'>δὲ</span> <span class='ocrx_word' id='word_1_480' title='bbox 2800 4369 2913 4422; x_wconf 79' lang='grc' dir='ltr'>τόδε</span> <span class='ocrx_word' id='word_1_481' title='bbox 2950 4389 2981 4422; x_wconf 77' lang='lat' dir='ltr'><strong>a</strong></span> <span class='ocrx_word' id='word_1_482' title='bbox 3018 4370 3134 4440; x_wconf 85' lang='lat' dir='ltr'>Sp.:</span> 
     </span>
     <span class='ocr_line' id='line_1_38' title="bbox 411 4449 3133 4528; baseline 0.003 -25"><span class='ocrx_word' id='word_1_483' title='bbox 411 4450 475 4503; x_wconf 85' lang='grc' dir='ltr'>τὸ</span> <span class='ocrx_word' id='word_1_484' title='bbox 509 4449 622 4504; x_wconf 77' lang='grc' dir='ltr'>τοδε</span> <span class='ocrx_word' id='word_1_485' title='bbox 649 4455 712 4503; x_wconf 84' lang='lat' dir='ltr'>V:</span> <span class='ocrx_word' id='word_1_486' title='bbox 750 4451 808 4504; x_wconf 86' lang='grc' dir='ltr'>τὸ</span> <span class='ocrx_word' id='word_1_487' title='bbox 846 4451 959 4504; x_wconf 80' lang='grc' dir='ltr'>τόδε</span> <span class='ocrx_word' id='word_1_488' title='bbox 995 4451 1228 4505; x_wconf 77' lang='lat' dir='ltr'>13¹GFL:</span> <span class='ocrx_word' id='word_1_489' title='bbox 1266 4451 1325 4504; x_wconf 84' lang='grc' dir='ltr'>τὸ</span> <span class='ocrx_word' id='word_1_490' title='bbox 1361 4450 1420 4503; x_wconf 84' lang='grc' dir='ltr'>τό</span> <span class='ocrx_word' id='word_1_491' title='bbox 1444 4450 1496 4503; x_wconf 81' lang='grc' dir='ltr'>δὲ</span> <span class='ocrx_word' id='word_1_492' title='bbox 1523 4452 1609 4505; x_wconf 85' lang='lat' dir='ltr'>S¹=</span> <span class='ocrx_word' id='word_1_493' title='bbox 1645 4451 1705 4503; x_wconf 85' lang='grc' dir='ltr'>τὸ</span> <span class='ocrx_word' id='word_1_494' title='bbox 1740 4450 1793 4504; x_wconf 77' lang='grc' dir='ltr'>δὲ</span> <span class='ocrx_word' id='word_1_495' title='bbox 1832 4451 1884 4504; x_wconf 79' lang='grc' dir='ltr'>δὲ</span> <span class='ocrx_word' id='word_1_496' title='bbox 1910 4451 1973 4505; x_wconf 81' lang='lat' dir='ltr'>S²</span> <span class='ocrx_word' id='word_1_497' title='bbox 2150 4454 2521 4525; x_wconf 82' lang='grc' dir='ltr'>συναμφότερος</span> <span class='ocrx_word' id='word_1_498' title='bbox 2558 4454 2703 4508; x_wconf 77' lang='lat' dir='ltr'><strong>vs²a</strong></span> <span class='ocrx_word' id='word_1_499' title='bbox 2728 4457 2843 4524; x_wconf 80' lang='lat' dir='ltr'><strong>Sp.:</strong></span> <span class='ocrx_word' id='word_1_500' title='bbox 2881 4459 3133 4528; x_wconf 82' lang='grc' dir='ltr'>συναμφό-</span> 
     </span>
     <span class='ocr_line' id='line_1_39' title="bbox 412 4538 3133 4611; baseline 0.004 -20"><span class='ocrx_word' id='word_1_501' title='bbox 412 4557 557 4608; x_wconf 79' lang='grc' dir='ltr'>τερον</span> <span class='ocrx_word' id='word_1_502' title='bbox 594 4541 792 4593; x_wconf 86' lang='lat' dir='ltr'><strong>S¹GFL</strong></span> <span class='ocrx_word' id='word_1_503' title='bbox 978 4539 1046 4592; x_wconf 81' lang='lat'>23</span> <span class='ocrx_word' id='word_1_504' title='bbox 1083 4540 1176 4611; x_wconf 80' lang='grc' dir='ltr'>γὰρ</span> <span class='ocrx_word' id='word_1_505' title='bbox 1203 4538 1262 4592; x_wconf 86' lang='grc' dir='ltr'>τὸ</span> <span class='ocrx_word' id='word_1_506' title='bbox 1295 4538 1478 4592; x_wconf 83' lang='grc' dir='ltr'>ταύτὸν</span> <span class='ocrx_word' id='word_1_507' title='bbox 1504 4558 1537 4592; x_wconf 77' lang='lat' dir='ltr'><strong>a</strong></span> <span class='ocrx_word' id='word_1_508' title='bbox 1562 4539 1650 4608; x_wconf 90' lang='lat' dir='ltr'>Sp.</span> <span class='ocrx_word' id='word_1_509' title='bbox 1832 4541 1899 4593; x_wconf 84' lang='lat'>24</span> <span class='ocrx_word' id='word_1_510' title='bbox 1926 4542 2058 4594; x_wconf 80' lang='grc' dir='ltr'>κατὰ</span> <span class='ocrx_word' id='word_1_511' title='bbox 2090 4540 2147 4593; x_wconf 86' lang='grc' dir='ltr'>τὸ</span> <span class='ocrx_word' id='word_1_512' title='bbox 2168 4544 2261 4594; x_wconf 90' lang='lat' dir='ltr'>VB</span> <span class='ocrx_word' id='word_1_513' title='bbox 2290 4543 2427 4595; x_wconf 88' lang='lat' dir='ltr'><strong>coni.</strong></span> <span class='ocrx_word' id='word_1_514' title='bbox 2454 4543 2568 4610; x_wconf 84' lang='lat' dir='ltr'>Sp.:</span> <span class='ocrx_word' id='word_1_515' title='bbox 2608 4545 2739 4596; x_wconf 73' lang='grc' dir='ltr'>κατὰ</span> <span class='ocrx_word' id='word_1_516' title='bbox 2766 4543 2920 4597; x_wconf 82' lang='grc' dir='ltr'>ταύτὸ</span> <span class='ocrx_word' id='word_1_517' title='bbox 2943 4549 3133 4601; x_wconf 74' lang='lat' dir='ltr'><strong>GSLaz</strong></span> 
     </span>
     <span class='ocr_line' id='line_1_40' title="bbox 413 4627 3131 4701; baseline 0.003 -23"><span class='ocrx_word' id='word_1_518' title='bbox 413 4627 640 4679; x_wconf 79' lang='grc' dir='ltr'>καταυτό</span> <span class='ocrx_word' id='word_1_519' title='bbox 679 4631 718 4679; x_wconf 75' lang='lat' dir='ltr'><strong>F</strong></span> <span class='ocrx_word' id='word_1_520' title='bbox 933 4627 999 4682; x_wconf 80' lang='lat'>25</span> <span class='ocrx_word' id='word_1_521' title='bbox 1038 4628 1326 4696; x_wconf 74' lang='grc' dir='ltr'>ὑφεστῶτος</span> <span class='ocrx_word' id='word_1_522' title='bbox 1361 4629 1604 4682; x_wconf 76' lang='lat' dir='ltr'>VB¹S¹az</span> <span class='ocrx_word' id='word_1_523' title='bbox 1643 4627 1853 4696; x_wconf 78' lang='grc' dir='ltr'>ὓφεστός</span> <span class='ocrx_word' id='word_1_524' title='bbox 1890 4630 2026 4682; x_wconf 82' lang='lat' dir='ltr'><strong>vict.</strong></span> <span class='ocrx_word' id='word_1_525' title='bbox 2065 4629 2181 4698; x_wconf 85' lang='lat' dir='ltr'>Sp.:</span> <span class='ocrx_word' id='word_1_526' title='bbox 2219 4629 2449 4701; x_wconf 73' lang='grc' dir='ltr'>ὑφεστὼς</span> <span class='ocrx_word' id='word_1_527' title='bbox 2484 4631 2758 4685; x_wconf 77' lang='lat' dir='ltr'>GFLB²S²</span> <span class='ocrx_word' id='word_1_528' title='bbox 2984 4635 3051 4687; x_wconf 76' lang='lat'>26</span> <span class='ocrx_word' id='word_1_529' title='bbox 3089 4637 3131 4688; x_wconf 75' lang='grc' dir='ltr'>εἰ</span> 
     </span>
     <span class='ocr_line' id='line_1_41' title="bbox 412 4713 3129 4790; baseline 0.003 -22"><span class='ocrx_word' id='word_1_530' title='bbox 412 4714 504 4768; x_wconf 81' lang='grc' dir='ltr'>καὶ</span> <span class='ocrx_word' id='word_1_531' title='bbox 543 4715 677 4767; x_wconf 84' lang='lat' dir='ltr'>vict.</span> <span class='ocrx_word' id='word_1_532' title='bbox 716 4715 831 4784; x_wconf 83' lang='lat' dir='ltr'>Sp.:</span> <span class='ocrx_word' id='word_1_533' title='bbox 871 4717 957 4767; x_wconf 81' lang='grc' dir='ltr'>καὶ</span> <span class='ocrx_word' id='word_1_534' title='bbox 997 4719 1255 4770; x_wconf 79' lang='lat' dir='ltr'>VGFSLa</span> <span class='ocrx_word' id='word_1_535' title='bbox 1465 4715 1530 4766; x_wconf 77' lang='lat'>27</span> <span class='ocrx_word' id='word_1_536' title='bbox 1569 4715 1652 4780; x_wconf 84' lang='grc' dir='ltr'>τὸ]</span> <span class='ocrx_word' id='word_1_537' title='bbox 1689 4723 1766 4768; x_wconf 86' lang='grc' dir='ltr'>τῶ</span> <span class='ocrx_word' id='word_1_538' title='bbox 1803 4717 1875 4768; x_wconf 82' lang='grc' dir='ltr'>Βι</span> <span class='ocrx_word' id='word_1_539' title='bbox 2049 4719 2127 4786; x_wconf 76' lang='grc' dir='ltr'>τῷ</span> <span class='ocrx_word' id='word_1_540' title='bbox 2162 4713 2284 4770; x_wconf 75' lang='grc' dir='ltr'>κατ’</span> <span class='ocrx_word' id='word_1_541' title='bbox 2324 4717 2483 4788; x_wconf 78' lang='grc' dir='ltr'>αὐτὴν</span> <span class='ocrx_word' id='word_1_542' title='bbox 2522 4715 2670 4785; x_wconf 75' lang='grc' dir='ltr'>(καθ’</span> <span class='ocrx_word' id='word_1_543' title='bbox 2698 4720 2857 4790; x_wconf 73' lang='grc' dir='ltr'>αὐτὴν</span> <span class='ocrx_word' id='word_1_544' title='bbox 2895 4725 2959 4788; x_wconf 82' lang='lat' dir='ltr'>G,</span> <span class='ocrx_word' id='word_1_545' title='bbox 2996 4724 3129 4776; x_wconf 80' lang='grc' dir='ltr'>κατὰ</span> 
     </span>
     <span class='ocr_line' id='line_1_42' title="bbox 411 4803 3125 4882; baseline 0.004 -28"><span class='ocrx_word' id='word_1_546' title='bbox 411 4803 508 4874; x_wconf 79' lang='grc' dir='ltr'>τὴν</span> <span class='ocrx_word' id='word_1_547' title='bbox 533 4803 627 4867; x_wconf 81' lang='lat' dir='ltr'>Sa)</span> <span class='ocrx_word' id='word_1_548' title='bbox 664 4805 902 4857; x_wconf 70' lang='grc' dir='ltr'>ἑκάστοτε</span> <span class='ocrx_word' id='word_1_549' title='bbox 937 4805 980 4856; x_wconf 78' lang='grc' dir='ltr'>εἰ</span> <span class='ocrx_word' id='word_1_550' title='bbox 1018 4806 1105 4856; x_wconf 84' lang='grc' dir='ltr'>καὶ</span> <span class='ocrx_word' id='word_1_551' title='bbox 1127 4807 1460 4857; x_wconf 76' lang='lat' dir='ltr'>VGFBSLa:</span> <span class='ocrx_word' id='word_1_552' title='bbox 1498 4806 1575 4873; x_wconf 76' lang='grc' dir='ltr'>τῷ</span> <span class='ocrx_word' id='word_1_553' title='bbox 1611 4805 1853 4858; x_wconf 75' lang='grc' dir='ltr'>ἑκάστοτε</span> <span class='ocrx_word' id='word_1_554' title='bbox 1892 4805 1978 4857; x_wconf 82' lang='grc' dir='ltr'>καὶ</span> <span class='ocrx_word' id='word_1_555' title='bbox 2015 4803 2205 4874; x_wconf 80' lang='grc' dir='ltr'>ταύτην</span> <span class='ocrx_word' id='word_1_556' title='bbox 2230 4805 2271 4856; x_wconf 77' lang='grc' dir='ltr'>εἰ</span> <span class='ocrx_word' id='word_1_557' title='bbox 2306 4807 2394 4857; x_wconf 79' lang='grc' dir='ltr'>καὶ</span> <span class='ocrx_word' id='word_1_558' title='bbox 2425 4807 2554 4858; x_wconf 84' lang='lat' dir='ltr'>Vict.</span> <span class='ocrx_word' id='word_1_559' title='bbox 2580 4807 2670 4874; x_wconf 87' lang='lat' dir='ltr'>Sp.</span> <span class='ocrx_word' id='word_1_560' title='bbox 2847 4811 2913 4862; x_wconf 76' lang='lat'>‘29</span> <span class='ocrx_word' id='word_1_561' title='bbox 2951 4811 3125 4882; x_wconf 72' lang='grc' dir='ltr'>ταύτῷ</span> 
     </span>
     <span class='ocr_line' id='line_1_43' title="bbox 413 4892 2670 4965; baseline 0.002 -23"><span class='ocrx_word' id='word_1_562' title='bbox 413 4893 554 4943; x_wconf 86' lang='lat' dir='ltr'><strong>coni.</strong></span> <span class='ocrx_word' id='word_1_563' title='bbox 593 4892 678 4961; x_wconf 86' lang='lat' dir='ltr'>Sp.</span> <span class='ocrx_word' id='word_1_564' title='bbox 896 4896 964 4946; x_wconf 79' lang='lat'>30</span> <span class='ocrx_word' id='word_1_565' title='bbox 999 4895 1061 4964; x_wconf 76' lang='grc' dir='ltr'>ἣν</span> <span class='ocrx_word' id='word_1_566' title='bbox 1099 4898 1222 4946; x_wconf 86' lang='lat' dir='ltr'>VB:</span> <span class='ocrx_word' id='word_1_567' title='bbox 1261 4911 1370 4944; x_wconf 87' lang='grc' dir='ltr'>τινα</span> <span class='ocrx_word' id='word_1_568' title='bbox 1407 4893 1470 4962; x_wconf 74' lang='grc' dir='ltr'>ἣν</span> <span class='ocrx_word' id='word_1_569' title='bbox 1511 4895 1676 4946; x_wconf 79' lang='lat' dir='ltr'><strong>GFSa</strong></span> <span class='ocrx_word' id='word_1_570' title='bbox 1711 4893 1822 4960; x_wconf 83' lang='lat' dir='ltr'>Sp.:</span> <span class='ocrx_word' id='word_1_571' title='bbox 1868 4911 1978 4944; x_wconf 85' lang='grc' dir='ltr'>τινα</span> <span class='ocrx_word' id='word_1_572' title='bbox 2015 4893 2079 4964; x_wconf 78' lang='grc' dir='ltr'>ἢν</span> <span class='ocrx_word' id='word_1_573' title='bbox 2114 4897 2159 4945; x_wconf 89' lang='lat' dir='ltr'>L</span> <span class='ocrx_word' id='word_1_574' title='bbox 2356 4895 2414 4946; x_wconf 83' lang='lat'>31</span> <span class='ocrx_word' id='word_1_575' title='bbox 2460 4895 2590 4965; x_wconf 78' lang='grc' dir='ltr'>αὐτὴ</span> <span class='ocrx_word' id='word_1_576' title='bbox 2632 4899 2670 4948; x_wconf 71' lang='lat'>1⁴*</span> 
     </span>
    </p>
   </div>
  </div>
 </body>
</html>
