3684 5567
1462 260 1745 317 ΒΙΒΛΙΟΝ
1786 258 2068 317 ΠΡΩΤΟΝ
2107 264 2173 315 ‘26
3091 263 3174 325 43

557 434 817 515 λέγοντες
861 437 959 498 τὸν
1009 436 1015 517 Ι
1068 435 1171 519 μὲν
1216 435 1479 518 περιττὸν
1524 435 1773 519 ἀριθμὸν
1822 436 1906 504 εἰς
1951 434 2120 498 ἄνισα
2162 434 2576 517 διαιρούμενον,
2624 436 2720 499 τὸν
2766 436 2818 499 δ’
2868 434 3062 517 ἄρτιον
3103 438 3174 497 83

558 535 806 617 ἀριθμὸν
850 537 933 606 εἰς
979 538 1076 600 ἴσα
1109 536 1559 621 διαιρούμενον)·
1608 539 1773 599 δοκεῖ
1809 537 1920 621 γὰρ
1950 537 2047 600 καὶ
2089 536 2150 599 ἐν
2181 542 2268 622 τῷ
2301 541 2404 599 τοῦ
2443 537 2645 601 ἐνόλου
2675 536 2864 606 εἴδους
2905 534 3064 619 λόγῳ

558 634 649 719 (ἡ)
693 638 803 721 ὕλη
849 640 1431 724 παραλαμβάνεσθαι,
1475 639 1535 701 ἐν
1582 634 1623 721 ᾖ
1672 640 1813 703 ἐστι.
1905 640 2072 702 παντὶ
2121 639 2223 720 μὲν
2269 640 2375 722 γὰρ
2422 639 2609 722 ἐνῦλῳ
2641 638 2788 702 κατὰ
2818 638 2884 701 τὸ
2917 637 3069 705 εἶδος
3119 654 3148 695 5

559 738 590 800 ὁ
622 738 789 820 λόγος
831 740 1009 822 (κατὰ
1052 742 1161 823 γὰρ
1206 739 1362 803 τοῦτ’
1405 739 1566 824 αὐτῷ
1612 741 1680 803 τὸ
1725 741 1780 803 τί
1822 740 1895 825 ἧν
1937 740 2132 823 εἶναι),
2177 741 2245 804 οὐ
2279 742 2394 824 μὴν
2441 740 2589 803 ἀλλὰ
2633 742 2728 804 καὶ
2773 744 2879 823 τῆς
2925 740 3064 822 ὕλης

486 860 519 907 5
558 839 867 921 ἀναγκαῖον
914 842 1294 927 μνημονεύειν
1336 842 1537 905 αὐτόν·
1587 842 1681 905 καὶ
1726 841 1838 926 γὰρ
1885 844 2098 926 σαρκὸς
2143 844 2240 907 καὶ
2291 844 2488 923 ὀστοῦ,
2533 842 2683 906 ἀλλὰ
2727 842 2824 905 καὶ
2867 842 3064 927 χειρὸς

558 944 653 1006 καὶ
699 948 1014 1027 προσώπου
1059 946 1113 1007 οἱ
1156 944 1318 1027 λόγοι
1355 950 1623 1007 τοὶοὖτοι.
1691 945 1789 1007 καὶ
1832 944 1938 1027 τὴν
1984 946 2178 1030 ψυχὴν
2226 945 2290 1007 δὲ
2321 942 2647 1028 ὁριζόμενοι
2691 942 2843 1013 εἶδος
2885 942 3066 1008 οὖσαν·
3093 960 3148 1002 ιο

557 1043 759 1107 ἔνυλον
805 1045 867 1107 ἐν
910 1051 997 1131 τῷ
1045 1048 1272 1131 ὁρισμῷ
1329 1047 1511 1130 αὐτῆς
1564 1047 1659 1109 καὶ
1704 1046 1769 1109 τὸ
1815 1045 1886 1109 οὖ
1943 1046 2065 1110 ἐστι
2109 1047 2652 1130 παραλαμβάνομεν.
2741 1050 2910 1109 τοῦτο
2955 1046 3063 1129 γὰρ

562 1147 901 1231 σημαίνεται
947 1148 1059 1210 ὑπὸ
1107 1150 1377 1230 σώματος
1422 1153 1669 1231 φυσικοῦ
1718 1148 2040 1233 ὀργανικοῦ.
2107 1149 2206 1211 καὶ
2251 1151 2334 1217 ὡς
2377 1149 2470 1212 ἐπὶ
2517 1154 2632 1210 τῶν
2680 1148 2946 1233 ἀριθμῶν
2993 1148 3061 1211 οὐ

556 1252 670 1317 πᾶς
724 1250 829 1329 μὲν
884 1248 1133 1333 ἀριθμὸς
1177 1249 1464 1333 περιττός,
1520 1249 1657 1313 οὐδὲ
1711 1248 1822 1320 πᾶς
1884 1250 2131 1334 ἀριθμὸς
2189 1249 2410 1332 ἄρτιος,
2466 1254 2580 1318 πᾶς
2635 1250 2826 1333 μέντοι
2873 1248 3064 1333 ἄρτιος
3094 1266 3144 1309 15

450 1370 519 1417 10
560 1349 828 1434 ἀριθμός,
890 1352 987 1413 καὶ
1032 1356 1146 1420 πᾶς
1198 1352 1459 1433 περιττὸς
1504 1352 1723 1433 ὁμοίως
1767 1353 2020 1435 ἀριθμὸς
2047 1354 2152 1415 καὶ
2201 1352 2397 1425 οὗτος,
2452 1352 2638 1421 οὕτως
2682 1353 2775 1415 καὶ
2821 1353 2916 1415 ἐπὶ
2961 1357 3064 1415 τοῦ

552 1450 746 1521 εἴδους
792 1454 887 1517 καὶ
931 1458 1034 1535 τῆς
1081 1454 1222 1535 ὕλης
1265 1452 1333 1515 οὐ
1380 1458 1543 1517 πᾶσα
1590 1455 1695 1535 μὲν
1754 1455 1862 1536 ὕλη
1911 1456 2055 1535 μετὰ
2107 1456 2278 1518 τοῦδέ
2321 1477 2471 1524 τινος
2525 1459 2626 1517 τοῦ
2671 1454 2888 1529 εἴδους,
2947 1459 3060 1517 πᾶν

552 1556 619 1618 δὲ
664 1553 862 1617 ἔνυλον
906 1555 1059 1624 εἶδος
1104 1555 1165 1625 ἐν
1206 1554 1339 1636 ὅλῃ,
1387 1555 1481 1616 καὶ
1526 1558 1611 1623 ὡς
1655 1554 1748 1618 ἐπ’
1790 1556 2027 1619 ἐκείνων
2073 1558 2104 1619 ὁ
2153 1558 2256 1639 μὲν
2303 1558 2552 1641 ἀριθμὸς
2598 1557 2702 1621 οὐκ
2747 1557 3064 1621 ἀπόλλυται

552 1656 613 1719 ἐν
660 1662 732 1738 τῇ
780 1658 862 1725 εἰς
915 1658 979 1719 τὸ
1026 1654 1221 1740 ἄρτιον
1276 1656 1315 1738 ἢ
1363 1659 1625 1740 περιττὸν
1682 1658 2010 1742 μεταβολῇ,
2065 1660 2130 1721 τὸ
2188 1656 2239 1720 δ’
2293 1658 2484 1741 ἄρτιον
2539 1660 2634 1722 καὶ
2689 1660 2948 1742 περιττὸν
2995 1660 3055 1721 ἐν
3084 1676 3141 1717 2⁰

550 1758 713 1844 αὐτῷ
763 1757 919 1841 παρὰ
952 1758 1127 1841 μέρος
1165 1758 1462 1843 φθείρεται
1495 1766 1569 1843 τῇ
1603 1761 1684 1829 εἰς
1728 1760 1798 1823 τὰ
1845 1759 1974 1845 εἷῧη
2007 1761 2328 1845 μεταβολῇ,
2379 1759 2476 1844 [τὰ
2508 1762 2702 1846 μέντοι
2731 1761 2860 1844 εἴδη
2907 1762 3062 1845 παρὰ

448 1879 511 1926 15
552 1859 727 1943 μέρος
770 1858 1119 1944 φθείρεται,]
1172 1860 1325 1924 οὕτω
1370 1864 1466 1924 καὶ
1511 1882 1549 1944 η
1598 1863 1707 1945 ὕλη
1753 1862 1860 1925 οὐκ
1907 1862 2230 1927 ἀπόλλυται
2275 1864 2336 1926 ἐν
2368 1868 2440 1947 τῇ
2476 1864 2559 1931 εἰς
2601 1863 2672 1925 τὰ
2717 1863 2846 1947 εἴδη
2894 1888 3060 1947 μετα-

550 1962 730 2046 βολῇ,
782 1961 857 2024 τὰ
904 1961 1097 2043 μέντοι
1141 1962 1269 2045 εἴδη
1316 1964 1473 2046 παρὰ
1521 1964 1693 2047 μέρος
1738 1966 2038 2049 φθείρεται
2085 1966 2146 2029 ἐν
2189 1972 2264 2050 τῇ
2311 1970 2417 2049 τῆς
2463 1965 2604 2049 ὕλης
2649 1967 2730 2034 εἰς
2774 1966 2921 2029 αὐτὰ
2966 1990 3058 2048 με·
3087 1984 3142 2025 ιιῡ

548 2062 791 2146 ταβολῇ.
838 2064 845 2145 Ι

627 2217 788 2222 -——
843 2218 1000 2225 -—
1061 2220 1074 2225 -
1109 2220 1245 2226 -—.-—

435 2314 471 2367 3
518 2315 551 2384 ἡ
593 2314 825 2369 v²Bs²a
863 2316 979 2385 Sp.:
1028 2333 1125 2371 om.
1166 2321 1385 2375 v¹GFL
1608 2324 1640 2373 5
1688 2322 1858 2391 αὐτόν,
1909 2326 2021 2378 scil.
2059 2325 2147 2378 τὸν
2183 2324 2335 2395 λόγον
2373 2327 2582 2393 scripsi:
2641 2325 2811 2378 αὐτῶν
2849 2326 3165 2381 V¹GFS¹L2

434 2400 595 2471 αὐτῆς
630 2400 849 2457 V²BS²a
884 2408 973 2473 Sp.
1190 2406 1221 2459 6
1261 2407 1307 2460 οἱ
1344 2406 1481 2477 λόγοι
1516 2414 1733 2463 τοιοῦτοι
1770 2411 2059 2466 V¹GFSLa
2093 2412 2208 2480 Sp.:
2248 2412 2344 2465 del.
2386 2412 2482 2467 V²=
2523 2428 2622 2464 om.
2661 2416 2704 2465 B
2917 2412 2969 2466 δὲ
3009 2414 3166 2484 ὁριζό-

434 2504 577 2555 μενοι
614 2488 945 2543 v²GFSBLa
982 2493 1096 2560 Sp.:
1135 2494 1463 2563 διοριζόμενοι
1498 2498 1571 2547 V¹
1790 2498 1854 2549 10
1899 2496 2116 2568 ἀριθμοσ
2153 2503 2202 2551 V
2419 2504 2503 2554 καὶ
2539 2500 2685 2559 οὗτος
2722 2499 2884 2558 οὕτως
2910 2504 3166 2556 V¹GS¹L:

432 2576 525 2627 καὶ
562 2573 707 2633 οὗτος
745 2575 985 2635 οὗτοςΡι
1025 2581 1112 2631 καὶ
1150 2579 1315 2638 οὕτως
1336 2580 1527 2636 V²S²az
1567 2580 1732 2641 οὕτως
1757 2588 1799 2635 Β
1826 2586 1964 2637 coni.
1991 2585 2079 2654 Sp.
2265 2589 2324 2640 11
2366 2594 2498 2640 πᾶσα
2537 2588 2652 2655 μὲν]
2691 2606 2721 2639 α
2760 2606 2796 2655 μ
2833 2588 2888 2639 in
2926 2587 3004 2640 lit.
3030 2592 3077 2639 V

438 2660 505 2713 12
546 2660 823 2715 ἀπόλλυται
849 2664 966 2716 v²13
1008 2666 1177 2733 (prius
1214 2665 1243 2718 λ
1280 2669 1337 2721 in
1376 2670 1455 2722 lit.
1494 2669 1525 2721 2
1562 2669 1687 2736 litt.)
1728 2671 1872 2726 G²Sa
1909 2672 2025 2740 Sp.:
2063 2672 2366 2726 ἀπολέλυται
2395 2675 2626 2729 V¹G¹FL
2810 2675 2888 2726 14.
2935 2672 2996 2725 15
3031 2674 3164 2725 τὰ·-

432 2744 697 2819 φθείρεται
733 2751 1145 2819 circumscripsit
1183 2753 1441 2807 Schwartz
1454 2774 1467 2819 ;
1508 2756 1571 2809 cf.
1610 2773 1657 2807 v.
1692 2756 1754 2809 16
1972 2760 2035 2813 16
2074 2760 2204 2829 εἴδη]
2243 2760 2340 2831 ἤδη
2381 2780 2414 2813 a
