3684 5567
1397 238 1554 295 ΠΕΡΙ
1594 237 2066 295 ΕΙΜΑΡΜΕΝΗΣ
2104 242 2240 293 8-9
3057 245 3176 309 175

560 410 763 496 ἔτυχεν
812 414 1076 495 γίνεσθαί
1116 436 1241 477 τινα
1286 414 1398 477 ὑπὸ
1444 418 1561 476 τῶν
1608 416 1793 478 πάντα
1847 415 1908 484 ἐξ
1963 415 2216 498 ἀνάγκης
2269 414 2528 496 γίνεσθαι
2582 413 2867 497 λεγόντων
2913 416 3067 478 ἀναι-

562 518 763 597 ρεῖται,
807 510 1055 579 αὐτόθεν
1087 514 1398 599 πρόδηλον,
1442 514 1589 598 εἴγε
1619 520 1802 579 ταῦτα
1833 516 1938 598 μὲν
1967 516 2180 600 κυρίως
2224 515 2624 601 ἐνδεχομένως
2667 518 2930 600 γίνεσθαι
2974 515 3067 579 λε’·

558 638 744 697 γεται,
811 615 907 700 ἐφ’
963 618 1045 679 ὧν
1090 618 1185 679 καὶ
1228 618 1295 680 τὸ
1342 616 1686 701 ἐνδέχεσθαι
1740 619 1821 701 μὴ
1869 618 2139 699 γενέσθαι
2183 620 2382 701 χώραν
2429 616 2586 703 ἔχει,
2645 623 2727 688 ὡς
2777 620 2874 682 καὶ
2925 617 3068 681 αὐτὸ
3105 626 3175 681 28

556 717 623 779 τὸ
670 715 902 801 ὁπότερ’
956 716 1164 802 ἔτυχεν
1209 717 1519 799 λεγόμενον
1564 722 1722 781 ποιεῖ
1779 722 2086 803 γνώριμον,
2154 722 2226 783 τὰ
2271 720 2322 784 δ’
2377 720 2438 791 ἐξ
2495 722 2750 805 ἀνάγκης
2800 720 3072 803 γινόμενα

494 839 525 887 5
564 817 671 882 οὐκ
716 820 1015 905 ἐνδέχεται
1062 821 1143 903 μὴ
1189 820 1479 901 γενέσθαι.
1566 820 1721 902 λέγω
1767 822 1833 884 δὲ
1878 823 1942 883 τὸ
1989 823 2295 905 ἀναγκαῖον
2341 822 2446 886 οὐκ
2500 821 2594 885 ἐπὶ
2638 827 2741 884 τοῦ
2787 822 2882 907 βία
2925 844 3071 904 γινο-

562 922 736 1003 μένου
784 923 933 1005 μηδὲ
980 922 1125 985 κατὰ
1168 923 1371 986 τούτου
1418 945 1501 990 τις
1543 921 1844 985 εὐθυνέτω
1891 922 2162 1006 τοῦνομα,
2208 923 2328 987 ἀλλ’
2385 925 2480 987 ἐπὶ
2532 929 2648 986 τῶν
2704 924 2875 1007 φύσει
2917 946 3065 1005 γινο-
3123 940 3151 981 5

560 1022 750 1106 μένων
782 1022 893 1085 ὑπό
925 1046 1113 1097 τινων,
1160 1025 1241 1085 ὧν
1276 1024 1347 1086 τὰ
1380 1024 1742 1106 ἀντικείμενα
1774 1024 2052 1089 ἀδύνατον
2085 1025 2206 1110 (ἂν)
2238 1025 2330 1110 εἴη
2362 1027 2638 1108 γίνεσθαι.
2728 1027 2911 1088 καίτοι
2943 1030 3071 1094 πῶς

562 1125 667 1188 οὐκ
711 1124 899 1188 ἄτοπα
945 1127 1041 1187 καὶ
1086 1125 1244 1209 παρὰ
1287 1124 1359 1188 τὰ
1404 1126 1614 1209 ἐναργῆ
1662 1128 1757 1189 καὶ
1806 1126 1982 1210 μέχρι
2029 1128 2245 1190 τούτων
2302 1128 2407 1210 τὴν
2453 1130 2707 1212 ἀνάγκην
2753 1130 3069 1211 προεληλυ·

562 1227 726 1290 θέναι
771 1227 975 1309 λέγειν,
1025 1230 1105 1295 ὡς
1151 1229 1300 1311 μήτε
1346 1228 1659 1311 κινηθῆναί
1697 1252 1821 1291 τινα
1867 1229 2148 1291 δύνασθαι
2191 1230 2409 1311 κίνησίν
2453 1254 2578 1293 τινα
2641 1231 2788 1313 μήτε
2842 1228 3080 1311 κινῆσαί

462 1349 525 1397 ιο
560 1352 615 1391 τι
653 1334 769 1392 τῶν
814 1331 993 1392 αὑτοῦ
1041 1335 1256 1412 μερῶν,
1304 1331 1374 1413 ἣν
1420 1330 1641 1413 κίνησιν
1686 1331 1783 1393 καὶ
1828 1332 1910 1414 μὴ
1959 1330 2242 1394 κινεῖσθαι
2285 1331 2416 1394 τότε
2469 1329 2592 1391 οἷόν
2657 1354 2720 1392 τε
2771 1330 2862 1416 ἦν,
2921 1331 3070 1394 ἀλλὰ
3100 1349 3153 1390 ιο

566 1433 669 1515 τὴν
714 1435 1007 1517 τυχοῦσαν
1051 1435 1153 1494 τοῦ
1200 1431 1498 1516 τραχήλου
1554 1433 1944 1516 περιστροφὴν
1997 1434 2094 1496 καὶ
2149 1434 2252 1515 τὴν
2306 1434 2588 1496 δακτύλου
2641 1435 2793 1502 τινὸς
2845 1432 3072 1496 ἔκτασιν

565 1536 660 1598 καὶ
706 1535 771 1597 τὸ
817 1533 1029 1617 ἐπᾶραι
1070 1535 1143 1595 τὰ
1187 1534 1448 1619 βλέφαρα
1493 1534 1533 1618 ἤ
1576 1557 1629 1597 τι
1672 1538 1789 1597 τῶν
1836 1534 2109 1598 τοιούτων
2157 1536 2614 1619 προηγουμέναις
2666 1536 2808 1598 τισὶν
2867 1536 3073 1603 αἰτίαις

559 1636 841 1720 ἑπόμενον
900 1636 1093 1705 ἄλλως
1148 1634 1246 1720 ὑφ’
1300 1638 1472 1719 ἡμῶν
1520 1637 1600 1719 μὴ
1658 1637 1941 1700 δύνασθαι
1984 1636 2247 1718 γίνεσθαί
2286 1660 2447 1713 ποτε,
2516 1639 2610 1701 καὶ
2655 1644 2836 1701 ταῦτα
2889 1638 3069 1721 ὁρῶν-

560 1762 661 1808 τας
704 1739 765 1801 ἐν
812 1743 929 1807 τοῖς
974 1735 1131 1800 οὖσίν
1176 1760 1241 1800 τε
1292 1739 1391 1800 καὶ
1434 1738 1750 1819 γινομένοις
1800 1740 2022 1822 πολλὴν
2079 1738 2254 1803 οὖσαν
2309 1740 2587 1823 διαφορὰν
2640 1743 2756 1802 τῶν
2811 1742 3072 1823 πραγμά-
3103 1756 3154 1798 15

465 1862 525 1909 15
568 1865 701 1918 των,
749 1840 810 1910 ἐξ
853 1840 925 1924 ἧς
972 1834 1164 1924 ῥᾴδιον
1210 1839 1281 1923 ἦν
1329 1840 1537 1921 μαθεῖν
1584 1838 1673 1903 ὅτι
1720 1842 1801 1924 μὴ
1850 1842 2036 1905 πάντα
2080 1841 2367 1906 ἐνδέδεται
2412 1846 2536 1911 ταῖς
2580 1842 2866 1911 τοιαύταις
2933 1842 3070 1904 αἰτί-

560 1968 677 2025 αις;
724 1946 953 2027 ὁρῶμεν
984 1946 1121 2023 γοῦν
1166 1947 1283 2003 τῶν
1330 1939 1512 2004 ὄντων
1558 1941 1628 2004 τὰ
1676 1942 1778 2025 μέν
1824 1966 1950 2006 τινα
1995 1942 2267 2025 οὐδεμίαν
2314 1942 2531 2028 ἔχοντα
2577 1945 2810 2027 δύναμιν
2852 1949 2957 2025 τῆς
2987 1944 3070 2011 εἰς

563 2048 630 2109 τὸ
678 2044 1065 2128 ἀντικείμενον
1110 2049 1212 2107 τοῦ
1259 2044 1318 2106 ἐν
1365 2040 1415 2126 ᾧ
1466 2045 1585 2107 ἐστι
1655 2047 2001 2130 μεταβολῆς,
2067 2047 2140 2109 τὰ
2185 2046 2238 2109 δ’
2295 2046 2463 2109 οὐδὲν
2511 2049 2728 2127 μᾶλλον
2774 2044 2965 2108 αὐτῶν
3010 2046 3070 2107 ἐν
3098 2062 3154 2104 2⁰

558 2154 645 2233 τῷ
691 2146 1069 2231 ἀντικειμένῳ
1114 2146 1153 2230 ἢ
1201 2147 1261 2209 ἐν
1308 2142 1359 2226 ᾧ
1408 2147 1561 2211 ἐστιν
1613 2146 1761 2210 εἶναι
1806 2150 2114 2231 δυνάμενα.
2203 2153 2318 2233 πῦρ
2373 2149 2477 2231 μὲν
2522 2147 2632 2231 γὰρ
2677 2146 2794 2231 οὐχ
2845 2146 2966 2209 οἷόν
3011 2168 3073 2208 τε

561 2251 833 2320 δέξασθαι
888 2247 1256 2334 ψυχρότητα,
1324 2250 1451 2333 ἥτις
1504 2250 1659 2313 ἐστὶν
1725 2249 1952 2313 ἐναντία
2019 2250 2194 2314 αὐτοῦ
2251 2256 2327 2334 τῇ
2384 2250 2668 2334 συμφύτῳ
2737 2247 3073 2332 θερμότητι,

454 2374 524 2421 20
561 2351 679 2415 ἀλλ’
736 2352 873 2415 οὐδὲ
918 2354 1067 2436 χιὼν
1111 2349 1321 2420 δέξαιτ’
1380 2350 1447 2413 ἂν
1480 2351 1816 2435 θερμότητα
1848 2355 1996 2437 χιὼν
2029 2352 2300 2436 μένουσα,
2347 2353 2504 2435 ὕδωρ
2545 2353 2610 2414 δὲ
2638 2350 2746 2414 κᾶν
2777 2348 2818 2433 ᾖ
2851 2351 3072 2435 ψυχρὸν

560 2456 666 2519 οὐκ
722 2455 1001 2517 ἀδύνατον
1069 2454 1367 2537 ἀποβαλὸν
1424 2455 1635 2539 ταύτην
1689 2454 1966 2524 δέξασθαι
2018 2457 2122 2537 τὴν
2177 2453 2436 2516 ἐναντίαν
2502 2452 2654 2535 αὐτῇ
2711 2453 3070 2537 θερμότητα·
3100 2467 3155 2509 25

564 2557 783 2640 ὁμοίως
826 2557 891 2618 δὲ
934 2556 1033 2618 καὶ
1078 2556 1265 2639 τούτῳ
1313 2557 1551 2619 δυνατὸν
1600 2559 1693 2620 καὶ
1740 2558 1837 2619 τὸν
1882 2555 2275 2637 καθεζόμενον
2333 2560 2538 2639 στῆναι
2590 2555 2688 2618 καὶ
2742 2554 2840 2618 τὸν
2893 2554 3074 2618 κινού-

568 2682 737 2741 μενον
791 2660 1087 2743 ἠρεμῆσαι
1142 2660 1237 2721 καὶ
1291 2660 1388 2721 τὸν
1444 2662 1730 2722 λαλοῦντα
1784 2664 2019 2742 σιγῆσαι
2074 2659 2168 2721 καὶ
2230 2657 2326 2719 ἐπὶ
2382 2658 2602 2740 μυρίων
2655 2657 2812 2740 εὕροι
2872 2680 2955 2725 τις
3008 2654 3076 2718 ἂν

566 2762 803 2845 δύναμίν
848 2784 973 2823 τινα
1016 2762 1463 2845 ἐνυπάρχουσαν
1509 2766 1625 2824 τῶν
1671 2761 1944 2824 ἐναντίων
1999 2762 2286 2843 δεκτικήν,
2343 2761 2446 2836 ὧν,
2503 2760 2556 2822 εἰ
2599 2758 2672 2821 τὰ
2716 2758 2776 2828 ἐξ
2821 2758 3075 2841 ἀνάγκης

462 2885 529 2934 25
569 2862 705 2927 ὄντα
749 2864 811 2926 ἐν
859 2863 1091 2947 θατέρῳ
1136 2863 1243 2926 οὐκ
1289 2862 1418 2948 ἔχει
1462 2863 1699 2945 δύναμιν
1752 2867 1854 2925 τοῦ
1911 2862 2186 2930 δέξασθαι
2241 2865 2343 2924 τοῦ
2397 2860 2458 2923 ἐν
2515 2856 2568 2947 ᾧ
2631 2862 2755 2924 ἐστι
2809 2862 2873 2923 τὸ
2919 2861 3073 2923 ἐναν-
3099 2876 3156 2917 ω

559 2968 697 3040 τίον,
765 2965 873 3029 οὐκ
939 2965 1000 3035 ἐξ
1064 2966 1319 3050 ἀνάγκης
1386 2964 1455 3027 ἂν
1509 2965 1601 3049 εἴη
1668 2964 1727 3026 ἐν
1802 2965 1891 3033 οἷς
1945 2966 2067 3028 ἐστι
2119 2965 2192 3027 τὰ
2244 2966 2341 3027 καὶ
2395 2969 2496 3027 τοῦ
2551 2964 2808 3027 ἐναντίου
2874 2962 3072 3031 αὐτοῖς

564 3068 815 3133 δεκτικά.
905 3068 958 3130 εἰ
1002 3068 1068 3129 δὲ
1114 3067 1195 3150 μὴ
1242 3066 1303 3136 ἐξ
1346 3067 1619 3151 ἀνάγκης,
1668 3067 2090 3151 ἐνδεχομένως.
2179 3066 2252 3129 τὰ
2295 3067 2360 3129 δὲ
2406 3066 2808 3150 ἐνδεχομένως
2863 3062 2923 3127 ἔν
2967 3087 3072 3127 τινι

561 3172 746 3240 οὕτως
790 3170 945 3233 ἐστὶν
990 3169 1051 3231 ἐν
1096 3168 1259 3254 αὐτῷ
1306 3172 1387 3255 ‹534-
1432 3167 1539 3230 οὐκ
1584 3167 1646 3237 ἐξ
1707 3170 1960 3251 ἀνάγκης
2015 3166 2137 3231 ἀλλ’
2203 3171 2284 3236 ὡς
2336 3166 2736 3252 ἐνδεχομένως
2788 3166 2849 3229 ἐν
2910 3165 3070 3249 αὐτῷ

455 3468 487 3522 3
535 3465 611 3539 ἐφ’
661 3466 1065 3537 ὧν-δεκτικὴν
1101 3466 1239 3534 (24)]
1294 3464 1359 3517 ef.
1400 3464 1523 3517 Eus.
1558 3464 1590 3516 l.
1620 3480 1663 3517 e.
1691 3465 1781 3529 VI,
1809 3464 1858 3517 9.
1886 3464 2018 3518 2710
2060 3465 2256 3537 λέγεται
2304 3463 2357 3518 δὲ
2395 3462 2734 3537 ἐνδεχομένως
2769 3460 2987 3532 γίνεσθαι
3021 3465 3181 3515 ταῦτα

454 3553 531 3626 ἐφ’
570 3556 644 3609 ὧν
682 3555 793 3608 κτλ.
1008 3550 1295 3625 ἐνδέχεσθαι
1332 3567 1433 3604 om.
1472 3550 1731 3604 Eusebius
1921 3550 2140 3623 γίνεσθαι
2179 3551 2392 3605 Eusebii
2431 3568 2482 3618 p.
2519 3551 2554 3602 l.
2765 3550 2798 3601 4
2835 3550 2897 3602 τὰ
2934 3544 3180 3601 δ’-τινα

456 3645 583 3715 μήτε
620 3642 725 3710 (9)]
762 3641 867 3693 οἷον
903 3640 963 3692 τὸ
1004 3640 1262 3693 Eusebius
1510 3639 1544 3690 4
1583 3637 1815 3708 γινόμενα
1854 3655 1953 3692 om.
1992 3640 2042 3690 α’
2310 3637 2342 3692 5
2379 3635 2600 3707 γίνεσθαι
2637 3641 2682 3691 O
2920 3636 2982 3705 δὴ
3021 3634 3076 3688 ⁸²

455 3731 487 3783 6
524 3728 654 3799 τῶν]
697 3732 787 3781 τοῦ
826 3728 881 3779 ⁸²
1094 3726 1143 3779 6.
1182 3725 1213 3777 7
1249 3726 1511 3795 γινομένου
1548 3724 1605 3777 a²
1818 3724 1848 3775 7
1888 3725 1983 3779 οὒκ
2021 3724 2264 3778 ἀδύνατον
2302 3724 2372 3777 13²
2585 3724 2690 3789 (ἂν)
2726 3723 2802 3795 εἴη
2843 3724 3059 3791 scripsi:
3100 3724 3179 3793 εἴη

454 3850 707 3904 Lond.O:
746 3825 821 3919 εἵη
868 3836 938 3919 μη
978 3848 1077 3913 (sic
1112 3847 1147 3899 i.
1172 3864 1215 3899 e.
1241 3848 1339 3916 ηει)
1379 3851 1440 3899 V:
1480 3847 1559 3915 εἴη
1597 3846 1669 3915 μὴ
1708 3844 1811 3897 ⁸¹²:
1851 3846 1922 3914 μὴ
1949 3848 2086 3899 ESH
2124 3864 2200 3915 γρ.
2414 3842 2634 3914 γίνεσθαι
2669 3850 2734 3897 V:
2772 3842 2998 3915 γενέσθαι
3035 3843 3113 3897 ⁸¹²

455 3937 490 3990 8
525 3938 746 3991 fortasse
782 3938 970 3989 ἄτοπον
1207 3934 1431 4004 ἀνάγκης
1468 3937 1515 3987 O
1762 3932 1823 3984 10
1877 3933 2034 3985 αὑτοῦ
2076 3937 2142 3984 V:
2199 3931 2356 3984 αὑτοῦ
2391 3930 2496 3983 8¹²2
2551 3931 2693 4002 αὐτῷ
2729 3932 2895 3985 Lond.

452 4024 567 4083 τότε
604 4026 737 4077 val:
776 4024 898 4077 ποτὲ
935 4023 1015 4076 8²:
1053 4022 1177 4075 πότε
1215 4020 1379 4074 Lond.
1593 4018 1902 4090 ἣν-ἀλλά]
1941 4020 2028 4071 καὶ
2067 4018 2326 4072 Eusebius
2544 4018 2605 4070 11
2645 4018 2739 4086 τὴν
2777 4018 2914 4085 (alt.)
2953 4018 3023 4070 Β2
3063 4017 3180 4070 Cas.

456 4110 623 4164 Lond.
672 4116 743 4165 O:
807 4112 867 4165 τὸ
909 4109 1059 4163 Van:
1113 4109 1207 4177 τὴν
1253 4112 1343 4159 τοῦ
1392 4108 1651 4160 Eusebius
1901 4124 2035 4164 τινος
2081 4121 2182 4157 om.
2229 4104 2488 4157 Eusebius
2705 4103 2765 4156 12
2803 4104 2836 4173 ἤ
2874 4104 3180 4173 τι-τοΰτῳ

456 4198 667 4251 δυνατὸν
714 4198 822 4264 (22)
869 4212 971 4249 om.
1018 4196 1275 4248 Eusebius
1529 4192 1591 4247 13
1648 4192 1819 4251 ἄλλως
1866 4193 2146 4246 Schwartz:
2206 4187 2324 4243 ἀλλ’
2366 4191 2436 4249 ὡς
2473 4192 2592 4244 libri
2827 4192 2888 4244 15
2934 4191 3182 4244 ἐνδίδοται

458 4284 537 4339 a':
576 4284 825 4358 ἐνδέχεται
860 4284 915 4336 8¹
1117 4280 1177 4333 16
1216 4284 1334 4349 γοῦν
1371 4277 1448 4332 ὅτι
1484 4281 1565 4332 αῙτ
1609 4284 1727 4350 γοῦν
1764 4281 1829 4332 τὰ
1867 4280 2030 4333 Lond.
2251 4278 2312 4330 18
2347 4278 2381 4345 ἢ
2421 4276 2598 4330 V²a¹²z
2635 4282 2710 4348 τῷ
2749 4279 2846 4329 V¹:
2883 4297 2931 4332 τι
2969 4281 3054 4332 ES

464 4372 525 4425 19
579 4371 735 4425 αὐτοῦ
782 4386 881 4423 om.
929 4373 974 4423 Ο
1206 4372 1298 4438 τῆς
1342 4366 1604 4437 συμφύτου
1651 4366 1964 4437 θερμότητος
2008 4366 2063 4419 a²
2277 4365 2346 4419 20
2393 4362 2544 4425 δέξετ’
2589 4366 2657 4415 V¹
2696 4368 2842 4430 (corr.
2877 4364 2970 4427 V‘¹)

458 4460 521 4512 21
563 4458 847 4529 ἀποβάλλον
883 4456 1003 4510 αὈε
1042 4454 1330 4525 ἀποβαλλὸν
1366 4456 1420 4507 8¹
1706 4456 1773 4507 22
1812 4472 1888 4523 pr.
1925 4456 2012 4507 καὶ
2047 4452 2146 4506 del.
2182 4452 2254 4505 13²
2498 4453 2688 4523 τούτῳ]
2726 4456 2802 4523 τῷ
2839 4451 2984 4521 αὐτῷ
3017 4451 3180 4505 Lond.

458 4550 529 4600 O:
586 4546 807 4599 fortasse
841 4548 1029 4597 τοῦτο
1312 4546 1488 4611 στῆσαι
1526 4542 1785 4595 Eusebius
1822 4542 1888 4607 G)
2173 4540 2241 4591 24
2297 4539 2371 4591 ὧν
2417 4540 2459 4592 εἰ
2496 4540 2584 4606 τὰ]
2629 4540 2671 4593 εἰ
2708 4540 2796 4593 οὖν
2834 4538 2904 4593 13²

458 4632 709 4701 δεκτικήν,
760 4631 793 4683 ἃ
838 4630 935 4683 οὐκ
981 4630 1039 4683 ἂν
1083 4631 1275 4699 γένοιτο
1319 4627 1371 4688 ἐξ
1408 4629 1721 4701 εἱμαρμένης.
1794 4630 1860 4681 τὰ
1908 4630 2002 4701 γὰρ
2047 4627 2100 4689 ἐξ
2145 4626 2301 4697 αὒτῆς
2337 4626 2396 4679 οὺ
2434 4626 2633 4699 δέχεται
2677 4633 2768 4681 τοῦ
2805 4628 2858 4679 ἐν
2906 4624 2948 4697 ᾦ
2987 4628 3090 4678 ἐστι
3127 4626 3183 4679 τὸ

459 4719 681 4772 ἐναντίον
719 4719 979 4771 Eusebius
1209 4717 1275 4768 27
1313 4718 1377 4769 τὰ
1416 4718 1545 4769 Va¹z
1600 4716 1659 4769 τὸ
1696 4715 1751 4769 8²
1985 4715 2477 4785 τοὶ-ἐνδεχομένως
2515 4729 2614 4768 om.
2655 4718 2740 4767 ES
2963 4715 3183 4767 fortasse

458 4804 621 4871 (ὄντα)
660 4806 713 4857 έν
749 4822 845 4857 τινι
