3684 5567
505 269 592 340 20
1231 267 1687 332 ΑΛΕΞΑΝΔΡΟΥ
1729 265 2031 330 ΑΙΙΟΡΙΩΝ
2072 266 2193 328 ΚΑΙ
2232 263 2497 328 ΛΥΣΕΩΝ

613 469 730 509 των
774 449 812 531 ἡ
866 446 1052 518 νόσος.
1141 451 1180 531 ἢ
1229 450 1294 512 δὲ
1346 449 1536 518 εὐεξία
1581 450 1677 513 καὶ
1729 448 1973 532 καχεξία
2028 449 2158 530 περὶ
2214 451 2393 510 ταῦτα
2448 447 2688 527 γίνεται,
2752 449 2882 530 περὶ
2938 437 2975 506 ἃ
3020 443 3115 506 καὶ
3142 455 3198 502 1⁸

613 549 651 632 ἡ
701 550 870 634 ἰσχύς
913 574 974 613 τε
1019 551 1114 613 καὶ
1160 553 1198 634 ἡ
1247 551 1542 615 ἀσθένεια.
1611 549 1764 614 ἔοικε
1795 550 1905 633 γὰρ
1936 551 1973 632 ἡ
2008 551 2111 629 μὲν
2144 548 2331 618 εὐεξία
2362 553 2439 632 τῇ
2474 549 2653 633 ἰσχύι,
2698 550 2735 631 ἢ
2770 550 2834 612 δὲ
2872 547 3117 631 καχεξία

612 656 687 734 τῇ
735 653 1036 736 ἀσθενείᾳ·
1097 653 1132 716 ὅ
1175 677 1237 718 τε
1284 653 1394 738 γὰρ
1441 654 1661 738 ἰσχύων
1707 652 1883 716 πλέον
1928 657 2034 734 τῆς
2080 651 2227 714 κατὰ
2274 652 2377 734 τὴν
2424 653 2615 734 ἁπλῆν
2669 651 2863 733 ὑγείαν
2918 650 3121 734 ἰσχύος

613 748 673 822 ἐξ
717 753 1052 836 ἐπιμελείας
1097 755 1337 839 εὐέκτης
1380 758 1638 818 καλεῖται
1686 755 1782 817 καὶ
1827 755 1860 815 ὑ
1908 751 2149 836 εὐέκτης
2192 753 2377 821 οὕτως
2423 753 2637 836 ἰσχύει,
2683 754 2781 816 καὶ
2820 755 2852 816 ὑ
2884 751 3119 816 ἀσθενέ-
3145 767 3201 809 m

543 873 572 921 5
613 873 812 939 στερος
857 857 894 939 ἢ
942 857 1090 920 κατὰ
1135 859 1238 941 τὴν
1295 863 1410 920 τῶν
1467 859 1672 925 ἁπλῶς
1729 854 2098 937 ὑγιαινόντων
2156 855 2325 939 ἰσχὺν
2382 855 2673 940 καχέκτης
2726 853 2855 918 κατ’
2910 855 3117 918 ἐκεῖνο.

615 955 764 1019 ἀλλὰ
812 959 925 1040 μὴν
971 961 1008 1041 ἡ
1059 961 1227 1044 ἰσχὺς
1270 962 1366 1024 καὶ
1412 962 1450 1043 ἡ
1499 958 1776 1022 ἀσθένεια
1821 957 1883 1019 ἐν
1930 957 2255 1040 συμμετρία
2300 962 2415 1019 τῶν
2462 958 2827 1041 ὁμοιομερῶν
2887 957 2947 1019 ἐν
3001 961 3119 1025 τοῖς

615 1056 790 1142 ζῴοις
835 1067 1030 1142 μερῶν
1075 1063 1172 1124 καὶ
1217 1061 1584 1145 ἀσυμμετρία
1629 1061 1694 1122 τὸ
1741 1059 1885 1122 εἶναι
1930 1057 2186 1143 ἔχουσιν,
2232 1060 2271 1140 ἡ
2320 1059 2424 1140 μὲν
2472 1058 2642 1142 ἰσχὺς
2684 1058 2745 1120 ἐν
2788 1064 2861 1140 τῇ
2900 1059 3118 1122 τούτων

613 1164 954 1246 συμμετρία,
1000 1165 1037 1246 ἡ
1087 1162 1136 1226 δ’
1181 1163 1458 1226 ἀσθένεια
1501 1162 1562 1224 ἐν
1607 1167 1680 1242 τῇ
1727 1167 1844 1224 τῶν
1877 1159 2069 1223 αὐτῶν
2101 1161 2485 1243 ἀσυμμετρία,
2532 1162 2684 1224 ὥστε
2716 1162 2813 1224 καὶ
2843 1163 2883 1244 ἡ
2930 1160 3119 1230 εὐεξία
3146 1177 3203 1219 25

611 1265 708 1326 καὶ
761 1265 799 1345 ἡ
855 1264 1098 1349 καχεξία
1155 1265 1216 1327 ἐν
1269 1266 1490 1332 τούτοις
1537 1261 1544 1346 Ι
1594 1262 1663 1326 ἂν
1718 1263 1987 1344 γίνοιντο,
2058 1266 2153 1324 καὶ
2208 1261 2301 1346 εἴη
2358 1262 2427 1326 ἂν
2474 1265 2553 1330 ὣς
2610 1263 2889 1326 ἀσθένεια
2936 1264 3113 1348 ἰσχύι,
3152 1271 3225 1327 43

511 1385 575 1432 10
611 1363 765 1427 οὕτω
820 1367 1061 1450 καχεξία
1115 1366 1308 1450 εὐεξία
1361 1367 1632 1429 ἐναντίον.
1723 1365 1810 1426 διὸ
1866 1365 1959 1427 καὶ
2014 1366 2068 1428 εἰ
2126 1366 2230 1448 μὲν
2276 1363 2347 1448 ἧν
2395 1365 2525 1448 περὶ
2570 1365 2609 1426 ἃ
2652 1367 2689 1448 ἡ
2739 1366 2927 1445 ὑγεία,
2988 1367 3119 1450 περὶ

609 1472 790 1530 ταῦτα
835 1469 930 1530 καὶ
976 1469 1013 1550 ἢ
1061 1468 1273 1542 εὐεξία,
1319 1468 1477 1552 εἶχεν
1527 1466 1593 1530 ἂν
1639 1466 1806 1547 λόγον
1854 1466 2039 1550 λέγειν
2071 1468 2174 1550 τὴν
2208 1466 2427 1536 εὐεξίαν
2460 1467 2873 1550 ἐπιτεταμένην
2906 1468 3115 1549 ὑγείαν,

611 1569 739 1632 ἐπεὶ
785 1570 851 1632 δὲ
896 1569 976 1652 μὴ
1026 1572 1155 1654 περὶ
1201 1571 1384 1633 ταῦτα’
1414 1570 1584 1648 ἐστιν,
1632 1569 1738 1632 οὐκ
1785 1567 1853 1631 ἂν
1900 1571 2151 1637 δεόντως
2194 1570 2381 1638 οὕτως
2424 1568 2667 1650 λέγοιτο,
2714 1569 2753 1652 ἢ
2798 1569 2961 1652 εἴπερ
3006 1570 3119 1653 ἄρα
3172 1587 3201 1628 5

609 1676 694 1753 τῷ
741 1672 1002 1753 γίνεσθαι
1047 1673 1150 1755 τὴν
1198 1672 1416 1741 εὐεξίαν
1463 1672 1558 1734 ἐπὶ
1604 1671 2073 1755 προῦποκειμὲνη
2120 1672 2351 1740 πάντως
2396 1671 2559 1754 ὑγεία
2612 1673 2958 1755 προσθήκης
3012 1673 3115 1753 μέν

607 1796 756 1842 τινος
801 1778 888 1858 τῷ
934 1774 1236 1856 ὑγιαίνοντι
1283 1774 1602 1858 γινομένης,
1651 1773 1770 1836 ἀλλ’
1827 1773 1895 1835 οὐ
1941 1772 2089 1836 κατὰ
2135 1773 2327 1855 ὑγείαν
2374 1773 2511 1837 οὐδὲ
2554 1775 2660 1858 τὴν
2706 1774 2855 1838 κατὰ
2900 1774 3115 1859 ταύτην

508 1896 568 1943 15
608 1877 982 1960 συμμετρίαν.
3144 1895 3201 1936 ιο

605 2116 685 2182 Χ.
777 2117 932 2187 [Ιῶς
978 2118 1038 2180 εἰ
1082 2117 1390 2203 τέσσαρα
1435 2119 1516 2181 τὰ
1560 2119 1778 2192 αἴτια,
1826 2117 1949 2181 οὐκ
1994 2115 2194 2180 ἔσται
2240 2117 2353 2180 καὶ
2398 2117 2467 2180 ἐν
2514 2121 2661 2186 τοῖς
2706 2118 2933 2188 θείοις
2987 2121 3117 2182 σώ·

1361 2242 1524 2303 μασι
1569 2224 1642 2284 τὸ
1690 2219 2155 2300 ὑποκείμενον
2203 2219 2351 2301 ὕλη.

781 2387 853 2455 Εἰ
904 2396 1021 2454 τῶν
1075 2395 1335 2476 φυσικῶν
1397 2393 1556 2476 ἀρχὴ
1611 2392 1708 2454 καὶ
1762 2391 2029 2473 στοιχεῖα
2084 2393 2264 2452 ταῦτα
2315 2391 2448 2474 περὶ
2504 2391 2587 2454 ὧν
2640 2390 2867 2475 εἴρηκεν
2922 2393 2982 2454 ἐν
3037 2396 3111 2476 τῇ
3142 2409 3195 2450 ιε

609 2493 840 2576 Φυσικῇ
890 2495 1166 2578 ἀκροάσει
1204 2493 1632 2578 Ἀριστοτέλης,
1696 2493 1816 2558 ἔστι
1872 2495 1936 2556 δὲ
1982 2497 2161 2556 ταῦτα
2205 2493 2243 2575 ἡ
2292 2516 2353 2555 τε
2406 2494 2515 2576 ὕλη
2562 2495 2659 2556 καὶ
2714 2495 2779 2556 τὸ
2825 2493 2975 2563 εἶδος
3020 2497 3117 2559 καὶ

502 2617 569 2664 20
607 2597 672 2658 τὸ
734 2597 1030 2677 ποιητικὸν
1091 2597 1186 2658 καὶ
1245 2599 1310 2659 τὸ
1365 2595 1432 2658 οὔ
1491 2597 1688 2670 ἕνεκα,
1755 2599 1820 2659 τὸ
1870 2595 2361 2678 κυκλοφορητικὸν
2410 2599 2585 2676 σῶμα
2630 2595 2759 2679 ἤτοι
2802 2595 2909 2659 οὐκ
2954 2594 3115 2661 ἔσται

609 2699 854 2782 φυσικὸν
900 2702 1107 2780 σῶμα,
1172 2698 1209 2780 ἢ
1257 2697 1417 2761 ἔσται
1464 2699 1573 2782 ὕλη
1620 2699 1716 2762 καὶ
1763 2699 1827 2760 τὸ
1877 2697 2253 2780 ὑποκείμενον
2299 2698 2359 2759 ἐν
2406 2697 2643 2782 ἐκείνῳ,
2704 2697 2742 2780 ἢ
2796 2697 2903 2761 οὐκ
2958 2697 3118 2762 ἔσται

605 2802 798 2870 πάσας
851 2801 954 2868 τὰς
1007 2799 1196 2884 ἀρχὰς
1255 2804 1368 2862 τῶν
1423 2805 1684 2883 φυσικῶν
1741 2801 1947 2882 λέγων.
2040 2801 2096 2861 τί
2146 2797 2255 2882 γὰρ
2322 2801 2389 2862 τὸ
2442 2799 2839 2882 ὑποκείμενον.
2882 2801 3115 2886 ἐκείνῳ;
3146 2819 3203 2861 ευ

603 2899 754 2965 ἀλλὰ
801 2903 916 2986 μὴν
963 2903 1206 2986 φυσικὸν
1256 2905 1428 2982 σῶμα
1474 2904 1728 2965 κάκεῖνο.
1801 2908 1914 2964 πᾶν
1958 2902 2065 2983 γὰρ
2114 2907 2289 2984 σῶμα
2334 2903 2371 2983 ἢ
2418 2904 2659 2986 φυσικὸν
2704 2904 2743 2986 ἢ
2792 2905 3116 2987 μαθηματι-

603 3004 725 3074 κύν,
774 3003 880 3068 οὐκ
925 3001 1048 3067 ἔστι
1093 3005 1158 3066 δὲ
1205 3006 1612 3087 μαθηματικὸν
1659 3005 1869 3078 ἐκεῖνο,
1916 3003 2045 3065 ἐπεὶ
2090 3008 2202 3065 πᾶν
2249 3005 2315 3066 τὸ
2362 3005 2422 3066 ἐν
2462 3005 2682 3087 κινήσει
2726 3010 2799 3086 τῇ
2846 3005 2905 3074 ἐξ
2938 3009 3117 3070 αὑτοῦ

499 3127 563 3176 25
605 3109 780 3189 σῶμα
825 3107 1094 3190 φυσικόν,
1141 3107 1201 3168 ἐν
1247 3106 1468 3186 κινήσει
1516 3108 1580 3168 δὲ
1625 3107 1832 3180 ἐκεῖνο,
1884 3105 1947 3168 εἴ
1983 3129 2049 3188 γε
2092 3106 2189 3167 καὶ
2234 3106 2557 3188 ἀεικίνητον
2602 3108 2697 3170 καὶ
2742 3109 2845 3190 τὴν
2882 3106 2889 3191 Ι
2932 3111 3115 3173 αἰτίαν
3144 3127 3199 3168 25

602 3215 708 3293 τῆς
751 3207 1036 3291 κινήσεως
1085 3204 1222 3291 ἔχον
1271 3207 1331 3268 ἐν
1379 3207 1600 3291 ἑαυτῷ.
1691 3207 1783 3292 <ἧ>
1826 3209 1879 3270 εἰ
1926 3233 1963 3292 η
2011 3207 2181 3291 φύσις
2227 3205 2349 3270 κατ’
2406 3207 2580 3270 αὐτὸν
2626 3210 2783 3292 ἀρχὴ
2830 3213 3115 3294 κινήσεως
3148 3219 3226 3276 44

603 3313 702 3374 καὶ
749 3313 1040 3382 στάσεως,
1102 3309 1161 3371 ἐν
1209 3309 1293 3378 οἷς
1341 3308 1460 3372 ἐστι
1505 3313 1754 3393 πρώτως
1799 3313 1893 3374 καὶ
1940 3310 2007 3373 οὐ
2054 3310 2203 3374 κατὰ
2258 3309 2657 3394 συμβεβηκός,
2714 3311 2819 3376 οὐκ
2872 3310 3000 3397 ἔχει
3054 3315 3120 3376 δὲ

604 3414 794 3476 ἐκεῖνο
849 3413 1042 3497 ἀρχὴν
1099 3413 1360 3480 στάσεως
1413 3412 1474 3472 ἐν
1530 3413 1754 3495 ἑαυτῷ,
1823 3411 1948 3474 οὐδ’
2002 3411 2072 3474 ἂν
2126 3413 2295 3494 φύσιν
2350 3410 2499 3496 ἔχοι.
2590 3413 2642 3476 εἰ
2696 3415 2761 3477 δὲ
2817 3415 2899 3498 μὴ
2944 3415 3113 3498 φύσιν
3168 3431 3197 3472 5

605 3512 756 3599 ἔχοι,
801 3515 926 3576 οὐδ’
985 3513 1053 3577 ἂν
1099 3515 1340 3598 φυσικὸν
1387 3519 1562 3595 σῶμα
1606 3512 1717 3596 εἴη.
1808 3513 1937 3576 ἀλλ’
1994 3515 2045 3576 εἰ
2092 3515 2171 3596 μὴ
2220 3514 2499 3595 φυσικόν,
2546 3515 2712 3578 ποῖόν
2757 3539 2838 3597 τις
2894 3517 2963 3580 οὐ
3008 3517 3117 3601 γὰρ

499 3637 568 3685 30
608 3618 680 3697 δὴ
731 3615 1170 3699 μαθηματικόν,
1229 3615 1357 3676 ἐπεὶ
1401 3613 1665 3698 ἔμψυχόν
1713 3617 1853 3689 ἐστι,
1900 3620 2013 3677 πᾶν
2057 3617 2120 3677 δὲ
2166 3619 2343 3700 σῶμα
2387 3615 2655 3702 ἔμψυχον
2698 3617 2963 3702 φυσικύν.
3048 3619 3117 3684 οὐ

606 3721 848 3803 φυσικὸν
897 3717 947 3780 δ’
1003 3717 1065 3780 ὃν
1113 3719 1286 3799 σῶμα
1331 3715 1438 3778 οὐκ
1483 3714 1610 3800 ἔχει
1653 3719 1718 3779 τὸ
1764 3717 2143 3797 ὑποκείμενον
2193 3719 2356 3801 ὕλην,
2400 3718 2563 3801 εἴγε
2608 3721 2647 3802 ἡ
2698 3719 2805 3802 ὕλη
2850 3721 2915 3782 τὸ
2964 3721 3121 3806 παρὰ
3148 3739 3203 3782 ιο

609 3821 782 3904 μέρος
835 3826 951 3882 τῶν
1013 3819 1284 3882 ἐναντίων
1345 3818 1623 3881 δεκτικόν.
1714 3819 1751 3900 ἢ
1799 3819 1855 3880 εἰ
1899 3819 2003 3898 μὲν
2050 3820 2153 3902 τὴν
2200 3820 2341 3904 ὕλην
2388 3818 2582 3902 ἔλεγεν
2628 3820 2775 3884 εἶναι
2832 3824 3007 3906 μόνον
3050 3827 3116 3890 τὸ

605 3921 856 4007 ἔσχατον
904 3922 1274 4004 ὑποκείμενον
1321 3925 1438 3982 τῶν
1486 3920 1755 3982 ἐναντίων
1802 3919 1959 4004 παρὰ
2006 3921 2178 4004 μέρος
2225 3923 2502 3998 δεκτικόν,
2550 3921 2657 3986 οὐκ
2702 3923 2769 3986 ἂν
2817 3923 2888 4008 ἦν
2933 3925 2995 3988 ἐν
3041 3932 3114 4011 τῇ

503 4063 665 4069 -——.
702 4064 715 4068 -
816 4061 1307 4068 —-—————-——-.

503 4149 520 4200 l
569 4145 788 4200 fortasse
812 4143 988 4210 ταύτὰ,
1030 4146 1152 4196 item
1187 4146 1240 4196 ll
1274 4152 1324 4197 et
1357 4147 1416 4198 12
1596 4146 1626 4198 2
1665 4145 1751 4198 καὶ
1787 4163 1887 4198 om.
1916 4165 1947 4198 a
2124 4147 2157 4200 3
2196 4147 2384 4216 ἁπλῆν]
2424 4152 2456 4218 ῆ
2496 4151 2549 4201 in
2588 4150 2665 4202 lit.
2690 4154 2735 4200 V
2919 4153 2982 4203 1·2
3032 4151 3127 4204 ἆοα
3154 4155 3227 4204 V¹

499 4235 647 4300 (corr.
673 4235 764 4300 V²)
908 4232 1112 4302 ἣ-ἅρα
1139 4233 1399 4300 superflua
1549 4234 1608 4284 13
1649 4236 1833 4285 πάντοσ
1856 4235 1924 4285 V¹
1966 4235 2115 4300 (corr.
2146 4235 2238 4300 V²)
2390 4237 2449 4288 14
2486 4237 2545 4288 οὐ
2572 4239 2703 4288 κατὰ
2724 4239 3063 4291 V²GFSB²a:
3104 4239 3223 4292 οὐδὲ

497 4323 630 4374 κατὰ
655 4321 822 4372 V¹B¹=
861 4321 1078 4373 fortasse
1111 4315 1258 4370 οὔτε
1299 4319 1431 4370 κατὰ
1468 4318 1634 4387 ὑγείαν
1669 4319 1812 4372 οὔτε
1972 4321 2035 4372 17
2074 4321 2105 4390 ἡ
2136 4319 2229 4390 ὕλη
2250 4325 2343 4374 BL
2366 4323 2499 4374 vict.
2648 4325 2711 4376 18
2746 4324 2968 4380 fortasse
3004 4327 3157 4399 ἀρχαὶ

498 4407 680 4476 ταῦτα]
705 4409 768 4459 τὰ
795 4427 824 4458 a
851 4407 938 4474 Sp.
1091 4405 1150 4458 19
1189 4402 1252 4458 Φ.
1276 4401 1370 4473 Ἀ.]
1397 4407 1547 4474 phys.
1576 4423 1714 4459 ausc.
1743 4408 1807 4470 11,
1835 4407 1885 4458 3.
1922 4407 2123 4460 194b16
2292 4409 2323 4478 ἡ
2362 4407 2456 4479 ὕλη
2494 4429 2548 4462 τε
2586 4411 2672 4464 καὶ
2696 4429 2729 4464 a
2752 4411 2841 4480 Sp.
3008 4412 3076 4465 22
3112 4413 3229 4482 τὰς]

498 4493 544 4545 ἴσ
569 4493 713 4560 (ἴσως
728 4493 775 4559 Ρ)
802 4494 988 4552 ταύτας
1015 4493 1146 4545 vict.
1291 4491 1450 4560 λέγειν
1477 4511 1508 4545 a
1651 4495 1718 4546 24
1744 4494 1898 4546 αὐτοῦ
1926 4496 1995 4546 V*
2024 4496 2175 4561 (corr.
2194 4495 2283 4561 V‘2)
2429 4497 2496 4550 25
2526 4517 2579 4566 γε
2604 4499 2767 4551 ἐκεῖνο
2790 4501 2862 4550 V¹
2890 4499 3040 4566 (corr.
3066 4499 3159 4567 V²)

499 4581 780 4650 ἀεικίνητον
818 4581 963 4631 WB:
1003 4579 1242 4648 ἀκίνητον
1265 4581 1532 4633 v¹FSLa:
1572 4581 1648 4632 ἀεὶ
1693 4581 1899 4651 κινητὸν
1928 4583 2058 4634 vict.
2086 4583 2173 4650 Sp.
2320 4583 2385 4634 26
2422 4589 2606 4653 εαυτῷι
2654 4587 2748 4650 sic,
2786 4603 2812 4638 t
2848 4587 2987 4640 infra
3024 4605 3071 4640 v.
3110 4592 3159 4637 V

497 4667 530 4736 ἡ
573 4669 614 4720 εἰ
649 4668 682 4738 ἡ
715 4669 1014 4721 V²GBS²L2
1057 4668 1098 4718 εἰ
1133 4667 1166 4734 ἡ
1207 4666 1402 4718 V¹S¹F:
1443 4667 1474 4736 ἡ
1515 4667 1546 4736 ἡ
1587 4685 1642 4718 a:
1681 4669 1712 4736 ἡ
1754 4669 1796 4720 εἰ
1837 4670 1971 4721 Vict.
2010 4670 2097 4735 Sp.
2262 4670 2327 4721 29
2366 4672 2509 4722 ποῖόν
2546 4690 2593 4724 τι
2630 4673 2771 4724 WB:
2810 4674 2953 4726 ποιόν
2988 4691 3038 4728 τι
3076 4676 3227 4728 V¹G2

499 4755 558 4805 τὸ
595 4755 736 4806 ποῖόν
773 4773 820 4806 τι
857 4757 968 4805 FL:
1007 4762 1150 4806 ποῖον
1189 4753 1248 4824 δὴ
1289 4757 1360 4808 Sa
1397 4755 1486 4821 Sp.
1675 4755 1744 4805 30
1782 4754 1812 4825 ἡ
1852 4755 2047 4808 ἐττιῑίνΙ
2089 4759 2163 4822 (et
2203 4757 2251 4827 ἡ,
2296 4759 2517 4826 margini
2556 4759 2895 4828 adscriptum,
2934 4765 2985 4813 et
3022 4763 3165 4830 prius
3206 4762 3231 4815 k

501 4845 711 4911 punctis
751 4849 896 4894 notat
937 4843 1027 4908 Ψ)
1067 4845 1136 4894 B:
1174 4849 1268 4908 ΗΝ
1305 4843 1407 4896 ἐπεὶ
1447 4847 1515 4898 G:
1555 4845 1662 4897 ἐπεὶ
1697 4847 1811 4896 SFa
1850 4845 1936 4912 Sp.
2117 4845 2177 4897 οὔ
2218 4847 2269 4898 in
2312 4862 2413 4914 ung.
2456 4848 2521 4898 V'
