3684 5567
599 258 719 323 156
1048 254 1376 326 [ΑΠΟΡΙΩΝ
1414 253 1534 309 ΚΑΙ
1572 252 1837 310 ΛΥΣΕΩΝ
1880 251 2162 309 ΒῙΒΛΙΟΝ
2200 250 2564 310 ΤΕΤΑΡΤΟΝ
2605 253 2834 322 27-28]

702 427 852 512 ἄκρα
882 432 1199 497 ἀποστάσει
1244 432 1309 494 τὸ
1356 428 1499 493 εἶναι
1544 428 1739 499 αὐτοῖς
1770 429 1988 513 μέσοις.
2057 428 2156 493 ἐπί
2195 452 2258 490 τε
2285 426 2394 510 γὰρ
2438 432 2554 489 τῶν
2601 426 2746 489 κατὰ
2789 427 2890 495 τὰς
2932 423 3141 508 τέχνας
3187 430 3290 486 299

700 534 1013 617 γινομένων
1056 536 1120 597 τὸ
1170 532 1343 615 μέσον
1388 556 1451 595 τε
1494 534 1589 596 καὶ
1624 534 1961 617 ’σύμμετρον
2006 533 2112 595 οὐκ
2156 532 2222 593 ἐκ
2265 536 2368 613 τῆς
2401 529 2724 596 συνθέσεως
2767 532 2866 591 τοῦ
2911 552 2974 591 τε
3019 528 3184 612 ὑπερ-

706 634 1010 718 βάλλοντος
1056 637 1151 698 καὶ
1198 640 1297 698 τοῦ
1344 636 1654 709 ἐνδέοντος,
1700 634 1820 699 ἀλλ’
1863 636 1923 697 ἐν
1967 641 2041 717 τῇ
2088 637 2244 718 φυγῇ
2288 633 2527 697 τούτων.
2610 631 2676 694 οὐ
2719 630 2826 713 γὰρ
2871 632 2938 694 ἐκ
2985 630 3188 713 μίξεως
3243 646 3270 687 5

700 742 815 799 τῶν
870 737 1339 822 ὑπερβαλλόντων
1396 739 1489 801 καὶ
1544 738 1852 801 ἐνδεόντων
1898 740 2226 820 γυμνασίων
2273 736 2488 809 εὐεξία,
2542 735 2723 797 καίτοι
2777 732 2923 798 οὖσα
2975 735 3034 797 ἐν
3091 758 3186 815 με·

637 857 666 906 5
705 840 903 923 σότητι
946 839 1168 903 αὐτῶν·
1214 838 1333 901 ἀλλ’
1389 840 1523 903 οὐδὲ
1567 842 1603 923 ἡ
1654 841 1813 922 ὑγεία
1858 844 2056 902 τοῦτον
2101 840 2312 923 γίνεται
2355 839 2449 901 τὸν
2495 838 2729 922 τρόπον·
2795 836 2912 899 ἀλλ’
2969 838 3104 901 οὐδὲ
3147 838 3186 921 ἡ

700 944 983 1025 πλαστικὴ
1028 942 1126 1012 τὰς
1174 943 1497 1027 ὑπερβολὰς
1548 945 1645 1006 καὶ
1696 944 1798 1007 τὰς
1842 942 2057 1010 ἐνδείας
2111 942 2457 1025 συντίθησιν.
2548 940 2680 1003 οὐδὲ
2733 942 2798 1003 τὸ
2848 942 3079 1025 κέντρον
3125 942 3189 1003 δὲ
3215 957 3271 998 1⁰

703 1048 802 1106 τοῦ
847 1046 1061 1109 κύκλου
1107 1046 1175 1109 ἐκ
1221 1045 1425 1128 μίξεως
1478 1046 1697 1108 τούτων
1743 1045 1897 1107 ἐστὶν
1943 1046 2024 1107 ὧν
2071 1044 2364 1128 ἀφέστηκε
2409 1047 2693 1118 πλεῖστον,
2748 1044 2876 1107 ἀλλ’
2933 1044 3070 1108 οὐδὲ
3115 1045 3186 1108 τὰ

702 1146 910 1229 μεταξὺ
956 1152 1072 1210 τῶν
1128 1172 1189 1211 τε
1234 1149 1473 1229 ἀγαθῶν
1530 1151 1625 1213 καὶ
1679 1153 1795 1211 τῶν
1849 1150 2044 1210 κακῶν
2099 1148 2158 1215 ἐξ
2211 1146 2445 1209 ἐκείνων
2501 1146 2788 1229 μέμικται.
2877 1146 2996 1210 ἀλλ’
3053 1147 3190 1211 οὐδὲ

700 1249 797 1311 τὸν
842 1250 1237 1334 προκόπτοντα
1282 1252 1622 1334 συγκεῖσθαι
1667 1251 1734 1315 ἐκ
1777 1252 1981 1318 κακίας
2024 1273 2086 1311 τε
2129 1250 2224 1312 καὶ
2273 1250 2483 1334 ἀρετῆς
2525 1250 2712 1333 φήσαι
2754 1272 2835 1317 τις
2879 1248 2967 1312 ἅν.
3217 1264 3268 1306 15

602 1370 663 1417 10
872 1350 1025 1416 Οὐδὲ
1070 1352 1257 1416 ἐκεῖνο
1303 1354 1455 1435 ὑγιὲς
1497 1354 1561 1417 τὸ
1607 1353 1809 1435 λέγειν,
1857 1354 1908 1415 εἰ
1949 1352 2198 1435 μεσότης
2239 1354 2276 1435 ἡ
2311 1352 2511 1436 ἀρετή,
2557 1353 2755 1435 δεήσει
2799 1353 2915 1414 ἀπὸ
2960 1357 3065 1435 τῆς
3109 1353 3190 1415 ἐν·

700 1456 852 1524 δείας
896 1456 979 1523 εἰς
1022 1456 1123 1537 τὴν
1170 1456 1492 1539 ὑπερβολὴν
1540 1455 1811 1540 προϊόντα
1858 1461 2084 1540 πρῶτον
2132 1456 2192 1519 ἐν
2237 1456 2416 1539 ἀρετῇ
2461 1455 2750 1536 γενέσθαι.
2835 1456 2887 1517 εἰ
2934 1455 3036 1535 μὲν
3083 1454 3188 1537 γὰρ

700 1556 771 1641 ἧν
816 1558 886 1620 τὰ
934 1557 1084 1638 μέσα
1138 1557 1301 1641 πάθη
1356 1560 1449 1621 καὶ
1502 1560 1561 1621 αἱ
1610 1560 1780 1642 μέσαι
1834 1558 2066 1643 πράξεις
2118 1560 2176 1621 αἱ
2223 1559 2448 1642 ἀρεταί,
2504 1557 2643 1626 ἴσως
2697 1556 2765 1621 ἄν
2813 1581 2862 1620 τι
2915 1557 2986 1641 ἧν
3032 1557 3187 1639 λεγό-
3215 1572 3271 1615 ω

700 1682 889 1741 μενον,
935 1662 989 1723 εἰ
1033 1658 1085 1723 δ’
1126 1660 1279 1723 ἐστὶν
1323 1663 1361 1744 ἢ
1406 1662 1581 1747 ἀρετὴ
1629 1662 1689 1724 ἐν
1734 1668 1819 1747 τῷ
1868 1664 2114 1746 ὡρίσθαι
2159 1666 2337 1725 ταῦτα
2379 1667 2463 1745 τῷ
2512 1662 2676 1745 ὀρθῷ
2721 1662 2898 1745 λόγῳ,
2942 1661 3010 1724 οὗ
3054 1664 3190 1724 πάν·

697 1784 811 1830 τως
857 1762 889 1825 δ
942 1763 1004 1825 ἐν
1052 1762 1215 1846 μέσῳ
1270 1764 1448 1827 πάθει
1505 1766 1609 1827 τινὶ
1660 1765 1966 1848 γενόμενος
2018 1764 2131 1849 ἤδη·
2192 1764 2400 1845 γίνεται
2453 1764 2510 1826 ἐν
2557 1762 2714 1846 αὐτῷ
2776 1766 2857 1831 ὡς
2900 1763 3046 1827 κατὰ
3091 1765 3188 1826 τὸν

597 1884 657 1933 15
698 1866 872 1947 ὀρθὸν
908 1853 1097 1949 ίλόγον
1152 1866 1293 1929 αὐτὸ
1352 1868 1597 1951 πάσχειν
1653 1868 1691 1949 ἢ
1747 1868 1852 1950 τὴν
1909 1866 2090 1950 μέσην
2149 1868 2345 1951 πρᾶξιν
2401 1868 2664 1951 πράττειν
2720 1866 2953 1948 ὁμοίως.
3053 1865 3191 1929 οὐδὲ

700 1967 893 2037 ἄλλως
938 1969 1002 2031 δὲ
1045 1973 1211 2032 τοῦτο
1258 1974 1455 2032 τοῦτον
1501 1972 1595 2032 ἐπὶ
1640 1972 1869 2033 πάντων
1917 1970 2214 2055 συμβαίνει
2259 1971 2354 2032 τὸν
2399 1968 2626 2053 τρόπον.
2709 1968 2778 2031 οὐ
2822 1968 2929 2053 γὰρ
2976 1968 3043 2032 ἐκ
3087 1973 3189 2031 τοῦ
3215 1982 3271 2025 2³

698 2070 773 2134 δι’
818 2072 1140 2157 ὑπερβολήν
1185 2096 1334 2141 τινος
1377 2077 1490 2135 τῶν
1526 2076 1716 2157 μερῶν
1761 2072 2003 2159 αἴσχους
2049 2074 2130 2142 εἰς
2175 2074 2240 2136 τὸ
2270 2070 2394 2135 κατ’
2437 2069 2656 2135 ἔνδειάν
2701 2094 2762 2134 τε
2801 2073 2895 2135 καὶ
2942 2069 3188 2157 ἔλλειψιν

711 2177 1067 2259 μεταβάλλον
1114 2181 1341 2259 πρῶτον
1385 2177 1595 2259 γίνεται
1639 2177 1868 2246 κάλλος.

860 2276 1110 2343 Ἀτοπον
1164 2280 1229 2342 δὲ
1282 2281 1376 2343 καὶ
1430 2280 1494 2342 τὸ
1546 2278 1758 2361 λέγειν,
1816 2278 1954 2343 καθ’
2011 2278 2108 2349 οὓς
2165 2279 2475 2365 μεσότητες
2535 2278 2544 2365 Ι
2598 2282 2657 2345 αἱ
2711 2280 2941 2364 ἀρεταί,
2996 2280 3142 2344 κατὰ
3186 2286 3296 2345 3θο

596 2400 662 2447 20
698 2382 934 2451 τούτους
962 2382 1221 2464 γίνεσθαι
1266 2384 1361 2445 καὶ
1394 2382 1589 2451 κακίας
1624 2382 1797 2467 μέρος
1842 2383 2080 2468 ἀρετήν·
2127 2389 2229 2468 τῆς
2273 2383 2379 2467 γὰρ
2411 2384 2773 2468 θρασύτητος
2816 2385 2867 2447 εἰ
2913 2384 2976 2446 τὸ
3023 2384 3190 2467 ὑπερ-

697 2485 907 2569 βάλλον
952 2486 1329 2570 ἀφαιρεθείτ,
1384 2487 1449 2549 τὸ
1495 2486 1982 2571 καταλειπόμενον
2025 2486 2205 2570 αὐτῆς
2251 2488 2423 2571 μέρος
2469 2488 2700 2571 ἀνδρεία
2746 2488 2812 2551 ἂν
2859 2487 2980 2570 εἴη·
3043 2486 3190 2549 ἀλλὰ

698 2589 794 2651 καὶ
838 2594 941 2673 τῆς
986 2590 1246 2674 ἀνδρείας
1292 2590 1344 2653 εἰ
1388 2590 1733 2675 ἀφαιρεθείη
1781 2590 1955 2676 μέρος
1998 2614 2071 2667 τι,
2115 2590 2250 2655 καθ’
2297 2590 2328 2654 ὃ
2376 2596 2480 2675 τῆς
2522 2592 2733 2661 δειλίας
2778 2590 3070 2677 ὑπερέχει,
3117 2586 3192 2674 γ’ί-
3245 2605 3274 2648 5

695 2693 899 2755 νεσθαι
955 2694 1021 2755 τὸ
1064 2692 1551 2776 καταλειπόμενον
1605 2693 1784 2777 αὐτῆς
1842 2694 2015 2778 μέρος
2059 2696 2288 2758 δειλίαν.
2381 2696 2593 2764 ἱκανῶς
2646 2696 2753 2777 γὰρ
2799 2696 2929 2779 περὶ
2973 2694 3191 2757 τούτων

696 2795 792 2856 καὶ
837 2796 1008 2865 αὐτὸς
1038 2796 1220 2874 εἶπεν,
1267 2797 1488 2865 δεικνὺς
1531 2796 1617 2859 ὅτι
1664 2801 1778 2860 πᾶν
1823 2799 1889 2860 τὸ
1935 2802 2040 2881 τῆς
2068 2798 2269 2867 κακίας
2314 2798 2488 2883 μέρος
2531 2798 2720 2871 κακία,
2767 2799 2861 2860 καὶ
2906 2802 3018 2860 πᾶν
3067 2798 3192 2882 ἀρε·

592 2916 657 2963 25
697 2899 768 2981 τὴ
814 2899 879 2961 τὸ
924 2904 1030 2982 τῆς
1074 2900 1299 2983 ἀρετῆς.
1390 2901 1429 2983 ἢ
1474 2900 1581 2983 γὰρ
1627 2899 1695 2963 οὐ
1741 2904 1922 2963 ταῦτα
1981 2900 2052 2985 ἧν
2097 2899 2170 2963 τὰ
2213 2900 2464 2985 λυόμενα
2519 2901 2614 2964 διὰ
2658 2906 2762 2984 τῆς
2806 2900 3015 2969 λέξεως
3057 2906 3188 2984 τῆς·
3221 2914 3276 2957 ιο

693 3000 771 3063 οὐ
826 3006 1010 3066 πᾶσα
1064 3003 1137 3065 δὲ
1190 3000 1603 3088 ἐπιδέχεται
1654 3002 1900 3086 πρᾶξις
1953 3003 2114 3067 οὐδὲ
2165 3008 2296 3066 πᾶν
2350 3005 2575 3073 πάθος
2626 3005 2748 3088 τὴν
2807 3003 3186 3086 μεσότητα·

692 3101 840 3167 ἔνια
885 3105 1007 3189 γὰρ
1052 3104 1261 3174 εὐθὺς
1304 3105 1706 3187 ὠνόμασται
1760 3108 2284 3191 συνειλημμένα
2338 3108 2512 3191 μετὰ
2557 3113 2678 3191 τῆς
2722 3106 3188 3191 φαυλότητος,

696 3206 837 3268 οἷον
891 3208 1436 3293 ἐπιχαιρεκακία
1495 3210 1958 3295 ἀναισχυντία
2013 3210 2299 3294 φθόνος,
2361 3212 2474 3273 καὶ
2532 3211 2646 3273 ἐπὶ
2699 3216 2830 3273 τῶν
2874 3210 3190 3293 πράξεων
3219 3222 3274 3265 1⁵

696 3308 986 3393 μοιχεία
1040 3312 1263 3393 κλοπὴ
1326 3312 1771 3397 ἀνδροφονία.
1861 3315 2082 3376 πάντα
2138 3312 2264 3396 γὰρ
2324 3318 2540 3377 ταῦτα
2599 3316 2712 3377 καὶ
2767 3313 2849 3376 τὰ
2903 3316 3194 3376 τοιαῦτα

588 3430 655 3477 30
692 3411 979 3496 ψέγεται
1022 3418 1114 3498 τῷ
1162 3418 1394 3498 φαῦλα
1440 3415 1642 3494 εἶναι,
1700 3414 1837 3478 ἀλλ’
1895 3416 2026 3499 οὐχ
2071 3416 2138 3477 αἱ
2185 3416 2568 3501 ὑπερβολαὶ
2613 3418 2836 3480 αὐτῶν
2883 3416 3044 3479 οὐδὲ
3089 3414 3192 3477 ἐλ·

693 3514 975 3597 λείψεις.
1052 3517 1176 3578 οὐκ
1221 3514 1405 3579 ἔστιν
1451 3516 1567 3580 οὖν
1613 3518 1956 3581 οὐδέποτε
2001 3520 2163 3603 περὶ
2209 3518 2382 3582 αὐτὰ
2429 3522 2847 3605 κατορθοῦν,
2893 3518 3030 3583 ἀλλ’
3083 3519 3190 3581 ἀεὶ

696 3618 1149 3702 ἁμαρτάνειν,
1197 3618 1361 3682 οὐδέ
1405 3620 1555 3683 ἐστι
1599 3622 1673 3684 τὸ
1719 3618 1791 3683 εὖ
1838 3622 1876 3703 ἢ
1925 3622 2014 3705 μὴ
2063 3620 2135 3685 εὖ
2180 3624 2336 3707 περὶ
2370 3620 2493 3707 [τε]
2527 3623 2606 3686 τὰ
2649 3629 2938 3687 τοιαῦτα
2982 3624 3049 3687 ἐν
3095 3628 3276 3708 τῷὓῡ

694 3720 773 3804 ἢν
819 3724 927 3785 δεῖ
964 3722 1077 3785 καὶ
1122 3720 1236 3784 ὅτε
1282 3724 1391 3785 καὶ
1440 3725 1530 3791 ὡς
1576 3724 1968 3808 μοιχεύειν,
2016 3722 2150 3788 ἀλλ’
2209 3726 2446 3795 ἁπλῶς
2491 3732 2719 3790 ποιεῖν
2768 3730 2999 3791 ὁτιοῦν
3043 3728 3191 3791 τού-

692 3846 823 3885 των
870 3824 1291 3907 ἁμαρτάνειν
1339 3824 1543 3890 ἐστίν.
1634 3826 1878 3909 ὅμοιον
1928 3826 1934 3911 Ι
1983 3830 2096 3891 καὶ
2150 3828 2223 3890 τὸ
2269 3828 2505 3897 ἀξιοῦν
2560 3831 2716 3915 περὶ
2767 3832 2842 3894 τὸ
2887 3830 3154 3895 ἀδικεῖν
3200 3839 3298 3897 301

588 3946 654 3994 35
692 3928 805 3990 καὶ
851 3928 1225 3989 δειλαίνειν
1272 3928 1386 3990 καὶ
1432 3929 1964 3994 ἀκολασταίνειν
2012 3929 2364 4013 μεσότητα
2409 3930 2591 3995 εἶναι
2637 3934 2750 3995 καὶ
2797 3933 3190 4019 ὑπερβολὴν

586 4166 617 4221 9
656 4167 805 4237 φήσει
830 4167 902 4218 v1
930 4167 1081 4233 (corr.
1107 4164 1197 4231 V²)
1348 4166 1410 4219 10
1446 4166 1635 4231 δεήσειν
1660 4168 1920 4222 Schwartz
2068 4170 2127 4222 13
2165 4170 2197 4240 ἡ
2226 4186 2323 4223 om.
2353 4188 2382 4221 a
2409 4174 2498 4237 Sp.
2642 4169 2874 4240 ὡρίσθαι]
2913 4190 2964 4225 αι
2998 4176 3054 4227 in
3081 4175 3158 4227 lit.
3179 4178 3228 4227 V

592 4256 654 4307 14
692 4254 945 4324 γινόμενος
972 4272 1004 4304 a
1028 4256 1117 4320 Sp.
1268 4253 1327 4303 17
1366 4254 1575 4323 ἔνδειαν]
1616 4275 1647 4308 α
1684 4258 1739 4309 in
1779 4257 1856 4308 lit.
1887 4262 1930 4304 V
2081 4257 2141 4310 19
2180 4258 2232 4310 αἱ
2267 4258 2456 4327 ἀρεταί]
2496 4260 2687 4331 αἱρεταί
2710 4280 2742 4312 a
2893 4262 2962 4315 20
2997 4262 3067 4321 εἰς
3101 4262 3160 4315 τὸ
3199 4283 3229 4315 ιι

586 4342 647 4393 21
692 4340 1007 4411 ἀφαιρεθείη]
1045 4339 1089 4393 εί
1126 4342 1181 4393 in
1219 4341 1299 4393 lit.
1328 4345 1375 4391 V
1518 4341 1920 4411 καταλιπόμενον
1947 4348 2017 4397 V¹
2058 4348 2206 4412 (corr.
2233 4346 2325 4411 Ψ)
2365 4349 2489 4398 item
2529 4362 2577 4397 v.
2604 4347 2670 4399 23
2813 4348 2879 4401 25
2918 4350 2978 4401 τὰ
3016 4351 3113 4402 del.
3137 4353 3227 4417 Sp.

586 4428 827 4498 λυόμενα]
866 4428 1110 4498 λεγόμενα
1150 4427 1321 4481 vich?
1360 4432 1415 4481 M
1576 4429 1780 4496 λέξεως]
1822 4434 1939 4484 Eth.
1967 4434 2080 4486 Nic.
2111 4435 2171 4497 11,
2201 4432 2250 4485 6.
2282 4433 2492 4486 1107·8
2653 4434 2718 4487 28
2758 4436 3155 4508 ἐπιχαιρεκακίαι
3180 4442 3228 4489 V

586 4516 652 4569 29
689 4518 853 4569 πάντα
889 4517 941 4583 (οἱ
979 4518 1033 4569 in
1073 4516 1172 4581 lit.)
1200 4520 1246 4567 V
1419 4518 1487 4570 30
1523 4518 1726 4587 ψέγεται
1763 4521 1950 4587 scripsi
1989 4538 2102 4573 cum
2129 4522 2285 4574 Arist.
2325 4522 2492 4589 vulg.:
2530 4521 2728 4591 λέγεται
2765 4524 2881 4577 libri
3047 4529 3123 4594 τῷ
3168 4525 3301 4579 αὐτὰ

587 4604 752 4674 φαῦλα
780 4604 911 4657 Viet.
952 4621 1017 4656 ex
1036 4606 1200 4657 Arist.
1231 4604 1369 4671 vulg.
1513 4605 1607 4679 οὺχ
1646 4608 1695 4659 αἱ
1726 4608 1898 4661 vich?
1940 4626 2004 4661 ex
2033 4610 2216 4661 Arist.=
2255 4608 2314 4661 οὐ
2351 4612 2438 4661 καὶ
2473 4610 2616 4663 libri:
2657 4610 2716 4663 οὺ
2741 4613 2826 4664 καὶ
2852 4612 2947 4675 (αἱ)
2971 4612 3230 4665 Schwartz

587 4690 699 4745 οὐδὲ
720 4695 849 4744 VM:
874 4690 986 4743 ἀλλ’
1006 4690 1119 4744 οὐδὲ
1141 4694 1282 4745 Lsa:
1312 4692 1426 4745 οὐδὲ
1454 4694 1503 4745 αἱ
1530 4695 1663 4747 vict.
1692 4711 1755 4747 ex
1784 4696 1942 4747 Arist.
2075 4694 2139 4747 32
2169 4695 2439 4767 ἁμαρτάνει
2459 4715 2490 4747 a
2619 4696 2650 4767 ἦ
2681 4699 2749 4768 μὴ
2773 4698 2888 4752 WB
2917 4699 3084 4753 vich?
3113 4703 3228 4767 Sp.=
3257 4700 3303 4753 εἰ

586 4778 657 4849 μὴ
676 4779 792 4832 8²³:
833 4779 903 4849 μὴ
934 4781 1149 4832 VS¹LM
1294 4798 1347 4831 τε
1372 4780 1472 4832 del.
1497 4781 1591 4833 V2:
1620 4796 1720 4833 om.
1740 4786 1783 4833 B
1812 4784 1974 4835 Arist.
2119 4784 2184 4835 33
2220 4782 2282 4853 ἣν
2303 4783 2375 4835 13²
2398 4786 2452 4836 in
2479 4784 2555 4836 lit.
2577 4784 2749 4839 Vict.?
2775 4786 2838 4857 ἦν
2863 4786 2982 4841 libri
3126 4786 3304 4845 ἁπλῶς

586 4865 644 4921 τὸ
670 4872 825 4921 ποιεῖν
848 4866 985 4921 vict.
1007 4884 1071 4921 ex
1094 4869 1248 4920 Arist.
1347 4868 1414 4921 34
1442 4866 1617 4937 ὅμοιον
1638 4868 1726 4921 οὖν
1756 4871 1888 4923 Vict.
1909 4872 1995 4938 Sp.
2018 4887 2082 4923 ex
2104 4872 2264 4925 Arist.
2363 4873 2449 4924 καὶ
2473 4872 2584 4945 περὶ
2607 4874 2769 4927 Arist.
2859 4875 2981 4927 εἶναι
3007 4889 3116 4943 μεσ.
3135 4876 3302 4929 Arist.
