3684 5567
1326 267 1606 323 ΒΙΒΛΙΟΝ
1645 266 2009 323 ΔΕΥΤΕΡΟΝ
2050 270 2178 321 23-
2191 272 2254 322 24
3071 269 3150 332 75

542 444 691 507 καθ’
755 445 923 507 αὑτὸ
978 444 1098 525 μὲν
1150 444 1273 507 οὐκ
1329 441 1475 508 ἔστι
1529 443 1689 508 τόδε
1740 468 1831 518 τι,
1901 443 2138 527 ἕτερον
2203 445 2277 507 δὲ
2334 445 2604 528 μορφὴν
2659 444 2772 507 καὶ
2827 442 3041 517 εἶδος,

544 544 692 609 καθ’
750 548 830 631 ἢν
882 546 1015 631 ἤδη
1060 546 1342 627 λέγεται
1392 546 1551 610 τόδε
1596 544 1718 631 (τι,
1772 544 1922 631 καὶ>
1973 547 2197 631 τρίτον
2251 548 2362 629 <τὸ
2409 548 2485 610 ἐκ
2529 543 2893 629 τούτων.>”

706 648 805 733 <Εἰ
848 651 915 733 ἢ)
962 650 1068 733 ὕλη
1114 648 1249 712 καθ’
1306 651 1487 732 αὑτὴν
1543 650 1647 713 οὐκ
1693 646 1837 713 οὖσα
1883 648 2014 712 τόδε
2065 673 2137 723 τι,
2191 648 2348 713 καθὰ
2403 651 2507 732 τὴν
2563 650 2791 733 μορφὴν
2837 649 2932 710 καὶ
2977 647 3042 708 τὸ
3073 662 3124 704 15

538 750 688 819 εἶδος
736 750 802 815 ἂν
850 752 1082 835 δέξηταί
1126 776 1189 815 τε
1234 755 1330 816 καὶ
1377 758 1520 837 σχῇ,
1570 752 1684 837 ἤδη
1716 752 1940 833 λέγεται
1985 752 2136 825 τόδε,
2183 753 2300 815 ἀπὸ
2333 756 2500 815 τοῦδε
2546 756 2646 814 τοῦ
2677 750 2869 820 εἴδους
2915 750 3042 812 ἑκά-

470 875 500 921 5
538 877 656 939 στῳ
702 859 819 918 τῶν
864 856 1081 919 ἐνύλων
1134 857 1199 919 τὸ
1254 856 1399 919 εἶναι
1442 856 1652 939 τούτῳ.
1743 855 1838 918 ἐπὶ
1887 856 1989 936 μὲν
2045 852 2144 917 οὖν
2201 858 2313 917 τῶν
2367 858 2569 917 ἁπλῶν
2625 878 2688 915 τε
2742 856 2836 917 καὶ
2889 855 3039 936 πρώ·

536 981 649 1019 των
697 958 987 1040 σωμάτων
1032 958 1157 1022 οὐδ’
1217 959 1369 1028 ὅλως
1424 957 1559 1021 καθ’
1616 958 1796 1041 αὑτὴν
1853 960 1890 1040 4,
1939 958 2046 1040 ὕλη
2094 956 2226 1020 τόδε
2280 980 2332 1019 τι
2384 962 2468 1042 τῷ
2519 959 2621 1040 τὴν
2667 959 2900 1040 πρώτην
2947 955 3041 1018 καὶ

538 1062 746 1143 κυρίως
791 1062 933 1145 ὕλην
976 1062 1197 1131 τούτοις
1240 1066 1551 1146 προσεχῶς
1596 1061 1960 1135 ὑποκεῖσθαι,
2007 1059 2103 1122 ἐπὶ
2135 1061 2200 1123 δὲ
2243 1066 2359 1123 τῶν
2391 1058 2683 1124 συνθέτων
2731 1060 3039 1142 σωμάτων,
3068 1072 3126 1113 2⁰

548 1163 673 1227 ἐπεὶ
718 1165 939 1235 τούτοις
988 1166 1195 1249 μηκέτι
1226 1170 1537 1250 προσεχῶς
1582 1165 1956 1247 ὑποκείμενον
2003 1164 2040 1246 4,
2083 1166 2286 1247 πρώτη
2332 1186 2395 1226 τε
2435 1164 2530 1226 καὶ
2560 1164 2770 1247 κυρίως
2819 1162 2824 1228 Ι
2876 1163 3006 1245 ὕλη,
3052 1167 3149 1224 142

539 1266 659 1329 ἀλλ’
700 1266 855 1331 ἔστιν
901 1272 937 1351 4,
988 1271 1095 1353 ὕλη
1145 1274 1391 1349 σώματα
1435 1268 1657 1336 τούτοις
1698 1267 2069 1350 ὑποκείμενα,
2115 1265 2263 1349 εἴγε
2307 1267 2378 1328 τὰ
2408 1265 2736 1349 καλούμενα
2780 1270 3042 1349 στοιχεῖα

442 1372 575 1454 104,
620 1372 838 1435 τούτων
886 1372 1027 1457 ὕλη,
1081 1370 1242 1436 ἔσται
1290 1373 1391 1451 μὲν
1440 1372 1477 1455 ἡ
1524 1370 1741 1434 τούτων
1790 1370 1898 1452 ὕλη
1945 1370 2077 1432 τόδε
2123 1394 2202 1444 τι,
2248 1368 2316 1432 οὐ
2365 1371 2478 1453 μὴν
2525 1370 2588 1432 τὸ
2633 1369 2937 1451 γενόμενον
2983 1366 3044 1436 ἐξ

539 1473 727 1535 αὐτῶν
775 1476 839 1537 τὸ
872 1474 1015 1537 εἶναι
1064 1480 1231 1538 τοῦτο
1279 1474 1310 1537 ὃ
1342 1473 1573 1556 γέγονεν
1621 1473 1737 1535 ἀπὸ
1783 1478 1888 1556 τῆς
1933 1473 2071 1554 ὕλης
2117 1469 2246 1557 ἔχει
2291 1472 2386 1535 καὶ
2429 1475 2531 1535 τοῦ
2564 1472 2785 1556 ἐκείνης
2829 1470 3034 1547 εἴδους,
3091 1486 3120 1529 ὅ

538 1575 657 1639 ἀλλ’
712 1577 829 1639 ἀπὸ
875 1582 975 1640 τοῦ
1023 1577 1215 1645 εἴδους
1259 1581 1360 1639 τοῦ
1404 1574 1704 1659 γεγονότος
1759 1574 1818 1638 ἐν
1866 1578 1941 1657 τῇ
1990 1580 2126 1659 ποιᾷ
2172 1574 2438 1639 συνθέσει
2483 1599 2545 1639 τε
2588 1576 2684 1638 καὶ
2731 1575 2878 1656 μίξει
2922 1578 3038 1637 τῶν

538 1678 933 1762 ὑποκειμένων
979 1679 1139 1765 αὐτῷ
1176 1686 1487 1761 σωμάτων.
1556 1679 1623 1741 οὐ
1668 1678 1775 1762 γὰρ
1823 1678 1950 1740 ἐπεὶ
1995 1684 2106 1762 πῦρ
2153 1680 2248 1741 καὶ
2281 1679 2416 1762 ἀήρ,
2463 1678 2616 1761 ὕδωρ
2664 1680 2759 1741 καὶ
2803 1683 2876 1761 γῆ
2927 1679 3033 1762 ὕλη

534 1782 728 1863 σαρκί,
786 1784 824 1864 4,
872 1783 1014 1867 σὰρξ
1060 1783 1175 1847 ἀπὸ
1223 1782 1441 1845 τούτων
1504 1782 1645 1865 σὰρξ
1688 1782 1952 1844 καλεῖταί
1991 1804 2052 1843 τε
2096 1782 2193 1845 καὶ
2237 1780 2416 1857 ἔστιν,
2473 1774 2590 1844 ἀλλ’
2647 1782 2763 1845 ἀπὸ
2809 1786 2909 1845 τοῦ
2954 1796 3123 1864 'fs-‘1⁰

430 1902 491 1950 15
527 1885 754 1965 γονότος
788 1886 848 1947 ἐν
878 1886 1070 1954 αὐτοῖς
1102 1884 1314 1959 εἴδους,
1362 1882 1501 1947 καθ’
1545 1886 1577 1949 ὃ
1609 1885 1675 1947 τὸ
1722 1882 1874 1946 εἶναί
1913 1884 2035 1947 ἐστι
2079 1890 2154 1967 τῇ
2203 1884 2263 1954 ἐξ
2306 1884 2498 1947 αὐτῶν
2541 1884 2803 1967 γεγονυίᾳ
2849 1884 3038 1967 σαρκί.

530 1986 665 2049 οὐδὲ
720 1987 827 2069 γὰρ
880 1990 983 2070 τὴν
1041 1988 1231 2072 ἀρχὴν
1288 1987 1481 2050 ἐκεῖνα
1536 1988 1596 2050 ἐν
1652 1991 1729 2070 τῇ
1786 1986 1954 2069 σαρκὶ
2009 1984 2092 2048 ἔτι
2147 1990 2416 2058 σώζεται.
2515 1986 2632 2050 ἀλλ’
2691 1988 2888 2070 ὥσπερ
2943 1987 3040 2049 ἐπὶ

532 2094 634 2173 τῆς
680 2095 793 2151 τῶν
841 2092 1042 2172 ἁπλῶν
1086 2091 1368 2173 γενέσεως
1414 2092 1706 2173 σωμάτων
1754 2091 1791 2173 4,
1838 2089 2194 2173 ὑποκειμένη
2242 2090 2351 2174 ὕλη
2399 2089 2612 2165 αὐτοῖς,
2667 2090 2814 2173 αὕτη
2861 2088 2910 2151 δ’
2969 2088 3038 2171 ἦν

530 2194 569 2274 4,
616 2197 849 2276 πρώτη,
905 2194 1011 2257 οὐκ
1056 2192 1126 2277 ἦν
1176 2195 1279 2277 μὲν
1325 2192 1471 2275 αὐτὴ
1528 2191 1663 2255 καθ’
1718 2193 1900 2275 αὑτὴν
1953 2192 2087 2255 τόδε
2129 2216 2212 2267 τι,
2271 2192 2341 2276 ἦν
2387 2192 2579 2273 μέντοι
2625 2192 2684 2255 ἐν
2732 2194 3042 2256 ὑποστάσει
3071 2208 3120 2250 15

532 2294 625 2357 ἐπ’
682 2296 864 2359 ἄλλου
910 2297 1059 2365 τινὸς
1102 2295 1293 2365 εἴδους
1338 2295 1516 2371 οὖσα,
1572 2297 1668 2359 καὶ
1714 2293 1840 2358 κατ’
1900 2296 2086 2358 ἐκεῖνο
2132 2297 2264 2359 τόδε
2307 2320 2360 2357 τι
2405 2293 2552 2359 οὖσα
2604 2296 2700 2377 (τὸ
2743 2298 2850 2380 γὰρ
2895 2294 3039 2377 γινό-

432 2418 499 2463 20
535 2422 705 2481 μενον
752 2404 865 2481 πῦρ
912 2399 1057 2461 κατὰ
1116 2400 1439 2482 μεταβολὴν
1495 2405 1597 2482 τῆς
1646 2400 1786 2481 ὕλης
1836 2400 2044 2481 ’γίνεται
2099 2398 2544 2483 ἀποβαλλούσης
2601 2399 2704 2481 μὲν
2757 2400 2820 2460 τὸ
2867 2399 3037 2479 προῦ-

532 2504 756 2586 πάρχον
804 2501 956 2571 εἶδος
1000 2501 1061 2563 ἐν
1108 2501 1290 2584 αὐτῇ,
1348 2502 1823 2584 μεταβαλλούσης
1876 2502 1940 2565 δὲ
1985 2503 2064 2570 εἰς
2119 2504 2184 2565 τὸ
2241 2506 2341 2564 τοῦ
2389 2500 2598 2584 πυρός,
2653 2504 2750 2565 καὶ
2795 2501 2909 2585 οὐχ
2954 2486 3040 2563 ὅτι
3068 2517 3124 2558 ευ

530 2604 589 2672 ἐξ
634 2606 821 2687 ἀέρος,
869 2604 937 2667 ἂν
970 2606 1123 2667 οὕτω
1168 2604 1342 2688 τύχη,
1390 2605 1755 2687 ἡμεταβολὴ
1803 2604 1972 2688 αὕτη,
2019 2607 2082 2667 τὸ
2125 2610 2237 2690 πῦρ
2285 2604 2430 2667 κατὰ
2477 2606 2572 2667 τὸν
2607 2604 2750 2689 ἀέρα
2794 2605 2861 2667 τὸ
2893 2604 3038 2665 εἶναι

462 2750 467 2755 -
532 2704 675 2792 ἔχει,
724 2709 815 2775 ὥς.
850 2730 915 2789 γε
960 2706 1085 2770 οὐδ’
1128 2708 1268 2791 ὕλης
1312 2707 1395 2775 εἰς
1438 2706 1504 2768 τὸ
1550 2710 1663 2791 πῦρ
1709 2708 2055 2791 μεταβολή),
2103 2708 2288 2777 οὕτως
2333 2707 2467 2771 οὐδὲ
2512 2707 2583 2770 τὰ
2629 2707 2878 2771 σύνθετα
2927 2709 3035 2768 σώ-

530 2833 711 2893 ματα,
771 2811 855 2879 οἷς
902 2809 1017 2895 ἤδη
1075 2812 1374 2894 προσεχὴς
1430 2810 1539 2893 ὕλη
1594 2811 1728 2872 τόδε
1773 2811 1829 2871 τί
1881 2810 2062 2886 ἐστιν,
2122 2810 2254 2874 τόδε
2299 2834 2352 2873 τι
2404 2810 2546 2873 εἶναι
2605 2808 2730 2895 ἔχει
2776 2810 2891 2874 ἀπό
2935 2834 3036 2873 του
3065 2826 3120 2867 εὖ

433 2930 496 2980 25
531 2919 647 2975 τῶν
697 2912 1095 2994 ὑποκειμένων
1141 2912 1337 2980 αὐτοῖς
1376 2914 1667 2996 σωμάτων
1713 2913 1924 2987 εἴδους,
1971 2912 2092 2975 ἀλλ’
2143 2916 2258 2977 ἀπὸ
2305 2918 2404 2976 τοῦ
2451 2914 2511 2982 ἐξ
2557 2914 2790 2976 ἐκείνων
2837 2936 2899 2974 τε
2943 2914 3039 2975 καὶ

535 3016 636 3078 ἀπ’
694 3017 929 3079 ἐκείνων
986 3015 1313 3097 γενομένου.
1408 3015 1493 3077 διὸ
1542 3016 1685 3078 κατὰ
1741 3018 1954 3085 παντὸς
2009 3016 2112 3099 μὲν
2167 3016 2388 3099 ἀληθές
2435 3016 2442 3101 1
2493 3016 2644 3081 ἐστιν
2699 3018 2764 3079 τὸ
2810 3022 3001 3080 πᾶσαν
3047 3022 3142 3080 143

527 3119 959 3204 συναμφότερον
1008 3118 1205 3181 οὐσίαν
1252 3118 1367 3181 ἀπὸ
1424 3122 1524 3179 τοῦ
1571 3118 1765 3187 εἴδους
1808 3118 1967 3203 ἔχειν
2025 3119 2090 3181 τὸ
2137 3118 2281 3182 εἶναι
2333 3125 2502 3183 τοῦτο
2548 3120 2582 3183 ὅ
2627 3120 2776 3195 ἐστι,
2829 3118 3036 3181 τούτου

526 3219 577 3283 δ’
634 3222 818 3290 οὕτως
872 3218 1108 3306 ἔχοντος
1163 3221 1383 3304 ἀληθὲς
1438 3223 1532 3283 καὶ
1599 3220 1631 3283 ὃ
1677 3221 1814 3284 καθ’
1873 3222 2120 3303 ἑκάστην
2167 3229 2282 3284 τῶν
2329 3223 2776 3307 συναμφοτέρων
2823 3220 3037 3284 οὐσιῶν

526 3322 590 3385 τύ
635 3348 698 3386 τε
743 3325 887 3387 εἶναι
933 3324 1029 3387 καὶ
1074 3325 1140 3387 τὸ
1185 3324 1464 3405 λέγεσθαί
1506 3324 1645 3399 ἐστι,
1704 3323 1861 3387 τοῦτ’
1917 3324 2110 3386 αὐτῶν
2155 3324 2307 3394 εἶδος
2353 3326 2519 3399 εἶναι,
2577 3322 2714 3389 ὥστ’
2773 3324 2898 3387 ἐπεὶ
2945 3324 3039 3386 καὶ
3091 3338 3120 3381 ὅ

424 3444 491 3493 30
524 3428 589 3489 τὸ
652 3432 803 3511 ζῷον
860 3424 1293 3511 συναμφότερος
1347 3426 1513 3489 οὐσία
1572 3428 1665 3491 καὶ
1726 3432 1812 3510 τῷ
1879 3428 2018 3511 ζῴῳ
2073 3428 2234 3512 αὐτῷ
2299 3427 2450 3492 εἷναί
2495 3452 2558 3491 τε
2617 3430 2710 3491 καὶ
2768 3429 3038 3509 λέγεσθαι

526 3531 681 3611 παρὰ
726 3534 831 3612 τῆς
874 3535 1072 3614 ψυχῆς
1116 3552 1178 3590 τε
1223 3528 1319 3591 καὶ
1366 3530 1513 3591 κατὰ
1555 3532 1659 3613 τὴν
1707 3533 1904 3615 ψυχήν
1954 3530 2127 3601 ἐστιν,
2174 3528 2326 3599 εἶδος
2371 3530 2438 3593 ἂν
2485 3530 2574 3613 εἴη
2623 3532 2659 3613 4,
2707 3532 2873 3615 ψυχὴ
2921 3536 3036 3593 τῶν

528 3630 717 3715 ζῴων,
764 3634 946 3701 οὕτως
994 3635 1058 3694 δὲ
1101 3632 1199 3694 καὶ
1244 3636 1358 3693 τῶν
1404 3632 1595 3695 ἄλλων
1628 3638 1743 3695 τῶν
1776 3633 1932 3717 παρὰ
1981 3632 2050 3694 τὰ
2097 3636 2222 3716 ζῷα
2267 3632 2570 3717 ἐμψύχων.
2649 3633 2735 3695 ὅτι
2781 3636 2844 3697 δὲ
2889 3634 3039 3705 εἶδος
3071 3652 3123 3694 1⁰

525 3736 563 3816 ἡ
609 3736 791 3819 ψυχή,
840 3734 1049 3804 ἔδειξεν
1104 3736 1227 3819 ὁδῷ
1284 3737 1652 3819 χρησάμενος
1697 3737 1956 3819 τοιαύτῃ.
2049 3735 2173 3797 ἐπεὶ
2229 3741 2330 3820 τῆς
2387 3736 2584 3805 οὐσίας
2637 3738 2672 3821 4,
2734 3736 2836 3820 μέν
2883 3738 3035 3801 ἐστιν

528 3836 665 3921 ὕλη,
724 3840 761 3921 ἡ
810 3839 875 3901 δὲ
919 3838 1097 3913 εἶδος,
1155 3838 1193 3919 4,
1250 3837 1314 3900 δὲ
1362 3838 1818 3922 συναμφότερος,
1879 3840 1974 3900 καὶ
2029 3836 2181 3901 ἔστιν
2235 3840 2272 3921 4,
2333 3840 2435 3922 μὲν
2492 3839 2926 3924 συναμφότερος
2979 3842 3038 3910 ἐξ

423 3958 487 4007 35
525 3941 665 4024 ὕλης
694 3964 757 4005 τε
802 3943 897 4004 καὶ
942 3940 1135 4009 εἴδους
1182 3938 1404 4024 ἔχουσα
1447 3942 1512 4003 τὸ
1558 3940 1692 4004 τόδε
1724 3940 1828 4025 <τι>
1860 3942 1927 4005 οὐ
1975 3941 2132 4025 παρὰ
2175 3946 2280 4025 τῆς
2326 3941 2485 4024 ὕλης,
2533 3942 2684 4005 ἀλλὰ
2730 3945 2886 4029 παρὰ
2931 3951 3033 4008 τοῦ

428 4185 446 4233 1
491 4184 687 4253 μορφὴν
726 4182 818 4251 Sp.
857 4198 921 4234 ex
962 4184 1145 4233 Arist.:
1203 4184 1372 4254 μορφὴ
1422 4185 1541 4237 libri
1756 4184 1787 4235 2
1834 4202 1883 4236 τι
1920 4186 2007 4237 καὶ
2055 4194 2102 4237 et
2143 4185 2199 4237 ἐκ
2247 4184 2443 4238 τούτων
2491 4189 2664 4257 suppl.
2709 4190 2840 4240 vict.
2883 4206 2945 4241 ex
2988 4192 3145 4242 Arist.

423 4271 531 4336 (sed
572 4273 652 4323 bic
690 4270 749 4324 τὸ
788 4270 870 4336 ἐκ)
1038 4270 1069 4322 3
1117 4272 1181 4334 <εἰ
1218 4272 1273 4341 ἡ)
1322 4270 1416 4343 ὕλη
1464 4275 1673 4340 scripsi:
1732 4275 1763 4343 ἡ
1812 4271 1907 4345 ὕλη
1949 4276 2109 4325 vict:
2166 4274 2264 4344 ἤδη
2317 4276 2433 4327 libri
2647 4276 2742 4328 οὐκ
2787 4292 2886 4327 om.
2934 4296 2964 4327 a

420 4356 579 4427 καθὰ]
617 4360 750 4411 κατὰ
788 4360 921 4410 vict.
1099 4360 1131 4409 4
1172 4358 1229 4410 ἃν
1269 4358 1470 4429 δέξηταί
1506 4362 1716 4427 scripsi:
1756 4362 1841 4413 ἐὰν
1883 4360 2080 4432 δέξηται
2119 4362 2236 4429 Sp.:
2276 4362 2546 4433 ἐνδείξηται
2583 4366 2699 4417 libri
2887 4370 2985 4437 σχῆ
3029 4369 3073 4414 V

418 4448 529 4499 τόδε
553 4451 643 4511 <τι>
670 4449 803 4499 coni.
832 4446 917 4513 Sp.
1061 4448 1111 4497 4.
1151 4446 1183 4499 5
1220 4448 1418 4516 ἑκάστῳ
1448 4448 1560 4515 Sp.:
1601 4450 1814 4501 ἑκάστου
1852 4450 1968 4501 libri
2150 4450 2182 4501 8
2221 4451 2300 4503 ἐπὶ
2328 4470 2358 4502 u.
2541 4452 2596 4502 11
2639 4450 2800 4508 εἴδους
2828 4453 2989 4504 Victa
3031 4452 3144 4504 τόδε

420 4536 535 4587 libri
730 4536 791 4586 14
847 4535 1060 4586 alterum
1103 4534 1221 4602 σὰρξ
1260 4550 1357 4587 om.
1399 4554 1429 4586 a
1468 4536 1555 4603 Sp.
1742 4536 1803 4587 15
1863 4544 2091 4606 γεγονυῖα
2133 4542 2174 4587 V
2380 4539 2436 4589 17
2493 4539 2554 4608 ἠν
2599 4542 2716 4591 SFa
2753 4540 2870 4606 Sp.:
2925 4540 2988 4609 ἢν
3033 4547 3072 4590 V

426 4624 485 4674 19
540 4622 698 4679 εἴδους
742 4626 859 4675 SFa
902 4624 1015 4691 Sp.:
1072 4622 1198 4679 εἶδος
1234 4626 1279 4673 V
1494 4624 1561 4675 *23
1600 4624 1670 4681 ὥς
1707 4643 1761 4693 γε
1802 4626 1961 4677 vich:
2003 4624 2057 4683 ὅς
2092 4645 2146 4695 γε
2186 4626 2300 4679 libri
2517 4628 2582 4677 24
2629 4628 2729 4679 ἀπό
2766 4627 2878 4695 του]
2919 4629 3016 4680 ἀπὸ
3055 4636 3144 4681 τοῦ

419 4726 449 4761 a
485 4709 567 4778 Sp.
786 4711 851 4763 25
910 4710 1256 4777 ὑποκειμένων
1304 4714 1420 4777 Sp.:
1477 4712 1807 4779 ὑποκειμένου
1855 4715 1972 4765 libri
2191 4716 2257 4765 :28
2315 4714 2340 4766 ὃ
2389 4717 2596 4783 scripsi:
2653 4716 2711 4767 τὸ
2757 4717 2874 4768 libri

420 4798 633 4867 ἑκάστην
670 4798 811 4851 38²2
851 4798 963 4867 Sp.:
1004 4799 1189 4869 ἑκάστη
1220 4801 1329 4851 vS¹
1526 4800 1593 4852 33
1632 4801 1835 4872 τοιαύτη
1879 4808 1926 4853 V
1973 4804 2122 4870 (corr.
2164 4820 2208 4854 ν.
2249 4803 2316 4867 c.)
2503 4804 2582 4855 ἐπὶ
2629 4822 2660 4855 a
2838 4806 2906 4855 35
2943 4823 2990 4856 τι
3029 4807 3143 4857 add.

420 4884 584 4937 B²S²a
619 4886 707 4954 Sp.
