3684 5567
1192 1542 1517 1609 ΒΙΒΛΙΟΝ
1578 1542 2023 1609 ΔΕΥΤΕΡΟΝ.
2117 1542 2584 1629 ΚΕΦΑΛΑΙΑ,
3151 1554 3222 1609 84

656 1858 710 1898 α.
788 1832 912 1901 Ὅτι
960 1837 1157 1899 ἕπεται
1203 1841 1322 1903 τοῖς
1364 1836 1462 1899 καὶ
1507 1836 1572 1898 τὸ
1621 1836 1869 1917 μέγεθος
1914 1838 2008 1897 καὶ
2057 1836 2151 1898 τὸν
2183 1834 2391 1919 χρόνον
2439 1835 2498 1904 ἐξ
2545 1835 2887 1917 ἀδιαιρέτων
2933 1856 3116 1899 συντι-
3141 1852 3198 1893 2⁰

902 1938 1055 2003 θεῖσι
1114 1940 1177 2001 τὸ
1234 1940 1421 2001 πάντα
1477 1938 1548 2001 τὰ
1600 1940 1908 2020 κινούμενα
1963 1938 2111 2001 κατὰ
2163 1942 2265 2001 τοῦ
2311 1938 2564 2021 ἀμεροῦς
2619 1940 2910 2023 ἰσοταχῶς
2955 1944 3118 2002 κινεῖ·

902 2044 1057 2105 σθαι

533 2163 563 2211 5
654 2144 707 2227 β.
791 2142 1088 2228 ’ζὲήγησις
1133 2144 1343 2214 λέξεως
1394 2144 1455 2207 ἐν
1500 2148 1587 2229 τῷ
1646 2146 1684 2207 ά
1736 2145 1867 2228 περὶ
1918 2148 2113 2228 ψυχῆς
2161 2142 2168 2227 1
2219 2144 2416 2212 τέλους
2469 2143 2781 2227 εἰρημένης
2835 2144 2916 2212 εἰς
2963 2146 3114 2207 άνάί-
3186 2150 3222 2207 4

901 2268 1056 2330 ρεσιν
1102 2252 1203 2310 τοῦ
1250 2248 1351 2331 τὴν
1398 2248 1598 2331 ψυχὴν
1644 2246 2018 2329 αὐτοκίνητον
2063 2246 2225 2309 εἶναι.

660 2374 711 2432 γ.
805 2348 906 2418 Τίς
948 2352 986 2432 ἡ
1034 2350 1150 2412 ἀπὸ
1198 2356 1302 2434 τῆς
1348 2350 1629 2432 κινήσεως
1682 2353 1786 2413 τοῦ
1833 2350 1997 2413 θείου
2043 2352 2314 2430 σώματος
2367 2350 2701 2433 ἐγγινομένη
2748 2348 2985 2431 δύναμις
3029 2352 3114 2432 τῷ

894 2459 1207 2533 γειτνιῶντι
1254 2452 1415 2535 αὐτῷ
1464 2452 1663 2537 θνητῷ
1708 2476 1773 2515 τε
1818 2454 1916 2515 καὶ
1961 2454 2021 2515 ἐν
2065 2452 2286 2533 γενέσει
2335 2456 2578 2534 σώματι.
3171 2468 3199 2509 ὅ

660 2554 711 2615 δ.
788 2552 913 2617 Ὅτι
956 2555 1009 2615 εἰ
1054 2559 1154 2617 τοῦ
1200 2552 1293 2638 ἐφ’
1350 2556 1487 2636 ἡμῖν
1540 2556 1606 2617 τὸ
1664 2556 2052 2638 ἀντικείμενον
2107 2557 2190 2638 μὴ
2245 2553 2339 2639 ἐφ’
2395 2557 2564 2637 ἡμῖν,
2627 2554 2763 2619 οὐδὲ
2810 2555 2930 2637 [τὸ]
2976 2555 3116 2618 αὐτὸ

502 2674 562 2720 10
902 2654 993 2741 ἐφ’
1048 2658 1208 2740 ἡμῖν,
1255 2656 1393 2719 οὐδὲ
1438 2657 1503 2718 τὸ
1550 2656 1643 2742 ἐφ’
1686 2659 1826 2742 ἡμῖν
1871 2653 1963 2741 ἐφ’
2020 2660 2160 2741 ἡμῖν
2207 2657 2349 2720 ἐστι.

658 2780 705 2819 ε.
798 2756 942 2842 Περὶ
987 2763 1088 2821 τοῦ
1135 2757 1222 2820 ὅτι
1267 2759 1361 2822 καὶ
1409 2760 1474 2822 τὸ
1520 2758 1616 2843 ἐφ’
1672 2762 1812 2842 ἡμῖν
1859 2758 1998 2822 καθ’
2055 2760 2425 2843 εἱμαρμένην.

654 2882 707 2929 ς.
802 2858 940 2927 Πῶς
986 2861 1079 2923 καὶ
1112 2862 1380 2943 ἀκίνητον
1426 2860 1519 2945 εἴη
1566 2861 1636 2924 ἂν
1684 2863 1747 2924 τὸ
1796 2866 2030 2945 πρῶτον
2075 2866 2284 2935 κινοῦν,
2332 2861 2481 2943 εἴγε
2527 2864 2609 2929 ὥς
2653 2882 2827 2946 φησιν
2873 2861 3114 2925 ἕκαστον
3143 2879 3200 2920 ιο

900 2964 1051 3025 ἐστιν
1098 2964 1180 3023 ὧν
1222 2964 1375 3026 ἐστιν
1420 2960 1587 3047 ἔργον
1634 2964 1805 3026 ἕνεκα
1852 2967 1954 3025 τοῦ
1987 2961 2177 3046 ἔργου,
2223 2964 2364 3025 θεοῦ
2412 2963 2462 3027 δ’
2505 2964 2762 3048 ἐνέργεια
2807 2964 3115 3040 ἀθανασία,

899 3069 1067 3127 τοῦτο
1114 3064 1165 3127 δ’
1222 3062 1372 3138 ἔστι,
1436 3068 1559 3147 ζωὴ
1610 3067 1822 3139 ἀίδιος,
1879 3063 2019 3128 ὥστ’
2075 3066 2296 3147 ἀνάγκη
2351 3069 2439 3149 τῷ
2495 3067 2621 3150 θεῷ
2671 3066 2892 3150 κίνησιν
2939 3068 3116 3129 ἀίδιον

498 3184 559 3232 15
903 3167 1202 3252 ὑπάρχειν.
3144 3183 3198 3225 15

663 3274 713 3340 ζ.
803 3268 903 3337 Τίς
948 3267 1109 3331 ἔσται
1156 3271 1193 3352 ἡ
1243 3271 1382 3352 ὕλη,
1439 3270 1489 3331 εἰ
1534 3269 1689 3353 παρὰ
1745 3270 1849 3351 μὲν
1901 3274 2004 3351 τῆς
2049 3267 2380 3353 στερήσεως
2435 3268 2562 3353 ἔχει
2614 3271 2678 3333 τὸ
2725 3269 2926 3337 ἄποιος
2971 3267 3118 3331 εἶναι

898 3372 994 3434 καὶ
1040 3374 1507 3456 ἀσχημάτιστος,
1562 3372 1720 3456 παρὰ
1764 3373 1831 3434 δὲ
1876 3376 1976 3433 τοῦ
2024 3370 2217 3439 εἴδους
2270 3373 2333 3434 τὸ
2380 3372 2750 3435 πεποιῶσθαι
2795 3373 2891 3435 καὶ
2938 3373 3113 3456 ἐσχη-

902 3474 1197 3555 ματίσθαι.

648 3597 707 3657 η.
804 3574 940 3645 Πῶς
986 3576 1093 3639 οῦκ
1136 3578 1279 3640 αὐτὸ
1327 3574 1399 3639 δι’
1451 3578 1627 3640 αὑτοῦ
1675 3576 1927 3659 ὡρίσατο
1971 3577 2077 3659 τὴν
2125 3578 2319 3661 ψυχὴν
2367 3577 2710 3660 ὁρισάμενος
2753 3576 3113 3661 ἐντελέχειαν
3141 3594 3200 3635 2⁰

500 3696 567 3741 ‘20
910 3680 1180 3761 σώματος
1223 3684 1469 3763 φυσικοῦ
1516 3680 1821 3763 ὀργανικοῦ
1867 3680 2108 3761 δυνάμει
2153 3681 2309 3761 ζωὴν
2355 3676 2613 3763 ἔχοντος.

648 3782 705 3843 θ.
798 3780 935 3849 Πῶς
981 3780 1047 3843 οὐ
1094 3780 1239 3865 πρός
1282 3806 1335 3844 τι
1378 3784 1415 3864 ἡ
1464 3784 1649 3865 ψυχή,
1696 3782 1747 3843 εἰ
1792 3781 2124 3865 ἐντελέχεια
2169 3784 2441 3863 σώματος
2485 3780 2764 3843 τοιούτου.

672 3905 707 3945 ι.
784 3880 908 3947 Ὅτι
956 3882 1038 3965 μὴ
1083 3882 1455 3967 αὐτοκίνητος
1500 3887 1539 3967 ἡ
1585 3886 1773 3968 ψυχή.
3139 3901 3196 3943 25

631 4007 708 4046 ια.
800 3984 909 4047 Διὰ
954 3986 1009 4046 τί
1060 3987 1126 4047 τὸ
1172 3984 1465 4067 γινόμενον
1522 3986 1588 4048 ἐκ
1642 3992 1748 4068 τῆς
1805 3988 2138 4070 στερήσεως
2193 3990 2272 4053 ὡς
2327 3986 2687 4069 μεταβάλλον
2741 3986 2866 4069 ἅμα
2911 3987 3002 4049 καὶ
3049 3986 3116 4050 ἐκ

898 4092 998 4149 τοῦ
1055 4088 1310 4149 ἐναντίου
1366 4088 1527 4173 αὐτῷ
1582 4088 1587 4158 Ι
1639 4089 2016 4173 μεταβάλλει,
2073 4086 2192 4169 εἴγε
2249 4088 2330 4169 μὴ
2377 4088 2587 4151 ταύτὸν
2643 4089 2681 4170 ἥ
2729 4110 2790 4149 τε
2845 4088 3111 4173 στέρησις
3185 4100 3217 4154 5

498 4210 562 4257 ‘25
900 4190 995 4253 καὶ
1040 4191 1105 4252 τὸ
1152 4190 1421 4253 ἐναντίον.

494 4496 525 4547 :2
564 4508 685 4549 anto
722 4497 779 4549 τὸ
818 4498 916 4549 litt.
956 4513 1102 4549 erasa
1142 4500 1189 4546 V
1404 4496 1435 4549 5
1480 4498 1649 4567 ψυχῆς
1680 4494 2046 4567 Ἀριστοτέλους
2083 4498 2161 4549 tit.
2201 4500 2290 4563 Sp.
2505 4496 2537 4547 9
2575 4495 2688 4564 τοῦ]
2727 4502 2877 4548 τοῦτο
2915 4498 2995 4549 tit.
3035 4498 3124 4565 Sp.

498 4601 571 4652 pr.
609 4583 691 4652 τὸ]
741 4584 799 4637 οὗ
844 4584 901 4637 τὸ
940 4585 1045 4636 tin:
1101 4581 1157 4634 ὃν
1194 4582 1253 4634 τὸ
1292 4583 1427 4635 vict.
1609 4584 1638 4635 9
1677 4584 1765 4635 alt.
1803 4582 1862 4635 τὸ
1900 4600 1999 4635 om.
2039 4586 2142 4636 tit.:
2185 4585 2282 4636 del.
2323 4582 2410 4651 Sp.
2589 4581 2701 4635 οὐδὲ
2739 4582 2798 4635 τὸ
2838 4580 2922 4654 ἐφ’
2961 4585 3081 4653 ἡμῖν
3118 4584 3218 4637 del.

500 4672 634 4723 vict.
836 4670 897 4722 12
935 4671 1020 4722 καὶ
1056 4686 1156 4722 om.
1194 4672 1273 4721 tit.
1489 4668 1547 4721 ἂν
1586 4672 1717 4722 κατὰ
1748 4668 2058 4741 Ἀριστοτέλη
2099 4672 2178 4723 tit.
2392 4670 2543 4726 αὐτὸς
2589 4684 2738 4738 φησιν
2785 4670 2888 4722 tit.=
2947 4688 3094 4742 φησιν
3132 4671 3220 4725 αὒ-

494 4756 579 4815 τὸς
616 4759 751 4809 vict.
793 4758 877 4825 Sp.
1066 4756 1123 4809 16
1164 4756 1213 4807 τί
1247 4758 1349 4808 ἐστι
1387 4758 1465 4808 tit.
1644 4756 1708 4824 εἰ]
1749 4756 1779 4825 ἢ
1820 4759 1901 4809 tit.
2103 4759 2166 4808 19
2205 4756 2230 4809 ὁ
2269 4758 2360 4829 τὴν
2401 4760 2480 4809 tit.
2665 4756 2732 4809 20
2769 4754 3037 4827 ὀργάνικοῦ
3075 4764 3121 4811 V

498 4844 563 4897 ‘23
623 4844 691 4903 ὡς
731 4860 830 4896 om.
870 4846 949 4897 tit.
1166 4847 1248 4897 καὶ
1286 4860 1383 4895 om.
1424 4846 1503 4897 tit.
1721 4846 1784 4897 24
1824 4844 1979 4899 αὐτοῦ
2019 4846 2102 4899 tit.
