3684 5567
514 266 596 331 42
1246 265 1701 322 ΑΛΕΞΑΝΔΡΟΥ
1740 262 2046 321 ΑΙΙΟΡΙΩΝ
2087 262 2208 319 ΚΑΙ
2245 262 2510 319 ΑΥΣΕΩΝ

624 438 723 502 οὖν
772 441 1019 524 ὑπάρχει
1076 441 1139 503 τὸ
1186 439 1337 509 εἶδος
1390 445 1464 522 τῇ
1515 440 1626 521 ὕλη
1684 442 1764 509 ὡς
1818 439 1879 501 ἐν
1937 443 2009 522 τῇ
2060 438 2228 522 οὐσίᾳ
2281 438 2462 521 αὐτῆς
2509 434 2600 509 ὄν,
2657 436 2856 519 ὥσπερ
2899 435 2998 497 καὶ
3040 458 3123 517 τῳ

628 538 770 625 ζῴῳ
820 544 851 605 ὁ
894 542 1203 625 ἅνθρωπος
1248 543 1342 604 καὶ
1388 544 1555 603 παντὶ
1599 548 1682 625 τῷ
1731 542 1791 605 ἐν
1845 547 1920 626 τῇ
1969 542 2136 623 οὐσία
2181 540 2358 603 αὐτοῦ
2406 538 2525 603 ὄντι
2577 536 2712 601 καθ’
2769 538 2912 599 αὑτὸ
2957 536 3130 617 ὑπάρ-

628 665 789 725 χοντι
834 644 1015 727 αὐτῷ.
1105 642 1189 705 ἔτι
1236 667 1297 705 τε
1342 643 1450 705 οὐκ
1494 644 1657 707 ἔσται
1711 644 1771 707 ἐν
1827 650 1902 727 τῇ
1949 645 2132 724 αὑτῆς
2184 642 2354 725 φύσει
2408 638 2629 724 ἔχουσα
2683 640 2750 703 τὸ
2796 644 2910 701 τῶν
2957 638 3128 700 εἰδῶν

622 745 909 821 δεκτικόν,
968 744 1087 808 ἀλλ’
1142 745 1289 808 αὐτὰ
1344 745 1414 807 τὰ
1467 744 1615 828 εἴδη.
1706 744 1790 809 ἔτι
1845 745 1973 829 ἤτοι
2029 746 2246 825 ἑκάστη
2302 744 2411 826 ὕλη
2466 742 2590 823 ἅμα
2643 740 2715 803 τὰ
2769 740 2895 822 εἴδη
2944 740 3127 801 πάντα
3161 755 3212 796 ιο

552 866 582 913 5
622 846 765 923 ἕξει,
822 846 853 909 ὃ
900 848 1178 910 ἀδύνατον
1225 844 1377 928 (ἔστι
1422 848 1531 929 γὰρ
1576 851 1670 910 καὶ
1718 848 2048 915 ἐναντίωσις
2091 846 2150 907 ἐν
2197 848 2314 913 τοῖς
2360 844 2580 911 ἐνὺλοις
2624 840 2854 917 εἴδεσιν,
2911 846 2992 909 ὡς
3037 841 3132 903 ἐπὶ

623 953 737 1011 τῶν
788 950 1091 1034 στοιχείων
1148 952 1407 1032 ὁρῶμεν,
1466 948 1528 1018 ἐξ
1584 948 1648 1011 οὑ
1706 952 1882 1032 δῆλον
1937 948 2024 1011 ὅτι
2081 948 2161 1030 μὴ
2209 948 2395 1009 πάντα
2441 946 2500 1007 ἐν
2545 951 2618 1027 τῇ
2671 945 2853 1026 αὐτῇ·
2903 942 2986 1007 ἔτι
3030 942 3132 1027 <εἰ>

622 1049 752 1135 εἶχε
806 1054 990 1113 πάντα
1050 1052 1087 1132 ἡ
1144 1050 1322 1134 αὐτή,
1378 1051 1483 1113 οὐκ
1540 1050 1608 1113 ἂν
1666 1052 1737 1135 ἦν
1792 1053 1829 1134 ἡ
1877 1051 2023 1114 κατὰ
2077 1049 2295 1131 γένεσιν
2353 1046 2702 1132 μεταβολή),
2771 1047 2820 1110 εἰ
2878 1046 2928 1110 δ’
2983 1045 3130 1129 ἄλλη
3163 1061 3214 1103 15

622 1150 790 1229 ἄλλο,
836 1152 1134 1237 ἄφθαρτον
1182 1152 1251 1215 ἂν
1299 1152 1541 1216 ἕκαστον
1584 1153 1655 1237 ἦν
1686 1159 1802 1215 τῶν
1847 1153 2084 1217 ἐνὺλων.
2161 1153 2214 1214 εἰ
2258 1150 2307 1213 δ’
2351 1151 2422 1234 ἦν
2471 1149 2749 1235 φθαρτόν,
2795 1150 2892 1213 καὶ
2934 1151 2972 1231 ἡ
3023 1149 3130 1233 ὕλη

625 1252 693 1315 ἄν
738 1256 1177 1339 συνεφθείρετο,
1233 1254 1481 1339 ἐδείχθη
1529 1252 1580 1316 δ’
1639 1256 1818 1323 ἀίδιος
1863 1253 2030 1319 οὖσα.
2121 1251 2241 1317 ἀλλ’
2298 1252 2421 1316 οὐδ’
2481 1256 2562 1319 ὡς
2609 1252 2678 1313 τὰ
2723 1250 3132 1336 συμβεβηκότα

522 1375 585 1421 10
624 1360 700 1438 τῇ
748 1357 860 1440 ὕλῃ
904 1357 977 1420 τὰ
1022 1356 1149 1441 εἴδη
1196 1358 1350 1421 ἐστὶν
1396 1356 1458 1420 ἐν
1502 1356 1673 1439 αὐτῇ.
1764 1354 1927 1421 ἔσται
1971 1358 2078 1440 γὰρ
2125 1357 2184 1418 ἐν
2233 1355 2596 1439 ὑποκειμένῳ
2644 1355 2816 1437 αὐτῇ,
2863 1354 2956 1416 καὶ
3004 1352 3131 1435 ἤτοι
3159 1368 3214 1409 2⁰

625 1458 791 1521 οὐσία
838 1458 974 1523 ὄντα
1022 1460 1430 1543 συμβεβηκότα
1476 1457 1667 1533 ἔσται,
1724 1458 1755 1521 ὃ
1801 1458 2047 1534 ἄτοπον,
2101 1459 2139 1541 ἦ
2187 1459 2238 1521 εἰ
2283 1456 2697 1541 συμβεβηκότα
2749 1456 2842 1537 εἴη
2889 1456 2983 1519 καὶ
3027 1461 3132 1538 τῆς

624 1562 859 1643 φύσεως
902 1566 1019 1623 τῶν
1066 1559 1542 1645 συμβεβηκότων,
1589 1559 1750 1623 ἔσται
1796 1542 2051 1643 ἡοούσιά
2083 1560 2515 1643 συναμφότερος
2561 1559 2622 1627 ἐξ
2668 1558 2807 1640 ὕλης
2851 1560 2948 1621 καὶ
2994 1580 3130 1639 συμ-

625 1663 970 1747 βεβηκότος,
1026 1664 1178 1726 οῧτω
1234 1662 1286 1724 δ’
1342 1662 1447 1725 οὐκ
1504 1660 1665 1725 ἔσται
1720 1664 1923 1730 ἁπλῶς
1976 1664 2014 1745 ἡ
2062 1662 2494 1746 συναμφότερος
2539 1662 2706 1723 οὐσία
2752 1660 2946 1735 οὐσία,
3001 1659 3119 1723 ἀλλ’
3159 1677 3213 1717 »τι

623 1765 824 1849 ὥσπερ
868 1771 984 1827 τῶν
1028 1764 1176 1827 κατὰ
1221 1764 1434 1849 τέχνην
1485 1764 1800 1846 γινομένων
1851 1762 2110 1826 ἕκαστον.
2205 1760 2288 1825 ἔτι
2335 1765 2388 1825 εἰ
2433 1764 2535 1845 μὲν
2591 1762 2659 1847 ἦν
2707 1788 2744 1846 η
2794 1765 2903 1847 ὑλη
2947 1763 3132 1848 χωρὶς

522 1886 581 1935 15
620 1866 809 1935 εἴδους
852 1866 997 1929 εἶναι
1042 1867 1367 1950 δυναμένη,
1424 1865 1647 1931 ἐδύνατ’
1707 1865 1775 1928 ἂν
1822 1866 1883 1928 ἐν
1931 1865 2296 1948 ὑποκειμένῳ
2342 1864 2487 1927 εἶναι
2535 1866 2684 1948 αὐτῇ
2735 1867 2798 1928 τὸ
2843 1865 3026 1939 εἶδος,
3079 1866 3130 1927 εἰ

623 1971 687 2032 δὲ
739 1968 743 2053 1
796 1971 896 2034 σὺν
942 1970 1083 2033 εἴδει
1136 1973 1175 2053 ἡ
1232 1969 1547 2037 ὑπόστασις
1599 1968 1781 2050 αὐτῇ,
1845 1968 1939 2029 καὶ
1999 1965 2148 2029 ἔστιν
2203 1967 2388 2035 οὕτως
2441 1969 2500 2029 ἐν
2557 1968 2922 2052 ὑποκειμένῳ
2977 1967 3126 2051 αὐτῇ
3169 1975 3239 2030 82

621 2072 915 2157 γινόμενον
961 2074 1026 2136 τὸ
1073 2072 1244 2147 εἶδος,
1292 2074 1374 2140 ὡς
1418 2070 1569 2153 οὔσῃ
1618 2068 1742 2151 μετ’
1784 2067 1978 2137 εἴδους
2023 2070 2120 2131 καὶ
2164 2068 2225 2131 ἐν
2273 2070 2586 2134 ὑποστάσει
2633 2072 2726 2134 καὶ
2773 2070 2886 2153 ἤδη
2935 2074 3130 2153 σώμα-

622 2198 693 2246 τι,
741 2174 869 2258 ἤτοι
923 2176 981 2237 ἐν
1036 2174 1240 2257 ἐκείνῳ
1287 2171 1451 2237 ἔσται
1504 2177 1587 2255 τῷ
1644 2175 1873 2253 σώματι
1929 2176 2014 2255 τῷ
2073 2168 2267 2255 ἔχοντι
2320 2172 2386 2234 τὸ
2431 2172 2612 2248 εἶδος,
2667 2172 2726 2241 ἐξ
2781 2172 2850 2235 οὔ
2895 2177 2970 2255 τῇ
3019 2174 3130 2257 ὕλῃ
3184 2190 3214 2233 ὅ

622 2274 715 2361 <η>
758 2278 839 2345 εἰς
883 2280 1051 2339 τοῦτο
1099 2276 1390 2361 μεταβολή
1436 2274 1501 2357 (ὃ
1548 2274 1854 2337 ἀδύνατον·
1915 2278 2041 2342 πῶς
2083 2273 2190 2357 γὰρ
2236 2274 2357 2336 οἷόν
2405 2298 2468 2337 τε
2523 2274 2582 2337 ἐν
2627 2280 2712 2358 τῷ
2761 2276 3130 2360 φθειρομένῳ

516 2400 583 2446 20
621 2384 693 2463 τῇ
741 2380 823 2447 εἰς
866 2383 1034 2441 τοῦτο
1082 2380 1380 2462 μεταβολῇ
1437 2377 1621 2459 λέγειν
1668 2376 1813 2439 εἶναι
1865 2381 2062 2449 τοῦτο,
2120 2374 2205 2460 <ὃ>
2251 2376 2364 2460 οὐχ
2411 2376 2532 2439 οἶόν
2579 2400 2641 2440 τε
2685 2379 2905 2440 ἐκείνου
2951 2382 3130 2451 σωζο-

622 2482 800 2564 μένου
846 2481 1102 2563 γίνεσθαι
1148 2481 1207 2543 ἐν
1254 2480 1467 2563 αὑτῇ;)
1524 2481 1562 2563 ἢ
1611 2481 1670 2542 ἐν
1716 2486 1789 2561 τῇ
1848 2484 2016 2542 τοῦτο
2071 2478 2297 2563 ἐχούσῃ
2355 2480 2420 2541 τὸ
2473 2478 2626 2547 εἶδος
2678 2480 2761 2548 εἰς
2813 2480 2844 2543 ὃ
2894 2480 3130 2564 μεταβέ·

619 2585 847 2668 βληκεν.
938 2580 1057 2645 ἀλλ’
1114 2581 1236 2645 οὐδ’
1294 2582 1353 2645 ἐν
1406 2582 1595 2666 τούτῳ
1653 2580 1775 2644 οἷόν
1822 2604 1914 2659 τε,
1969 2578 2031 2643 εἴ
2075 2602 2142 2661 γε
2196 2584 2364 2642 τοῦτο
2421 2580 2524 2662 μὲν
2569 2582 2634 2643 τὸ
2694 2588 2869 2664 σῶμα
2913 2583 2980 2646 ἐκ
3026 2588 3127 2666 τῆς
3157 2599 3213 2640 1⁰

620 2684 760 2767 ὕλης
805 2685 902 2746 καὶ
933 2684 1138 2747 τούτου
1182 2690 1281 2747 τοῦ
1316 2684 1503 2753 εἴδους
1550 2685 1613 2745 τὸ
1662 2682 1806 2745 εἶναι
1837 2680 1984 2767 ἔχει,
2033 2681 2199 2744 οὐδὲν
2247 2683 2310 2743 δὲ
2341 2682 2482 2744 αὐτὸ
2529 2684 2688 2767 αὑτῷ
2739 2685 3126 2769 συμβέβηκεν.

616 2787 713 2849 καὶ
760 2785 830 2869 ἦν
876 2788 935 2849 ἐν
984 2786 1350 2870 ὑποκειμένῳ
1396 2786 1463 2847 τὸ
1510 2786 1593 2870 μὴ
1640 2789 1719 2853 ὡς
1769 2784 1943 2868 μέρος
1988 2784 2051 2846 ὃν
2097 2785 2155 2846 ἐν
2203 2779 2254 2871 ᾧ
2305 2784 2487 2857 ἐστιν,
2543 2786 2607 2847 τὸ
2655 2784 2704 2847 δ’
2761 2785 2913 2856 εἶδος
2957 2791 3128 2849 τοῦτο

510 2910 574 2958 25
617 2888 789 2971 μέρος
834 2887 955 2952 ἐστὶ
1000 2892 1101 2951 τοῦ
1150 2888 1554 2968 ὑποκειμένου.
1644 2886 1858 2970 μήποτ’
1913 2884 2012 2949 οὖν
2059 2887 2246 2956 οὕτως
2293 2887 2661 2971 συμβεβηκὸς
2691 2888 2753 2950 ἐν
2783 2893 2858 2971 τῇ
2907 2890 3018 2971 ὕλη
3066 2891 3130 2951 τὸ
3159 2905 3213 2948 15
3297 2954 3308 2961 ,

616 2992 801 3065 εἶδος,
852 2992 949 3054 καὶ
994 2991 1053 3054 ἐν
1102 2990 1467 3075 ὑποκειμένῳ
1515 2988 1649 3053 καθ’
1706 2990 1848 3052 αὑτὸ
1895 2990 2113 3064 οὕτως,
2171 2993 2250 3058 ὡς
2294 2989 2518 3071 λέγεται
2565 2988 2699 3053 καθ’
2756 2990 2906 3053 αὑτὰ
2954 2992 3128 3077 ὑπάρ-

616 3116 745 3178 χειν
791 3095 896 3155 τινὶ
942 3095 1012 3156 τὰ
1059 3093 1117 3155 ἐν
1164 3098 1237 3175 τῇ
1287 3092 1457 3177 οὐσίᾳ
1500 3091 1681 3155 αὑτοῦ
1728 3089 1886 3165 ὄντα,
1940 3090 2059 3154 ἀλλ’
2119 3092 2244 3155 ἐπεὶ
2289 3090 2360 3174 ἦν
2408 3093 2504 3155 καὶ
2551 3092 2726 3160 ἄλλος
2771 3092 2984 3175 τρόπος
3026 3098 3129 3157 τοῦ

616 3194 753 3259 καθ’
798 3194 961 3269 αὑτό,
1016 3195 1084 3258 οὑ
1130 3196 1225 3258 καὶ
1265 3192 1673 3277 Ἀριστοτέλης
1716 3193 1813 3256 καὶ
1863 3192 2233 3277 Θεόφραστος
2279 3193 2338 3256 ἐν
2385 3198 2504 3262 τοῖς
2538 3191 2827 3277 Ὑστέροις
2872 3196 3128 3259 ἀναλυτι·
3155 3213 3212 3255 2⁰

614 3301 739 3365 κοῖς
794 3298 1277 3381 μνημονεύουσιν,
1339 3295 1505 3365 οὗτος
1558 3294 1611 3359 δ’
1667 3296 1821 3358 ἐστὶν
1879 3294 2016 3359 καθ’
2075 3298 2137 3359 ὃν
2184 3295 2411 3377 ἐλέγετο
2459 3294 2594 3357 καθ’
2653 3297 2796 3359 αὑτὸ
2845 3296 3128 3383 ὑπάρχειν

507 3420 575 3468 30
612 3402 747 3478 τινί,
804 3399 871 3463 οὑ
926 3401 987 3463 ἐν
1043 3405 1129 3485 τῷ
1184 3401 1413 3484 ὁρισμῷ
1468 3400 1533 3462 τὸ
1595 3393 1645 3484 ᾧ
1707 3398 1959 3481 ὑπάρχει
2017 3391 2558 3481 παραλαμβάνεται,
2615 3398 2750 3461 καθ’
2808 3398 2871 3462 ὃν
2916 3402 3126 3482 τρόπον

614 3508 715 3565 τοῦ
763 3500 898 3565 καθ’
940 3504 1081 3565 αὑτὸ
1129 3503 1161 3564 ὁ
1208 3502 1469 3585 περιττὸς
1500 3500 1747 3583 ἀριθμὸς
1791 3501 1887 3561 καὶ
1921 3498 2114 3583 ἄρτιος
2160 3500 2517 3583 ὑπάρχουσιν
2563 3503 2649 3584 τῷ
2697 3502 2936 3585 ἀριθμῷ
2969 3501 3128 3582 (ἑκά-
3155 3519 3212 3561 25

615 3628 776 3687 τερον
822 3604 930 3687 γὰρ
985 3604 1175 3667 αὐτῶν
1231 3602 1553 3687 ὁριζόμενοι
1607 3608 1691 3686 τῷ
1752 3602 1986 3685 ἀριθμῷ
2049 3601 2110 3663 ἐν
2165 3606 2250 3685 τῷ
2307 3601 2534 3685 ὁρισμῷ
2587 3604 2880 3685 χρώμεθα
2933 3604 3126 3668 αὐτῶν

508 3880 539 3931 2
578 3884 849 3946 exspectas
883 3882 980 3929 πᾶν
1019 3876 1088 3929 τὸ
1122 3876 1174 3928 ἐν
1199 3877 1265 3947 τῇ
1297 3874 1437 3943 οὐσίᾳ
1471 3874 1630 3927 αὑτοῦ
1666 3872 1696 3927 ὅ
1706 3891 1732 3925 ν
1770 3893 1827 3927 τι
1862 3877 1914 3926 et
1949 3872 2176 3947 ὑπάρχον
2203 3872 2296 3942 [τι]
2333 3872 2474 3943 αὐτῷ
2509 3874 2751 3947 (ὑπάρχον
2785 3894 2832 3927 τι
2867 3875 2946 3930 αὑ.
2976 3878 3145 3939 Kroll)

506 3966 539 4019 3
576 3966 736 4035 αὑτῆσ
756 3970 803 4017 V
946 3966 979 4015 4
1005 3964 1140 4033 ἤτοι]
1166 3964 1387 4016 fortasse
1414 3961 1583 4015 οὐκέτι
1730 3962 1761 4014 6
1788 3962 1830 4013 εἰ
1858 3975 1958 4012 om.
1981 3964 2052 4013 V¹
2075 3962 2216 4028 (add.
2237 3962 2332 4027 vu)
2477 3962 2509 4013 8
2535 3960 2818 4031 ἄφθαρτον]
2844 3961 3069 4033 φθαρτὸν
3095 3967 3232 4019 coni.

506 4054 594 4121 Sp.
752 4054 794 4105 εἰ
830 4048 879 4103 δ’
908 4052 969 4121 ἦν
994 4050 1209 4103 V²BS²a
1236 4052 1347 4118 Sp.:
1384 4049 1416 4119 ἡ
1456 4051 1498 4102 εἰ
1525 4054 1589 4102 L:
1628 4050 1659 4117 ἦ
1700 4050 1944 4103 etGFS¹=
1985 4050 2060 4117 εἴη
2087 4050 2154 4101 V¹
2305 4049 2369 4103 10
2405 4048 2536 4120 αὑτῇ
2557 4049 2629 4099 V²
2654 4050 2767 4117 Sp.:
2808 4048 2934 4120 αὕτη
2961 4054 3062 4103 Fae
3101 4052 3228 4123 αὑτη

506 4158 603 4210 V¹:
642 4175 771 4225 αυτη
799 4160 842 4209 L
1008 4156 1071 4208 15
1110 4154 1241 4228 αὐτῇ
1279 4174 1310 4207 a
1347 4155 1461 4223 Sp.:
1501 4143 1627 4221 ἁυτη
1668 4155 1743 4205 sic
1786 4158 1845 4204 V:
1883 4151 2012 4221 αὐτὴ
2052 4156 2095 4204 L
2243 4154 2304 4205 16
2344 4152 2474 4221 αὐτῇ
2511 4154 2696 4219 (prius)
2737 4154 2808 4205 ν’
2845 4155 2957 4221 Sp.:
2996 4173 3122 4225 αυτη
3165 4161 3230 4209 V:

505 4242 632 4315 αὕτη
672 4246 813 4297 SLa:
854 4241 980 4311 αὑτὴ
1016 4245 1057 4293 F
1239 4242 1373 4312 αὑτῇ
1406 4242 1665 4306 (alterum)
1690 4239 1823 4291 V²az
1865 4240 1994 4309 αὑτὴ
2033 4243 2148 4292 FL:
2189 4258 2316 4308 αυτη
2351 4244 2390 4289 V
2401 4241 2414 4271 ¹
2599 4241 2664 4292 19
2699 4240 2732 4309 ἠ
2771 4240 2840 4299 εἰς
2865 4241 2981 4294 v²B
3009 4242 3124 4311 Sp.:
3161 4244 3232 4301 εἰς

506 4333 792 4386 v¹GFSLa
971 4328 1040 4379 20
1077 4327 1105 4380 δ
1142 4328 1260 4382 add.
1296 4328 1414 4381 v²B
1452 4328 1541 4395 Sp.
1728 4326 1794 4378 22
1831 4324 1945 4380 οὐδ’
1986 4328 2036 4379 ἐν
2071 4326 2239 4397 τούτῳ
2269 4326 2585 4381 v²GFS²L:
2626 4327 2770 4381 οὐδὲν
2807 4328 2994 4381 τοὺτωι
3023 4330 3231 4383 V¹B¹S:

506 4417 649 4471 οὐδὲν
685 4416 882 4471 τοὺτων
908 4417 1000 4470 B²z
1042 4417 1157 4470 οὐδὲ
1193 4414 1360 4469 τοὺτω
1386 4415 1504 4468 5²⁸:
1544 4414 1659 4466 οὑδὲ
1692 4420 1844 4467 τοῦτο
1873 4415 1958 4482 Sp.
2105 4415 2171 4467 23
2208 4418 2298 4467 τοῦ
2324 4413 2506 4467 τοὺτου
2537 4433 2568 4466 a
2592 4414 2704 4482 δρα
2741 4420 2831 4468 τοῦ
2866 4414 3056 4486 ταὺτην
3092 4416 3230 4470 coni.

505 4506 595 4573 Sp.
808 4504 949 4575 αὐτῷ’
990 4508 1060 4556 V¹
1108 4506 1259 4570 (corr.
1297 4502 1393 4570 V2)
1607 4502 1673 4554 24
1712 4502 1774 4571 ἦν
1816 4502 2114 4557 v¹GFS¹L=
2155 4504 2284 4555 ἐστιν
2322 4501 2540 4555 VffBS²a
2739 4503 2920 4555 τοὺτου
2957 4520 2990 4554 ιι
3025 4504 3114 4570 Sp.

506 4593 573 4646 25
612 4589 809 4663 μήποθ’
838 4594 911 4643 Vl
948 4594 1101 4657 (corr.
1122 4591 1217 4658 v2)
1385 4588 1571 4657 οὑτως]
1612 4588 1727 4641 οὔτε
1763 4588 1862 4641 B'z
1903 4590 1963 4641 οὑ
2003 4590 2279 4653 Schwartz,
2321 4588 2458 4657 quod
2497 4589 2668 4657 placet
2833 4590 2899 4642 26
2938 4586 3061 4642 καθ’
3105 4590 3230 4644 αὑτὸ

511 4678 678 4738 οὕτως
715 4680 924 4747 scripsi:
965 4676 1130 4735 οὕτως
1165 4673 1291 4729 καθ’
1332 4675 1455 4728 αὑτὸ
1480 4674 1807 4730 V²GFSBLa
1832 4679 1950 4743 Sp.:
1989 4672 2110 4727 κατ’
2139 4675 2260 4729 αὑτὸ
2298 4674 2466 4727 οὕτωσ
2487 4677 2556 4725 V¹
2736 4674 2923 4745 οὕτως]
2961 4676 3077 4729 οὔτε
3113 4681 3158 4731 Β

505 4766 587 4817 28.
629 4766 695 4816 29
732 4764 981 4835 Ὓστέροις
1018 4763 1355 4832 ἀναλυτικοῖς]
1400 4764 1549 4816 Anal.
1588 4768 1723 4830 post.
1764 4764 1803 4825 1,
1829 4764 1862 4815 4
1920 4762 2099 4815 73234
2121 4778 2230 4829 sqq.
2412 4762 2472 4813 31
2518 4762 2640 4814 αὑτὸ
2673 4762 2886 4817 v2BS²a
2921 4766 3036 4832 Sp.:
3076 4763 3230 4817 αὑτὸν

506 4854 730 4909 ΥΨΞἸ,
945 4852 1011 4905 32
1050 4852 1100 4903 ἐν
1138 4852 1215 4921 τῷ
1252 4867 1291 4903 s.
1334 4867 1377 4901 v.
1420 4854 1463 4903 V
1678 4849 1850 4902 αὑτῶν
1889 4854 1950 4901 V:
1991 4866 2092 4901 om.
2133 4868 2162 4901 a
2198 4850 2284 4919 Sp.
