3684 5567
1354 254 1513 313 ΠΕΡΙ
1554 255 2022 313 ΕῙΜΑΡΜΕΝΗΣ
2066 260 2266 313 15-16
3020 262 3136 325 187

534 426 755 510 χαίρειν
800 429 1005 511 λέγειν,
1050 432 1342 514 αἱρεῖσθαι
1388 434 1455 497 δὲ
1495 434 1598 502 τὰς
1644 433 1789 518 μετὰ
1835 434 2136 518 ῥαστώνης
2180 436 2412 517 ἡδονάς;
2486 438 2587 509 ὧς,
2634 436 2861 503 πάντως
2907 434 3036 497 ἐσο-
3064 451 3116 493 15

540 528 726 609 μένων
782 536 899 593 τῶν
952 534 1303 617 ὀφειλόντων
1347 536 1635 617 γενέσθαι,
1704 537 1883 619 μηδὲν
1929 536 2092 599 αὐτοὶ
2139 538 2268 620 περὶ
2320 538 2510 599 αὐτῶν
2555 537 2602 618 -Ι-
2653 540 2792 601 ὦσιν
2841 535 3034 599 καλόν.

542 632 728 701 οὕτως
790 631 842 697 δ’
900 634 1089 698 αὐτῶν
1158 637 1531 721 διακειμένων
1597 640 1695 701 καὶ
1761 644 1876 702 τῶν
1935 639 2340 723 πραττομένων
2387 640 2864 703 ἀκολουθούντων
2911 643 3033 706 ταῖς

539 734 824 818 αἱρέσεσιν
870 736 1063 800 αὐτῶν
1110 738 1203 817 (οὐ
1247 740 1356 823 γὰρ
1399 742 1472 825 δὴ
1520 740 1614 803 διὰ
1658 742 1763 823 τὴν
1808 743 1939 825 περὶ
1985 741 2176 805 αὐτῶν
2221 742 2580 827 ἐψευσμένην
2625 743 2808 804 πίστιν
2840 741 3033 808 ἄλλως

462 856 493 902 5
532 860 657 905 πως
722 838 835 908 ἔξει
902 840 971 902 τὰ
1016 841 1347 923 πράγματα,
1412 841 1505 927 (ἢ)
1550 847 1629 913 ὡς
1675 842 1833 929 ἔχει)
1901 844 2044 908 ἄλλο
2111 868 2164 906 τι
2211 846 2248 927 ἢ
2293 849 2409 907 τῶν
2478 846 2581 927 μὲν
2640 848 2830 907 καλῶν
2877 844 3032 927 παρὰ
3058 860 3114 902 2⁰

533 942 761 1003 πάντων
826 943 1101 1028 ὀλιγωρία
1163 969 1248 1014 τις
1290 942 1453 1009 ἔσται
1516 946 1777 1029 (πάντων
1821 947 1930 1031 γὰρ
1973 948 2012 1029 ἡ
2057 949 2256 1030 κτῆσίς
2313 972 2377 1011 τε
2443 950 2540 1011 καὶ
2584 949 2870 1032 παρουσία
2913 950 3028 1008 τῶν

530 1044 801 1107 τοιούτων
852 1047 997 1129 μετὰ
1043 1050 1301 1130 καμάτου
1349 1049 1741 1133 περιγίνεται),
1804 1056 1920 1113 τῶν
1965 1050 2030 1111 δὲ
2074 1055 2268 1113 κακῶν
2313 1050 2526 1134 αἵρεσις
2573 1050 2675 1112 ἅτε
2718 1049 3029 1132 γινομένων

531 1146 677 1226 μετὰ
723 1148 1023 1233 ῥαστώνης
1064 1174 1128 1213 τε
1172 1153 1267 1213 καὶ
1310 1152 1553 1235 ἣδονῆςς
1600 1151 1743 1235 πρὸς
1795 1151 1892 1221 οὓς
1940 1152 2021 1220 τίς
2065 1150 2133 1214 ἂν
2181 1153 2212 1215 ὁ
2258 1152 2415 1237 παρὰ
2457 1152 2675 1216 τούτων
2719 1152 2810 1235 εἴη
2842 1150 3030 1233 λόγος,

528 1250 611 1311 ὧν
678 1252 1008 1321 πεισθέντες
1074 1258 1195 1321 τοῖς
1248 1253 1524 1337 δόγμασιν
1577 1254 1762 1339 ἦλθον
1816 1255 1914 1317 ἐπὶ
1966 1260 2176 1336 ταῦτα;
2246 1256 2465 1339 λέγοιεν
2534 1254 2601 1318 ἄν
2647 1256 2753 1340 γὰρ
2799 1254 3032 1321 δικαίως
3057 1271 3112 1312 25

426 1372 489 1418 10
528 1353 671 1436 πρὸς
714 1354 942 1431 αὐτούς,
988 1356 1040 1418 εἰ
1088 1357 1358 1441 αἰτιῷντο
1404 1356 1631 1432 αὐτούς,
1676 1354 1763 1419 ὅτι
1811 1359 1893 1441 μὴ
1941 1357 2064 1421 οἷόν
2106 1381 2168 1420 τε
2211 1356 2286 1441 ἦν
2331 1358 2526 1427 αὐτοῖς
2571 1362 2684 1421 τῶν
2717 1361 3030 1442 περιεστώ-

532 1478 645 1518 των
692 1456 873 1520 ὄντων
919 1458 1193 1521 τοιούτων
1238 1459 1473 1523 ἀλλοῖόν
1517 1482 1571 1522 τι
1615 1461 1900 1543 πράττειν.
1976 1462 2063 1529 οἷς
2122 1465 2248 1529 πῶς
2291 1462 2729 1545 ἐπιτιμήσουσιν
2772 1460 3030 1542 εὐλόγως

530 1559 585 1620 οἱ
630 1558 725 1622 διὰ
770 1566 885 1623 τῶν
932 1563 1237 1643 δογμάτων
1281 1561 1499 1624 τούτων
1543 1561 1742 1630 αὐτοῖς
1787 1564 2122 1627 διδάσκαλοι
2164 1563 2488 1646 γεγονότες;
2539 1568 2754 1647 μᾶλλον
2799 1564 2863 1627 δὲ
2894 1562 3028 1626 οὔτε
3053 1580 3109 1621 8ο

529 1660 885 1745 ἐπιτιμήσεις
952 1662 1084 1726 οὔτε
1150 1665 1417 1732 κολάσεις
1484 1662 1615 1727 οὔτε
1673 1665 1972 1749 προτροπὴ
2041 1663 2174 1727 οὔτε
2240 1666 2378 1749 τιμὴ
2448 1664 2568 1728 οὔτ’
2625 1665 2768 1729 ἄλλο
2814 1689 2865 1728 τι
2910 1670 3024 1727 τῶν

524 1764 799 1827 τοιούτων
864 1767 971 1849 τὴν
1038 1766 1251 1829 οἰκείαν
1322 1770 1536 1829 σώσει’
1570 1765 1694 1830 κατ’
1749 1767 1962 1837 αὐτοὺς
2005 1767 2195 1851 φύσιν,
2263 1766 2384 1830 ἀλλ’
2439 1765 2600 1830 ἔσται
2666 1770 2760 1831 καὶ
2805 1769 3023 1831 τούτων

428 1886 489 1934 15
530 1868 772 1931 ἕκαστον
816 1869 1110 1951 γινόμενον
1156 1870 1735 1953 κατηναγκασμένως,
1782 1871 1982 1955 ὥσπερ
2029 1872 2287 1947 κάκεῖνα,
2355 1871 2448 1955 ἐφ’
2507 1871 2592 1939 οἷς
2647 1876 2824 1934 ταῦτα
2877 1874 3024 1953 γίνε-

522 1994 635 2033 ται.
684 1970 691 2053 Ι
740 1976 867 2040 πῶς
909 1972 1018 2056 γὰρ
1061 1970 1183 2056 (ἂν)
1229 1969 1312 2035 ἔτι
1348 1970 1725 2058 Ἀλέξανδρος
1770 1975 1800 2036 ὁ
1836 1972 2102 2057 Πριάμου
2147 1974 2207 2035 ἐν
2252 1974 2404 2057 αἰτία
2451 1972 2542 2055 εἴη
2576 1978 2658 2042 ὡς
2689 1976 3018 2057 διαμαρτὼν
3057 1980 3130 2035 61)

525 2074 653 2157 περὶ
720 2076 823 2157 τὴν
892 2080 996 2158 τῆς
1052 2072 1289 2157 Ἑλένης
1334 2076 1629 2159 ἁρπαγήν;
1697 2083 1821 2146 πῶς
1889 2075 1941 2139 δ’
2000 2076 2067 2139 ἂν
2106 2075 2488 2159 Ἀγαμέμνων
2544 2076 2799 2159 εὐλόγως
2844 2077 3022 2139 αὑτοῦ

522 2180 977 2263 καταψηφίζοιτο
1022 2178 1205 2261 λέγων
1241 2176 1418 2242 “οὐδ’
1474 2179 1647 2249 αὐτὸς
1694 2179 2072 2265 ἀναίνομαι”;
2141 2182 2192 2243 εἰ
2260 2182 2364 2259 μὲν
2406 2182 2516 2264 γὰρ
2561 2179 2718 2265 εἶχεν
2765 2180 3022 2249 ἐξουσίαν
3075 2196 3103 2237 τι

518 2280 803 2365 ὑπεριδεῖν
850 2282 889 2365 ἢ
929 2278 1305 2366 Ἀλέξανδρος
1348 2288 1465 2345 τῶν
1510 2281 1641 2346 τότε
1689 2286 2092 2368 περιεστώτων
2161 2283 2332 2346 αὐτὸν
2401 2285 2497 2346 καὶ
2526 2284 3012 2369 παρακαλούντων

408 2402 478 2449 20
517 2383 613 2445 ἐπὶ
656 2386 761 2467 τὴν
832 2385 1097 2468 ἁρπαγήν
1166 2385 1232 2469 [ῆ
1281 2384 1580 2455 Μενέλαος
1625 2390 1739 2450 τῶν
1787 2388 2124 2469 ἀγανακτεῖν
2191 2386 2572 2471 ἐπαιρόντων]
2632 2387 2669 2470 ἢ
2733 2385 3022 2469 Ἀγαμέμ-

516 2510 649 2561 νων,
720 2486 814 2571 ἐφ’
871 2489 956 2556 οἶς
1004 2492 1085 2557 ὥς
1131 2488 1201 2551 ἂν
1246 2490 1589 2574 ἁμαρτήσας
1632 2490 1809 2553 αὑτοῦ
1880 2490 2242 2574 κατατρέχει,
2308 2488 2564 2571 εὐλόγως
2634 2488 2701 2553 ἄν
2757 2490 2906 2573 ἦσαν
2961 2490 3020 2551 ἐν

519 2591 693 2673 αἰτίᾳ.
784 2592 835 2653 εἰ
882 2590 933 2653 δ’
990 2589 1061 2675 ἦν
1106 2593 1287 2655 πάλαι
1330 2594 1427 2655 καὶ
1472 2592 1765 2677 πρόπαλαι
1810 2594 1909 2655 καὶ
1954 2594 2065 2677 πρὸ
2111 2598 2212 2655 τοῦ
2257 2594 2361 2675 τὴν
2407 2594 2598 2678 ἀρχήν
2659 2616 2779 2655 τινα
2823 2593 3014 2655 αὐτῶν
3048 2611 3101 2652 ιο

517 2694 785 2775 γενέσθαι
832 2696 1053 2778 ἀληθὲς
1097 2697 1227 2778 περὶ
1272 2696 1520 2760 ἑκάστου
1566 2694 1986 2781 προλεγόμενον
2030 2696 2251 2759 τούτων
2297 2696 2560 2770 ἕκαστον,
2615 2693 2708 2781 ἐφ’
2765 2696 2851 2764 οἷς
2895 2719 3018 2758 ποι-

519 2799 665 2880 ήσας
710 2798 1033 2872 εὐθύνεται,
1080 2802 1207 2867 πῶς
1253 2798 1321 2861 ἂν
1367 2796 1451 2862 ἔτ’
1508 2798 1699 2862 αὐτῶν
1747 2804 1864 2861 τῶν
1910 2798 2234 2881 γενομένων
2265 2800 2371 2881 τὴν
2405 2800 2591 2862 αἰτίαν
2623 2797 2846 2884 ἔχοιεν;
2894 2804 3020 2866 πῶς

386 2920 476 2973 ,25
518 2900 581 2963 δέ
626 2924 708 2969 τις
752 2901 1095 2985 ἐξηγήσεται
1160 2904 1255 2965 καὶ
1299 2904 1365 2965 τὸ
1412 2898 1502 2986 ἐφ’
1560 2904 1698 2985 ἡμῖν
1744 2902 1890 2965 εἶναι
1953 2903 2057 2970 τάς
2100 2924 2162 2963 τε
2207 2902 2417 2985 ἀρετὰς
2481 2902 2578 2963 καὶ
2631 2902 2732 2969 τὰς
2788 2902 3015 2981 κακίας;

518 3005 569 3067 εἰ
612 3004 718 3088 γὰρ
765 3006 949 3073 οὕτως
992 3004 1038 3085 †
1070 3003 1155 3067 ἔτι
1200 3004 1272 3068 δι’
1314 3007 1505 3089 ἡμῶν,
1550 3010 1677 3074 πῶς
1722 3002 1804 3068 ἔτ’
1848 3004 1916 3068 ἂν
1961 3004 2217 3087 εὐλόγως
2248 3006 2302 3066 οἱ
2348 3006 2452 3089 μὲν
2497 3004 2612 3067 εἷεν
2644 3004 2703 3066 ἐν
2749 3005 3020 3079 ἐπαίνοις,
3052 3022 3101 3063 ιο

520 3108 576 3169 οἱ
630 3108 695 3169 δὲ
744 3108 805 3169 ἐν
872 3106 1097 3191 ψόγοιςς
1169 3108 1335 3172 οὐδὲν
1400 3109 1511 3193 γὰρ
1556 3109 1675 3172 ἄλλ’
1731 3110 1770 3192 ἢ
1834 3109 2180 3193 συνηγορίαν
2249 3114 2365 3177 τοῖς
2433 3114 2630 3177 κακοῖς
2698 3109 2764 3171 τὸ
2829 3109 3015 3190 δόγμα

521 3213 691 3272 τοῦτο
756 3210 1031 3294 προξενεῖ.
1124 3212 1354 3295 ὁρῶμεν
1421 3216 1557 3295 γοῦν
1623 3216 1739 3274 τῶν
1810 3212 1913 3295 μὲν
1979 3212 2219 3293 ἀγαθῶν
2267 3234 2329 3273 τε
2375 3212 2472 3273 καὶ
2517 3215 2708 3275 καλῶν
2755 3212 3016 3295 πράξεων

514 3310 721 3375 οὐδένα
763 3316 866 3395 την
912 3313 1267 3397 εἱμαρμένην
1313 3313 1450 3377 οὐδὲ
1494 3316 1597 3398 τὴν
1645 3315 1900 3397 ἀνάγκην
1944 3314 2307 3395 αἰτιώμενον,
2374 3316 2508 3383 τοὺς
2565 3316 2630 3377 δὲ
2674 3314 2888 3383 κακοὺς
2934 3313 3004 3378 δι’
3044 3331 3132 3372 20-

407 3436 477 3482 30
517 3416 739 3499 ἐκείνην
785 3416 1077 3485 τοιούτους
1122 3416 1269 3481 εἶναι
1312 3418 1598 3500 λέγοντας.
1690 3416 1721 3479 ὃ
1768 3417 2180 3486 πιστεύσαντες
2225 3418 2320 3479 καὶ
2365 3418 2498 3487 τοὺς
2529 3416 2885 3501 φιλοσόφους
2929 3416 3016 3479 λέ·

509 3543 625 3602 γειν
671 3524 796 3588 πῶς
841 3518 909 3582 οὐ
958 3520 1103 3602 μετὰ
1149 3522 1473 3606 παρρησίας
1516 3521 1683 3585 αὐτοί
1722 3544 1789 3603 γε
1833 3520 1929 3583 ἐπὶ
1975 3524 2155 3583 ταῦτα
2187 3520 2516 3584 ἐλεύσονται
2546 3520 2677 3589 τούς
2709 3544 2770 3583 τε
2801 3518 3018 3588 ἄλλους

408 3831 431 3882 1
484 3815 651 3903 χαιρεῖ
679 3816 814 3899 λέγε-ι
844 3832 922 3883 sic
958 3833 1005 3881 V
1237 3829 1290 3882 δὲ
1326 3846 1372 3881 v.
1401 3846 1445 3882 c.
1483 3845 1524 3882 s.
1563 3846 1609 3882 v.
1640 3834 1684 3881 V
1900 3828 1931 3881 2
1969 3816 2250 3899 όφίλόντων
2292 3833 2337 3882 V
2555 3830 2652 3883 κᾶν
2689 3828 2844 3899 μηδὲν
2882 3828 2950 3881 13²

402 3916 573 3969 αὐτῶν
610 3917 734 3969 ὦσιν
780 3917 959 3984 καλόν]
1006 3916 1152 3970 αὐταὶ
1188 3924 1405 3971 πονῶσιν
1440 3918 1513 3970 13²
1755 3918 1872 3983 ὦσι]
1927 3917 2099 3971 οἴσωσι
2145 3919 2223 3972 vel
2276 3919 2431 3993 ἔχωσι
2478 3920 2614 3971 coni.
2653 3921 2698 3972 Ο
2983 3920 3015 3970 4
3071 3918 3152 3987 δὲ,

400 4004 568 4057 Lond.
782 4006 814 4057 5
851 4004 884 4075 ἢ
923 4005 1040 4057 add.
1079 4004 1137 4057 ε’
1346 4004 1378 4057 8
1416 4006 1565 4074 μετὰ]
1605 4006 1735 4057 κατὰ
1762 4005 1876 4058 Cas.
2079 4006 2202 4077 πρὸς
2239 4007 2326 4065 οὓς
2361 4008 2434 4065 τίς
2471 4006 2529 4059 ἂν
2569 4006 2594 4060 ὁ
2633 4007 2842 4075 scripsi:
2881 4006 3002 4076 πρὸς
3038 4006 3124 4064 οὓς

400 4090 476 4149 τίς
514 4092 573 4143 ἂν
610 4091 799 4144 Lond.:
834 4091 1178 4162 προσουτισινὸ
1212 4097 1274 4143 V:
1312 4093 1497 4162 πρόσου
1532 4108 1657 4145 τισιν
1695 4094 1721 4146 δ
1758 4096 1829 4147 al:
1867 4094 1992 4165 πρὸς
2027 4094 2162 4147 οὖσιν
2201 4094 2228 4147 ὁ
2265 4100 2328 4147 E:
2367 4096 2488 4165 πρὸς
2525 4094 2610 4153 οὒς
2647 4096 2718 4153 τίς
2756 4094 2783 4147 ὃ
2821 4096 2963 4148 Cas.:
3001 4093 3122 4163 πρὸς

402 4176 490 4236 οὖς
524 4197 598 4238 τις
643 4180 669 4233 ὁ
706 4182 763 4232 a²
944 4182 1005 4233 10
1042 4182 1275 4234 αἰτιωντο
1315 4186 1361 4233 V
1547 4182 1607 4233 12
1645 4182 1692 4232 οἱ
1730 4181 1813 4233 B‘2:
1853 4181 1907 4233 εὖ
1946 4183 2049 4234 8¹²:
2089 4182 2148 4235 εὖ·
2185 4187 2230 4236 V
2440 4184 2501 4236 13
2539 4185 2813 4253 ἐπιτίμησις
2838 4222 2851 4235 .
2881 4223 2892 4235 .
2919 4181 3122 4239 κόλασις

400 4284 477 4337 γρ.
496 4272 591 4319 ΗΕ
778 4269 839 4321 14
877 4267 1067 4321 οικείαν
1109 4274 1148 4320 V
1330 4270 1527 4323 τούτων
1556 4270 1723 4322 HB²E
1764 4269 1880 4323 Cas.
1907 4270 2098 4323 Lond.:
2138 4269 2302 4340 τούτῳ
2341 4271 2472 4323 Va¹²
2655 4272 2716 4323 16
2755 4270 2814 4323 ἂν
2849 4272 2967 4323 add.
3004 4274 3047 4321 B

401 4354 689 4425 διαμαρτῶν
715 4360 761 4409 V
954 4357 1013 4408 17
1072 4354 1131 4407 ἂν
1175 4372 1276 4408 om.
1314 4360 1359 4411 O
1569 4358 1633 4411 18
1688 4358 2115 4428 καταψηφίζοιτο]
2157 4377 2172 4411 ι
2209 4366 2261 4412 et
2297 4378 2344 4411 οι
2379 4376 2420 4413 s.
2461 4377 2508 4411 v.
2551 4364 2590 4411 V
2779 4360 2840 4411 19
2898 4360 2982 4411 καὶ
3020 4374 3118 4411 om.

399 4511 480 4564 00¹²
740 4511 809 4564 20
861 4512 1313 4583 ἢ-ἐπαιρόντων
1364 4514 1530 4567 delevi
1768 4515 1829 4569 21
1893 4516 1951 4569 ἂν
1997 4517 2288 4589 ἁμαρτήσας
2335 4519 2544 4587 scripsi:
2600 4462 2971 4590 ἀναμάρτήξόῑσσ
2992 4518 3122 4569 alter

400 4605 647 4652 accentus
672 4606 723 4652 et
761 4615 853 4652 σασ
888 4602 997 4653 sive
1038 4616 1115 4653 ιασ
1155 4618 1198 4653 v.
1227 4616 1270 4653 c.
1298 4616 1338 4653 s,
1364 4618 1413 4653 v·
1438 4606 1498 4654 V:
1538 4602 1878 4676 ἐναμάρτητος
1916 4607 2069 4673 Casp.
2096 4610 2159 4659 O:
2199 4608 2546 4675 ἀναμάρτητος
2582 4608 2660 4660 12¹²
2875 4607 2941 4659 24
2977 4606 3118 4659 αὐτοὶ

397 4690 449 4739 Η
474 4705 549 4757 γρ.
578 4690 673 4741 ΕΟ
839 4689 1118 4756 γινομένων
1144 4688 1225 4739 a¹²
1390 4689 1457 4742 25
1496 4689 1797 4761 ἐξηγήσηται
1822 4697 1872 4743 V
2037 4694 2154 4763 ἡμιν
2180 4698 2230 4745 V
2398 4695 2484 4745 καὶ
2507 4696 2620 4759 τὰς]
2649 4691 2734 4748 καὶ
2758 4694 2838 4748 ⁸⁸³:
2879 4710 2978 4747 om.
3005 4696 3058 4745 a¹

398 4775 469 4827 26
505 4775 790 4845 εἰ-ἡμῶν]
828 4776 936 4828 ἐπεί
972 4794 1025 4845 γε
1064 4774 1229 4833 οὕτως
1266 4775 1427 4829 ὄντων
1465 4778 1615 4848 ἡμῶν
1642 4780 1743 4831 ε’·Ὀ
1783 4782 1894 4847 (qui
1933 4796 2025 4848 pro
2064 4780 2228 4833 ὄντων
2268 4783 2404 4835 coni.
2443 4782 2689 4854 ἐχόντων)
2881 4784 2978 4848 ἔτι]
3013 4782 3114 4836 for-

399 4868 537 4916 tasse
576 4862 653 4921 ὡς
689 4864 760 4914 τὰ
940 4862 1007 4916 28
1045 4863 1187 4933 γοῦν]
1226 4866 1319 4935 γὰρ
1365 4868 1462 4917 ΗΕ
1645 4866 1706 4917 31
1751 4882 1999 4939 παρησιασ
2036 4870 2106 4919 V¹
2145 4873 2292 4933 (corr.
2333 4887 2379 4921 v.
2421 4873 2510 4933 c.):
2550 4871 2819 4941 παρουσίας
2855 4874 2898 4921 Ε
