3684 5567
512 264 637 328 150
972 257 1299 331 [ΑΠΟΡΙΩΝ
1340 258 1459 315 ΚΑΙ
1498 257 1763 315 ΛΥΣΕΩΝ
1800 256 2084 315 ΒΙΒΛΙΟΝ
2121 254 2490 315 ΤΕΤΑΡΤΟΝ
2529 258 2758 329 25—26]

616 435 681 497 δὲ
726 434 1008 499 ἀκολασία
1062 459 1125 498 τε
1168 436 1262 499 καὶ
1308 435 1685 521 ἀναισθησία,
1740 437 1989 505 σώζεται
2047 434 2112 497 δὲ
2171 436 2267 496 καὶ
2314 434 2640 497 συνίσταται
2697 432 2810 496 ὑπὸ
2855 437 2959 517 τῆς
3003 434 3116 493 τῶν
3169 446 3198 491 ὅ

619 536 813 601 αὐτῶν
860 538 1075 601 τούτων
1123 536 1440 621 μεσότητός
1494 560 1556 600 τε
1602 538 1698 600 καὶ
1744 536 2122 621 συμμετρίας,
2179 535 2330 599 ἀλλὰ
2374 536 2471 599 καὶ
2522 538 2560 619 ἣ
2616 536 2816 621 ἀνδρία
2861 536 3114 600 συνίστα·

622 662 714 703 ται
761 640 864 723 μὲν
910 640 976 704 ἐκ
1034 646 1139 723 τῆς
1183 642 1312 724 περὶ
1358 641 1574 725 φόβους
1627 664 1687 703 τε
1732 642 1827 703 καὶ
1871 640 2062 724 θάρρη
2122 638 2440 721 μεσότητός
2493 662 2554 701 τε
2608 641 2700 702 καὶ
2747 639 3117 723 συμμετρίας,

618 743 729 805 ὑπὸ
776 744 840 805 δὲ
886 748 988 827 τῆς
1032 743 1358 827 ὑπερβολῆς
1409 767 1471 805 τε
1522 744 1618 805 καὶ
1662 742 1884 811 ἐνδείας
1940 746 2053 804 τῶν
2107 741 2298 804 αὐτῶν
2351 741 2566 803 τούτων
2621 742 2939 826 φθείρεται.
3031 746 3108 811 ὡς
3137 758 3194 800 ιο

546 864 576 913 5
618 845 681 907 δὲ
724 845 819 907 ἐπὶ
864 845 1100 920 τούτων,
1146 846 1331 914 οὕτως
1376 846 1440 908 δὲ
1484 847 1579 908 καὶ
1625 845 1719 909 ἐπὶ
1762 850 1879 908 τῶν
1926 848 2144 907 λοιπῶν
2191 840 2340 928 ἔχει,
2387 844 2540 907 ὥστε
2585 845 2636 907 εἰ
2679 846 2744 908 τὸ
2789 844 2849 908 ἐν
2895 844 3115 913 τούτοις

620 944 685 1010 εὖ
732 948 791 1011 ἐν
838 948 1115 1031 μεσότητί
1155 947 1279 1010 ἐστι
1310 949 1515 1012 παθῶν
1564 972 1627 1011 τε
1671 949 1767 1011 καὶ
1799 947 2084 1033 πράξεων,
2131 948 2196 1009 τὸ
2227 948 2292 1011 δὲ
2340 946 2406 1011 εὖ
2451 948 2511 1011 ἐν
2543 950 2774 1033 ἑκάστῳ
2820 946 2968 1011 κατὰ
3011 949 3115 1031 τὴν

617 1051 830 1114 οἰκείαν
884 1051 1125 1134 ἀρετήν,
1180 1050 1293 1113 εἷεν
1343 1050 1409 1113 ἂν
1460 1052 1556 1113 καὶ
1610 1052 1669 1113 αἱ
1716 1052 1848 1134 περὶ
1902 1054 2081 1113 ταῦτα
2124 1050 2324 1134 ἀρεταὶ
2377 1050 2438 1114 ἐν
2487 1051 2762 1135 μεσότητι
2811 1054 2928 1113 τῶν
2983 1073 3116 1134 προ·
3145 1064 3198 1107 15

619 1152 961 1239 ειρημένων,
1008 1152 1123 1238 οὐχ
1154 1154 1355 1221 ἁπλῶς
1400 1151 1523 1215 οὐδ’
1566 1155 1648 1222 ὡς
1692 1150 1896 1237 ἔτυχεν
1940 1158 2044 1216 τοῦ
2087 1152 2148 1214 ἐν
2179 1152 2399 1221 τούτοις
2447 1154 2628 1237 μέσου
2661 1152 3118 1239 λαμβανομένου,

621 1255 742 1319 ἀλλ’
800 1260 879 1325 ὡς
923 1255 1203 1319 δέδεικται
1250 1254 1574 1341 ὡρισμένου
1620 1255 1766 1319 κατὰ
1810 1257 1908 1319 τὸν
1956 1255 2021 1317 ἐκ
2067 1256 2408 1340 φρονήσεώς
2453 1280 2516 1319 τε
2561 1258 2657 1320 καὶ
2703 1256 2879 1341 ὀρθὸν
2923 1254 3113 1338 λόγον,

519 1380 582 1426 10
619 1360 714 1422 καὶ
762 1358 853 1442 εἴη
900 1357 969 1420 ἂν
1023 1360 1089 1421 τὸ
1142 1358 1289 1421 κατὰ
1344 1360 1447 1442 τὴν
1503 1358 1802 1443 ὀρεκτικὴν
1857 1360 2056 1443 ψυχὴν
2113 1358 2474 1441 εὐδαιμονίας
2529 1360 2702 1443 μέρος
2755 1356 3013 1437 κείμενον
3058 1357 3118 1420 ἐν

618 1466 743 1531 ταῖς
797 1460 913 1524 ἀπὸ
969 1465 1085 1524 τῶν
1146 1462 1366 1546 ἀρετῶν
1421 1462 1551 1545 περὶ
1604 1460 1675 1523 τὰ
1728 1461 1894 1545 πάθη
1961 1484 2020 1524 τε
2075 1462 2170 1524 καὶ
2225 1460 2327 1531 τὰς
2386 1462 2615 1546 πράξεις
2671 1460 2736 1525 εὖ
2797 1460 3120 1544 γινομέναις
3145 1476 3200 1517 2⁰

617 1564 938 1649 ἐνεργείαις.
1030 1562 1115 1627 ἔτι
1158 1564 1251 1641 δέ,
1304 1565 1357 1627 εἰ
1402 1565 1440 1647 ἡ
1486 1568 1587 1626 τοῦ
1644 1564 1957 1647 ἀνθρώπου
2011 1564 2190 1650 ἀρετή
2245 1566 2425 1637 ἐστιν,
2481 1563 2582 1650 ἀφ’
2638 1565 2710 1648 ἧς
2761 1564 2984 1647 ἀγαθὸς
3025 1562 3118 1626 ἄν·

619 1668 857 1752 θρωπος
899 1668 1112 1750 γίνεται
1154 1667 1280 1747 (καὶ
1324 1668 1432 1750 γὰρ
1478 1666 1575 1730 ἐπὶ
1618 1671 1733 1729 τῶν
1778 1666 1974 1731 ἄλλων
2023 1669 2290 1731 ἁπάντων
2337 1668 2579 1732 ἕκαστον
2625 1666 2846 1750 ἀγαθόν
2893 1667 3020 1731 ἐστί
3057 1689 3120 1729 τε

617 1772 713 1833 καὶ
757 1772 967 1854 γίνεται
1014 1770 1161 1833 κατὰ
1206 1771 1309 1854 τὴν
1356 1770 1565 1853 ἀρετὴν
1612 1770 1881 1851 ἑαυτοῦ),
1934 1770 2155 1853 ἀγαθὸς
2199 1772 2262 1835 δὲ
2308 1770 2617 1856 ἅνθρωπος
2659 1770 2874 1852 γίνεταί
2913 1793 2977 1833 τε
3021 1770 3118 1833 καὶ
3143 1785 3198 1828 25

516 1894 576 1945 15
616 1874 767 1939 ἔστιν
818 1875 849 1937 ὁ
906 1874 1054 1957 μήτε
1101 1873 1161 1935 ἐν
1205 1878 1325 1942 τοῖς
1378 1874 1625 1937 πάθεσιν
1674 1872 1924 1957 ἄμετρος
1971 1874 2117 1957 μήτε
2162 1874 2222 1936 ἐν
2267 1879 2391 1942 ταῖς
2434 1874 2563 1956 περὶ
2606 1878 2787 1937 ταῦτα
2829 1872 3118 1956 πράξεσιν,

618 1977 711 2061 εἴη
758 1976 826 2040 ἂν
873 1976 969 2039 καὶ
1014 1978 1081 2039 ἐκ
1129 1974 1137 2061 Ι
1187 1976 1393 2040 τούτου
1436 1976 1799 2059 δεικνύμενον
1855 1977 1920 2038 τὸ
1964 1978 2068 2060 τὴν
2115 1977 2326 2061 ἀρετὴν
2385 1978 2488 2061 τὴν
2533 1978 2748 2061 ἠθικὴν
2796 1977 2854 2039 ἐν
2903 1974 3068 2057 μεσό-
3111 1984 3220 2040 288

615 2105 743 2167 τητι
786 2080 932 2145 εἶναι
978 2084 1095 2143 τῶν
1142 2079 1593 2165 προειρημένων.
1684 2082 1744 2143 αἱ
1790 2080 1897 2164 γὰρ
1945 2080 2219 2164 ἐνέργειαι
2273 2082 2332 2143 αἱ
2379 2083 2508 2165 περὶ
2561 2080 2725 2164 πάθη
2770 2102 2834 2142 τε
2879 2080 2974 2142 καὶ
3017 2078 3120 2146 τὰς

619 2183 869 2269 πράξεις,
916 2182 1053 2247 ὅταν
1100 2183 1193 2246 διὰ
1238 2188 1355 2246 τῶν
1401 2184 1557 2247 ἐθῶν
1604 2184 2130 2266 παιδαγωγηθῶσιν
2177 2184 2389 2263 οὕτως,
2445 2188 2526 2251 ὡς
2568 2183 2700 2253 τοὺς
2745 2181 3118 2265 ἐθιζομένους

617 2288 865 2372 ἥδεσθαι
912 2288 1016 2371 μὲν
1064 2287 1159 2350 ἐπὶ
1204 2291 1328 2355 ταῖς
1373 2287 1678 2369 ἐνεργείαις
1732 2292 1857 2356 ταῖς
1909 2290 2142 2362 καλαῖς,
2199 2286 2498 2371 ἄχθεσθαι
2553 2287 2617 2349 δὲ
2662 2286 2757 2349 ἐπὶ
2800 2290 2924 2354 ταῖς
2967 2284 3121 2347 ἐναν·
3173 2298 3202 2341 ⁵

511 2410 578 2458 20
615 2392 789 2466 τίαις,
846 2389 879 2453 ὃ
922 2391 1133 2472 γίνεται
1185 2390 1246 2452 ἐν
1299 2395 1375 2473 τῇ
1432 2390 1649 2474 αἱρέσει
1702 2413 1765 2452 τε
1817 2390 1914 2453 καὶ
1969 2389 2192 2474 εὑρέσει
2234 2394 2336 2452 τοῦ
2392 2390 2451 2453 ἐν
2505 2389 2703 2458 αὐτοῖς
2749 2388 2958 2472 μέσου,
3013 2392 3120 2471 τῆς

616 2496 828 2578 ἀρετῆς
874 2494 1014 2556 εἰσιν
1060 2493 1365 2576 ποιητικαί.
1456 2492 1545 2554 διὸ
1591 2492 1688 2554 καὶ
1731 2492 1972 2576 λέγομεν
2019 2492 2120 2561 τὰς
2161 2492 2374 2576 ἠθικὰς
2405 2490 2610 2576 ἀρετὰς
2657 2492 2802 2561 ἕξεις
2843 2491 2904 2555 ἐν
2953 2489 3118 2573 μεσό-

616 2618 745 2678 τητι
790 2594 967 2665 οὔσας
1010 2596 1220 2659 παθῶν
1266 2618 1327 2658 τε
1374 2595 1473 2658 καὶ
1516 2594 1777 2677 πράξεων
1824 2594 2150 2679 ὡρισμένας
2193 2599 2278 2679 τῷ
2327 2594 2493 2679 ὀρθῷ
2539 2594 2714 2679 λόγῳ.
3143 2609 3200 2652 ιο

784 2695 900 2762 Καὶ
954 2698 1190 2781 τοιαύτη
1248 2699 1348 2781 μὲν
1395 2698 1527 2781 περὶ
1579 2700 1761 2759 ταῦτα
1811 2700 1850 2781 ἡ
1907 2698 2176 2767 σύστασις
2227 2701 2343 2761 τῶν
2399 2696 2628 2781 ἠθικῶν
2683 2698 2926 2780 ἀρετῶν.
3015 2702 3118 2781 τῆς

618 2800 682 2863 δὲ
736 2802 1100 2886 διανοητικῆς
1150 2824 1214 2864 τε
1274 2800 1371 2863 καὶ
1424 2800 1607 2868 οὕτως
1663 2804 1897 2885 λογικῆς
1949 2806 2162 2887 ψυχῆς,
2215 2800 2342 2863 ἐπεὶ
2396 2801 2434 2883 ἡ
2493 2799 2596 2883 μέν
2653 2800 2773 2864 ἐστι
2827 2800 2956 2884 περὶ
3013 2800 3118 2883 τὴν

511 2921 575 2971 25
614 2910 823 2986 γνῶσιν
876 2910 992 2967 τῶν
1040 2904 1237 2967 ἀιδίων
1294 2926 1357 2967 τε
1414 2904 1509 2966 καὶ
1554 2904 1643 2966 ἀεὶ
1699 2904 1917 2985 ὁμοίως
1972 2902 2258 2989 ἐχόντων,
2315 2904 2353 2986 ἡ
2408 2902 2473 2965 δὲ
2524 2904 2653 2987 περὶ
2705 2904 2808 2987 τὴν
2863 2909 2978 2965 τῶν
3035 2904 3118 2965 ἐν·
3146 2917 3198 2960 15

616 3007 949 3091 δεχομένων
1018 3006 1112 3071 καὶ
1166 3004 1360 3075 ἄλλως
1418 3004 1607 3091 ἔχειν,
1672 3006 1754 3069 ὧν
1812 3008 1880 3069 τὸ
1937 3008 2039 3091 μὲν
2103 3008 2332 3091 πρῶτον
2389 3006 2861 3089 ἐπιστημονικόν,
2931 3008 2995 3069 τὸ
3051 3008 3114 3071 δὲ

616 3110 880 3193 δεύτερον
947 3108 1269 3193 λογιστικόν
1332 3132 1395 3172 τε
1454 3112 1739 3193 καλοῦμεν
1807 3110 1904 3171 καὶ
1969 3110 2364 3193 βουλευτικόν,
2431 3106 2592 3171 ἔσται
2645 3112 2741 3174 καὶ
2803 3110 2932 3195 περὶ
2991 3110 3118 3173 ἑκα·

616 3211 789 3295 τέραν
844 3214 1129 3298 ἐνέργειαν
1182 3217 1298 3275 τῶν
1356 3212 1676 3297 εἰρημένων
1732 3210 1796 3274 τό
1859 3234 1922 3274 τε
1975 3210 2040 3275 εὖ
2094 3212 2190 3275 καὶ
2242 3212 2308 3274 τὸ
2365 3211 2492 3274 κατ’
2557 3214 2789 3298 ἀρετήν.
2880 3210 3002 3276 ἔστι
3053 3215 3119 3277 δὲ
3145 3230 3203 3273 ω

618 3314 796 3399 ἀρετὴ
842 3319 1112 3399 γνώσεως
1157 3315 1441 3399 ἀλήθεια,
1496 3315 1535 3397 ἡ
1581 3314 1645 3376 δὲ
1691 3311 1824 3378 καθ’
1883 3315 2156 3400 ἑκατέραν
2213 3314 2449 3398 δύναμιν
2501 3320 2606 3399 τῆς
2649 3318 2881 3399 λογικῆς
2925 3320 3120 3401 ψυχῆς

513 3437 581 3485 30
620 3420 800 3504 ἀρετὴ
847 3420 978 3505 περὶ
1020 3420 1123 3503 τὴν
1173 3425 1278 3503 τῆς
1330 3416 1611 3501 ἀληθείας
1662 3422 1869 3497 γνῶσιν
1915 3414 2076 3481 ἔσται
2126 3422 2244 3481 τῶν
2291 3418 2712 3500 θεωρουμένων
2765 3417 2862 3481 ὑπ’
2917 3418 3117 3503 αὐτῆς,

620 3523 659 3604 ἡ
709 3522 811 3605 μὲν
858 3523 989 3607 περὶ
1032 3522 1101 3584 τὰ
1148 3522 1431 3605 βουλευτά
1471 3542 1534 3583 τε
1582 3520 1677 3582 καὶ
1717 3519 2070 3605 ἐνδεχόμενα
2115 3520 2306 3591 ἄλλως
2351 3519 2509 3605 ἔχειν
2555 3520 2812 3605 ἑπομένη
2855 3526 2932 3605 τῇ
2963 3522 3116 3605 ὀρθῇ

621 3624 805 3707 ὀρέξει
854 3624 923 3707 (ἡ
975 3622 1084 3709 γὰρ
1138 3624 1361 3707 εὖρεσίς
1412 3646 1476 3687 τε
1529 3622 1627 3685 καὶ
1678 3627 1886 3704 γνῶσις
1938 3628 2054 3685 τῶν
2109 3624 2530 3687 συντελούντων
2585 3626 2726 3709 πρὸς
2783 3624 2856 3687 τὰ
2911 3625 3120 3708 ὀρεκτὰ
3145 3640 3202 3683 25

620 3730 695 3809 τῇ
743 3726 899 3811 ὀρθῇ
949 3726 1131 3811 ὀρέξει
1175 3728 1407 3810 αἱρετή·
1471 3728 1574 3809 τὴν
1618 3726 1888 3809 τοιαύτην
1933 3726 2044 3793 ἕξιν
2099 3748 2161 3789 τε
2214 3728 2310 3789 καὶ
2363 3727 2574 3811 ἀρετὴν
2619 3730 2908 3809 καλοῦμεν
2961 3730 3121 3812 φρό-

621 3848 845 3912 νησιν·
909 3830 947 3912 ἡ
1002 3828 1110 3912 γὰρ
1166 3828 1443 3914 φρόνησις
1496 3830 1763 3914 εὑρετικὴ
1816 3832 1932 3891 τῶν
1987 3830 2131 3913 πρὸς
2181 3830 2278 3892 τὸν
2327 3828 2336 3915 Ι
2387 3830 2562 3915 ὀρθὸν
2616 3830 2829 3893 σκοπὸν
2887 3849 3076 3893 συντε-
3119 3839 3226 3895 289

518 3950 583 4001 35
623 3935 851 3995 λουσῶν
897 3930 1189 4016 πράξεων,
1245 3932 1335 3994 διὸ
1380 3934 1478 3995 καὶ
1520 3934 1622 4016 τὴν
1668 3930 1943 4016 φρόνησιν
1997 3933 2314 4016 πρακτικὴν
2373 3934 2583 4019 ἀρετήν
2631 3954 2852 4016 φαμεν,
2911 3932 3037 3997 ἐπεὶ
3081 3934 3119 4017 ἡ

621 4039 830 4119 γνῶσις
861 4033 1011 4117 αὐτῇ
1058 4035 1187 4118 περὶ
1220 4038 1336 4097 τῶν
1382 4036 1462 4103 εἰς
1504 4033 1795 4119 ὀρθότητα
1839 4033 2100 4117 πράξεων
2135 4036 2603 4120 συντελούντων),
2650 4037 2688 4120 ἡ
2734 4036 2798 4099 δὲ
2843 4036 2973 4119 περὶ
3017 4036 3120 4120 τὴν

621 4144 830 4223 γνῶσιν
875 4142 990 4200 τῶν
1036 4138 1237 4202 ἀιδίων
1284 4138 1593 4222 ἐνεργοῦσα
1645 4134 1769 4221 ἔχει
1824 4137 1928 4217 μὲν
1973 4136 2038 4199 τὸ
2093 4134 2159 4199 εὖ
2213 4138 2274 4201 ἐν
2317 4144 2392 4223 τῇ
2440 4145 2554 4203 τῶν
2611 4140 2672 4201 ἐν
2717 4139 2937 4208 τούτοις
2981 4138 3120 4225 ἀλη-
3175 4156 3204 4199 5

585 4322 838 4328 ——--.-
983 4322 1130 4329 *—
1251 4323 1320 4329 ——-

517 4431 547 4483 ⁶2
586 4432 783 4485 τούτων
820 4446 861 4483 s.
888 4448 933 4481 v.
966 4435 1011 4482 V
1208 4432 1240 4483 5
1278 4431 1365 4483 alt.
1392 4428 1444 4483 δὲ
1482 4444 1581 4482 om.
1620 4448 1651 4483 a
1686 4433 1773 4499 Sp.
1969 4432 2002 4485 8
2048 4432 2204 4501 μέσου
2243 4433 2318 4485 sic
2361 4431 2408 4483 V
2599 4432 2630 4485 9
2677 4430 2922 4487 δέδεικται
2961 4438 3049 4489 VB
3094 4438 3227 4491 vict.

514 4523 629 4587 Sp.:
688 4519 865 4589 ἔτυχεν
902 4521 1123 4573 MLSFa
1322 4518 1386 4571 10
1421 4518 1523 4589 εἴη]
1560 4519 1610 4571 εἴ
1642 4521 1712 4571 V¹
1753 4520 1903 4587 (corr.
1930 4519 2025 4585 V')
2245 4522 2302 4572 ll
2341 4526 2444 4571 τῶν
2481 4522 2538 4573 in
2577 4522 2650 4573 lit.
2693 4526 2739 4573 V
2959 4524 3020 4576 12
3057 4526 3090 4595 ἡ
3127 4540 3228 4579 om.

516 4624 548 4658 a
583 4609 672 4672 Sp.
916 4606 972 4657 17
1021 4606 1069 4658 αἱ
1107 4607 1217 4676 περὶ
1256 4606 1325 4657 V²
1366 4606 1496 4658 vict.
1536 4609 1651 4674 Sp.:
1706 4608 1815 4675 περὶ
1851 4609 2052 4661 V¹SFa
2265 4606 2330 4659 26
2368 4608 2456 4675 μὲν
2495 4624 2595 4661 om.
2633 4626 2665 4660 a
2701 4611 2788 4677 Sp.
3003 4611 3068 4663 29
3105 4613 3138 4681 ἡ
3175 4612 3228 4665 δὲ

514 4696 559 4746 Β
602 4694 737 4747 vict.
776 4696 889 4760 Sp.:
927 4690 960 4761 ἢ
1000 4690 1051 4745 δὲ
1089 4692 1185 4745 V²z
1231 4694 1263 4763 ἠ
1302 4692 1361 4745 οὒ
1398 4694 1537 4747 v1F:
1576 4692 1609 4764 ἢ
1647 4692 1705 4746 οὐ
1742 4696 1888 4747 S¹M2
1926 4693 1959 4764 ἦ
2000 4693 2052 4747 δὲ
2089 4694 2208 4749 8283
2247 4694 2280 4763 ἣ
2318 4694 2377 4747 οὖ
2415 4698 2457 4747 L
2653 4694 2723 4749 30
2757 4699 2866 4768 περὶ
2903 4701 3111 4767 scripsi:
3150 4700 3230 4753 ἐπὶ

515 4780 637 4834 libri
814 4778 881 4833 33
917 4780 1009 4850 τὴν
1046 4778 1098 4832 δὲ
1134 4780 1367 4850 τοιαύτην
1390 4780 1464 4831 V²
1638 4782 1705 4835 36
1742 4780 1876 4853 αὐτῇ
1910 4782 2190 4835 Schwartz:
2230 4782 2356 4853 αὕτη
2381 4784 2478 4836 V¹:
2518 4780 2644 4855 αὕτη
2684 4784 2781 4837 V':
2819 4784 2948 4856 αὒτὴ
2976 4803 3008 4837 a
3033 4788 3121 4854 Sp.

516 4867 583 4923 37
620 4872 742 4922 ante
778 4884 855 4939 pr.
884 4874 987 4921 τῶν
1026 4866 1162 4919 2-3
1200 4868 1299 4921 litt.
1338 4884 1514 4921 erasae
1551 4872 1599 4921 V
