3684 5567
537 263 663 328 180
1420 260 1874 319 ΑΛΕΞΑΝΔΡΟΥ
1911 260 2362 319 ΑΦΡΟΔῙΣΙΕΩΣ

641 436 835 499 εἵπετο
882 438 947 500 δὲ
988 442 1158 501 τοῦτο
1202 442 1287 522 τῷ
1334 442 1449 501 τῶν
1496 437 1904 522 πραττομένων
1951 435 2055 521 ὑφ’
2110 440 2282 521 ἡμῶν
2329 440 2410 521 μὴ
2455 436 2615 522 ἔχειν
2669 440 2825 521 ἡμᾶς
2869 440 3135 523 τοιαύτην

642 536 925 618 ἐξουσίαν,
974 543 1053 609 ὥς
1095 540 1378 605 δύνασθαι
1423 545 1494 603 τὰ
1539 541 1917 623 ἀντικείμενα.
1978 538 1986 627 Ι

796 640 1244 727 Ἀναιρουμένου
1289 645 1355 707 δὲ
1400 646 1482 711 ὥς
1526 644 1773 728 ἐδείχθη
1817 648 1921 705 τοῦ
1968 644 2392 729 βουλεύσασθαι
2443 643 2569 707 κατ’
2623 645 2832 715 αὐτοὺς
2885 648 3126 731 ἀναιρεῖ·
3149 652 3224 709 40
3261 650 3369 705 XII

637 766 727 805 ται
771 746 864 807 καὶ
909 747 975 809 τὸ
1022 744 1117 830 ἐφ’
1175 749 1315 830 ἡμῖν
1380 747 1704 829 προδήλως.
1794 750 1965 809 τοῦτο
2032 747 2138 831 γὰρ
2199 746 2296 830 ἐφ’
2351 750 2494 831 ἡμῖν
2559 748 2787 824 πάντες,
2854 748 2983 811 ὅσοι
3050 750 3131 833 μὴ

569 864 599 913 5
635 844 800 909 θέσει
843 851 948 912 τινὶ
988 850 1377 934 παρίστανται,
1425 848 1846 932 παρειλήφασιν
1892 848 2054 926 εἶναι,
2101 849 2168 913 οὗ
2214 851 2386 933 ἡμεῖς
2431 851 2534 931 μὲν
2579 853 2676 915 καὶ
2721 855 2822 914 τοῦ
2866 854 3134 936 πραχθῇ·

634 972 724 1013 ναι
769 952 864 1015 καὶ
909 958 1011 1017 τοῦ
1058 954 1139 1036 μὴ
1184 951 1521 1036 πραχθῆναι
1566 951 1771 1034 κύριοι,
1840 951 1954 1037 οὐχ
2001 952 2282 1034 ἑπόμενοί
2331 972 2476 1016 τισιν
2520 950 2738 1022 ἔξωθεν
2782 954 2942 1037 ἡμᾶς
2985 977 3134 1035 περι·
3185 970 3214 1012 5

634 1058 834 1117 στάσιν
878 1056 1080 1124 αἰτίοις
1122 1055 1257 1118 οὐδὲ
1304 1052 1616 1121 ἐνδιδόντες
1659 1052 1875 1128 αὐτοῖς,
1923 1050 1964 1137 ᾖ
2011 1054 2201 1118 ἐκεῖνα
2245 1056 2390 1137 ἄγει,
2453 1058 2546 1119 καὶ
2591 1058 2630 1140 ἡ
2676 1058 3021 1141 προαίρεσις,
3065 1058 3130 1119 τὸ

637 1154 776 1219 ἴδιον
844 1156 1008 1242 ἔργον
1052 1163 1169 1220 τῶν
1217 1158 1564 1242 ἀνθρώπων,
1632 1159 1762 1240 περὶ
1807 1156 2010 1220 ταύτό·
2076 1159 2115 1241 ἡ
2161 1157 2271 1241 γὰρ
2315 1158 2412 1221 ἐπὶ
2455 1160 2520 1221 τὸ
2564 1161 2874 1244 προκριθὲν
2919 1160 2985 1223 ἐκ
3029 1164 3134 1243 τῆς

633 1260 851 1344 βουλῆς
898 1260 1045 1343 μετὰ
1090 1260 1336 1345 ὀρέξεως
1380 1262 1537 1345 ὁρμὴ
1582 1260 1929 1343 προαίρεσις.
2005 1261 2094 1324 διὸ
2137 1259 2275 1323 οὐδὲ
2319 1261 2412 1323 ἐπὶ
2460 1266 2578 1330 τοῖς
2621 1263 2944 1345 ἀναγκαίως
2988 1286 3130 1345 γινο·
3158 1281 3214 1323 ιο

534 1380 596 1427 10
634 1362 827 1443 μένοις
869 1366 908 1448 ἡ
956 1365 1284 1449 προαίρεσις
1327 1363 1460 1425 οὔτε
1505 1363 1602 1425 ἐπὶ
1646 1368 1765 1431 τοῖς
1834 1364 1916 1446 μὴ
1963 1363 2288 1445 ἀναγκαίως
2334 1366 2437 1447 μὲν
2483 1366 2566 1448 μὴ
2633 1364 2704 1428 δι’
2759 1368 2929 1449 ἡμῶν
2995 1366 3130 1449 (δέ),

634 1465 753 1529 ἀλλ’
808 1466 944 1531 οὐδὲ
1008 1469 1069 1531 ἐν
1114 1472 1286 1531 πᾶσιν
1331 1472 1451 1535 τοῖς
1495 1466 1568 1529 δι’
1624 1469 1815 1549 ἡμῶν,
1879 1465 2000 1527 ἀλλ’
2077 1466 2137 1528 ἐν
2181 1466 2402 1536 τούτοις
2485 1472 2605 1537 τοῖς
2669 1468 2986 1552 γινομένοις
3037 1468 3116 1532 δι’

631 1572 823 1653 ἡμῶν,
871 1573 952 1633 ὧν
996 1572 1170 1654 ἡμεῖς
1214 1571 1309 1634 καὶ
1354 1575 1457 1632 τοῦ
1502 1570 1711 1654 πρᾶξαι
1776 1570 1874 1631 καὶ
1918 1572 2020 1631 τοῦ
2067 1571 2150 1653 μὴ
2217 1571 2426 1652 πρᾶξαι
2470 1572 2675 1655 κύριοι.
2765 1574 2796 1635 ό
2841 1572 2949 1656 γὰρ
2997 1573 3128 1656 βου·

629 1673 941 1755 λευόμενος
1006 1674 1141 1757 περί
1204 1696 1353 1741 τινος
1418 1671 1547 1757 ἤτοι
1614 1674 1743 1757 περὶ
1809 1676 1912 1735 τοῦ
1973 1674 2090 1735 δεῖν
2147 1673 2287 1736 αὐτὸ
2334 1676 2602 1758 πράττειν
2648 1676 2686 1758 ἢ
2736 1676 2816 1759 μὴ
2863 1677 3129 1757 πράττειν
3159 1690 3210 1731 15

636 1777 994 1860 βουλεύεται,
1040 1776 1079 1859 ἢ
1126 1776 1471 1849 σπουδάζων
1517 1779 1599 1844 ὡς
1644 1777 1773 1860 περὶ
1821 1776 2042 1858 ἀγαθόν
2088 1799 2140 1838 τι
2187 1781 2366 1860 ζητεῖ,
2411 1777 2486 1840 δι’
2543 1780 2624 1841 ὧν
2671 1776 2740 1840 ἂν
2784 1778 2989 1840 τούτου
3031 1777 3124 1840 τύ-

530 1898 589 1947 15
627 1902 750 1964 χοι·
801 1880 907 1943 κᾶν
940 1880 1043 1960 μὲν
1075 1879 1338 1963 ἀδυνάτῳ
1371 1881 1475 1941 τινὶ
1509 1883 1700 1962 ζητῶν
1746 1881 1984 1965 ἐντύχῃ,
2029 1886 2132 1944 τοῦ
2179 1882 2282 1961 μὲν
2328 1881 2653 1964 ἀφίσταται,
2712 1880 3018 1964 ἀφίσταται
3061 1882 3127 1943 δὲ

628 1986 845 2066 ὁμοίως
911 1984 1009 2045 καὶ
1059 1986 1177 2045 τῶν
1224 1983 1481 2044 δυνατῶν
1526 1982 1652 2065 μέν,
1719 1984 1825 2046 οὐκ
1890 1982 2071 2046 ὄντων
2117 1984 2181 2045 δὲ
2227 1982 2320 2046 ἐπ’
2376 1983 2560 2068 αὐτῷ,
2631 1982 2788 2067 μένει
2832 1984 2897 2048 δὲ
2941 1984 3002 2046 ἐν
3047 1988 3120 2064 τῇ

625 2088 755 2171 περὶ
799 2090 903 2149 τοῦ
948 2084 1327 2170 προκειμένου
1374 2085 1631 2169 ζητήσει,
1678 2085 1791 2155 ἕως
1836 2086 1906 2149 ἄν
1951 2086 2168 2171 ἐντύχῃ
2217 2086 2339 2155 τινί,
2385 2086 2454 2149 οὔ
2499 2088 2603 2170 τὴν
2648 2086 2905 2155 ἐξουσίαν
2949 2085 3123 2154 αὐτὸς
3149 2103 3206 2144 2⁰

627 2187 785 2274 ἔχειν
838 2188 1160 2264 πέπεισται,
1228 2185 1358 2269 μεθ’
1418 2188 1449 2251 ὃ
1496 2190 1862 2272 παυσάμενος
1926 2194 2028 2252 τοῦ
2097 2190 2481 2273 βουλεύεσθαι
2535 2193 2618 2259 ὡς
2670 2191 2974 2272 ἀναγαγὼν
3019 2190 3121 2273 τὴν

628 2296 866 2377 ζήτησιν
912 2291 1011 2377 ἐφ’
1068 2290 1230 2365 αὑτό,
1278 2290 1311 2353 ‘0⁷
1355 2291 1507 2353 ἐστιν
1556 2292 1712 2377 ἀρχὴ
1759 2298 1878 2354 τῶν
1923 2293 2206 2376 πράξεων,
2254 2293 2498 2378 ἄρχεται
2543 2298 2645 2378 τῆς
2689 2294 2832 2377 πρὸς
2875 2294 2940 2355 τὸ
2987 2314 3120 2375 προ-

520 2417 587 2463 20
624 2396 884 2479 κείμενον
929 2394 1206 2479 πράξεως.
1281 2395 1495 2477 γίνεται
1539 2396 1605 2458 δὲ
1648 2398 1745 2459 καὶ
1790 2398 1829 2479 ἡ
1877 2398 2116 2481 ζήτησις
2159 2397 2318 2482 αὐτῷ
2367 2400 2446 2465 ὡς
2477 2395 2735 2465 ἐξουσίαν
2781 2394 2975 2480 ἔχοντι
3017 2398 3119 2457 τοῦ

624 2502 889 2584 πράττειν
935 2499 1031 2562 καὶ
1076 2499 1147 2561 τὰ
1193 2498 1572 2579 ἀντικείμενα.
1663 2498 1797 2561 καθ’
1856 2499 2097 2563 ἕκαστον
2163 2499 2274 2583 γὰρ
2335 2503 2454 2563 τῶν
2515 2500 2628 2561 ὑπὸ
2671 2499 2774 2582 τὴν
2821 2497 3034 2583 βουλὴν
3077 2498 3202 2580 ἡκ

626 2607 863 2689 ζήτησις
910 2600 1312 2688 βουλευομένῳ
1356 2601 1587 2682 γίνεται,
1632 2599 1874 2685 πότερον
1919 2606 2088 2665 τοῦτο
2133 2603 2172 2686 ἢ
2220 2604 2284 2683 τὸ
2331 2603 2716 2685 ἀντικείμενον
2761 2601 2924 2686 αὐτῷ
2977 2624 3116 2683 πρα-

625 2708 789 2771 κτέον
823 2730 941 2791 μοι,
988 2704 1093 2768 κᾶν
1124 2707 1309 2767 πάντα
1340 2703 1483 2787 λέγῃ
1522 2705 1784 2786 γίνεσθαι
1816 2704 1952 2767 καθ’
1991 2706 2364 2789 εἱμαρμένην.
2440 2705 2668 2790 ἐλέγχει
2698 2705 2804 2788 γὰρ
2837 2706 2876 2787 ἢ
2908 2702 2968 2765 ἐν
2999 2706 3120 2770 τοῖς

622 2814 895 2896 πρακτοῖς
928 2810 1179 2893 ἀλήθεια
1209 2808 1312 2875 τὰς
1342 2808 1472 2890 περὶ
1502 2808 1694 2871 αὐτῶν
1726 2808 2140 2893 ἡμαρτημένας
2171 2809 2362 2879 δόξας·
2397 2809 2468 2893 ἢν
2499 2810 2720 2892 πλάνην
2751 2812 2956 2875 κοινῶς
2985 2806 3120 2867 πάν·

514 2936 579 2985 25
620 2938 720 2983 τας
764 2914 1109 2996 ἀνθρώπους
1157 2911 1269 2973 ὑπὸ
1315 2915 1420 2995 τῆς
1463 2910 1698 2993 φύσεως
1742 2912 2149 2995 πεπλανῆσθαι
2194 2916 2322 2980 πῶς
2366 2912 2472 2974 οὐκ
2515 2911 2730 2974 ἄτοπον
2773 2910 2987 2991 λέγειν;
3035 2907 3121 2971 ὅτι
3145 2924 3202 2965 ³⁰

618 3019 726 3102 γὰρ
770 3018 983 3101 ταύτην
1029 3013 1188 3100 ἔχειν
1234 3014 1337 3096 τὴν
1384 3012 1643 3082 ἐξουσίαν
1712 3014 1770 3076 ἐν
1815 3019 1937 3084 τοῖς
1981 3018 2254 3100 πρακτοῖς
2298 3015 2752 3097 προειλήφαμεν,
2821 3016 2900 3081 ῶς
2957 3012 3120 3074 δύνα-

621 3122 759 3185 σθαι
804 3118 1149 3202 διαιρεῖσθαι
1194 3117 1259 3178 τὸ
1304 3118 1712 3200 ἀντικείμενον,
1758 3119 1854 3181 καὶ
1900 3119 1981 3201 μὴ
2029 3124 2140 3181 πᾶν
2187 3120 2218 3183 ὃ
2265 3118 2589 3201 αἱρούμεθα
2627 3115 2787 3201 ἔχειν
2819 3112 3111 3200 προκατωὶ

622 3223 983 3309 βεβλημένοις
1026 3222 1230 3294 αἰτίας,
1299 3217 1368 3283 δι’
1427 3220 1495 3289 ἃς
1540 3220 1653 3305 οὐχ
1698 3220 1819 3283 οἷόν
1866 3245 1929 3285 τε
1974 3224 2131 3305 ἡμᾶς
2185 3223 2267 3305 μὴ
2325 3224 2494 3283 τοῦτο
2561 3220 2874 3305 αἱρεῖσθαι,
2943 3218 3110 3301 ἱκανὴ
3150 3225 3224 3281 42

620 3326 799 3396 δεῖξαι
842 3327 937 3390 καὶ
981 3327 1020 3408 ἠ
1067 3325 1163 3387 ἐπὶ
1192 3329 1313 3393 τοῖς
1341 3324 1653 3408 αἱρεθεῖσιν
1682 3324 1954 3408 γινομένη
1999 3325 2276 3393 πολλάκις
2321 3325 2617 3407 μετάνοια.
2709 3327 2789 3393 ὥς
2831 3324 2940 3407 γὰρ
2985 3324 3110 3386 ἐνὸν

515 3451 583 3499 3ο
622 3433 761 3514 ἡμῖν
806 3430 903 3494 καὶ
948 3430 1032 3512 μὴ
1076 3427 1339 3512 ᾑρῆσθαι
1384 3428 1480 3491 καὶ
1526 3429 1609 3511 μὴ
1656 3427 2018 3512 πεπραχέναι
2063 3432 2230 3490 τοῦτο
2277 3427 2667 3510 μετανοοόμέν
2727 3450 2788 3490 τε
2836 3430 2931 3490 καὶ
2977 3450 3116 3511 μεμ-
3169 3444 3198 3485 5

618 3534 857 3621 φόμεθα
902 3534 1096 3601 αὑτοῖς
1138 3537 1243 3616 τῆς
1287 3533 1413 3615 περὶ
1460 3532 1563 3615 τὴν
1610 3532 1823 3615 βουλὴν
1871 3532 2192 3614 ὀλιγωρίας.
2283 3531 2432 3593 ἀλλὰ
2489 3528 2594 3594 κᾶν
2639 3530 2852 3599 ἄλλους
2895 3528 3112 3613 ἴδωμεν

513 3795 544 3847 2
582 3794 819 3849 δύνασθαι
852 3794 1129 3865 (πράττειν)
1167 3795 1212 3845 O
1496 3791 1526 3843 5
1564 3788 1647 3858 οὖ]
1686 3786 1729 3859 ᾧ
1770 3790 1923 3860 Casp.
1962 3794 2007 3844 O
2279 3794 2327 3844 6.
2365 3791 2396 3842 ’7
2444 3797 2733 3861 παριστᾶσιν
2769 3791 2875 3844 a¹²z
2911 3792 3219 3865 περιισταμέ-

510 3902 613 3941 νοις
654 3882 722 3937 13²
1026 3881 1057 3932 7
1104 3878 1273 3938 αὐτοῖς
1319 3878 1511 3943 (αὒτοισ
1547 3882 1616 3939 V)
1660 3876 1762 3929 8¹²:
1807 3880 1978 3937 αὺτοῖς
2011 3882 2081 3931 B:
2130 3877 2312 3935 αὖτοὺς
2356 3878 2518 3933 Lond.
2557 3882 2628 3932 O:
2684 3878 2823 3932 αὐτοὶ
2873 3883 2982 3933 ES:
3037 3880 3222 3937 αὐτοὺς

512 3988 628 4041 cas.
806 3981 839 4057 ᾖ
888 3984 947 4036 ἂν
985 3988 1029 4038 o
1263 3982 1369 4052 ἄγει
1404 3982 1587 4036 B²a1²=
1634 3972 1731 4055 ἅγή
1780 3986 1856 4037 sie
1897 3989 1958 4036 v=
2005 3984 2100 4054 ἄγη
2138 3986 2372 4038 313Εᾶ
2431 3986 2526 4055 ἄγῃ
2565 3989 2610 4039 o
2825 3986 2856 4037 8
2893 3985 3004 4056 περὶ
3037 3984 3218 4048 ταύτό]

508 4150 659 4199 τοῦτο
696 4146 809 4197 ES:
864 4145 976 4214 περὶ
1020 4140 1367 4201 ταῦτεξούσιον
1411 4142 1559 4211 Casp.
1602 4147 1647 4196 O
1884 4143 1942 4195 τὸ
1992 4158 2089 4197 om.
2130 4148 2175 4197 O
2397 4145 2457 4197 10
2511 4146 2598 4199 alt.
2647 4146 2742 4215 μὴ]
2795 4074 2914 4215 ἧμιῗ
2959 4145 3055 4207 (εἰσ
3099 4144 3134 4195 i.
3169 4160 3214 4195 e.

508 4233 627 4303 ἡμιν
672 4248 799 4285 corr.
850 4248 895 4283 v·
932 4248 975 4283 e.
1012 4234 1071 4283 in
1120 4231 1211 4301 μὴ)
1258 4234 1321 4281 V:
1373 4232 1490 4300 ἡμῖν
1538 4229 1640 4282 8¹²:
1696 4231 1767 4301 μὴ
1815 4230 1969 4283 3²11:
2025 4231 2066 4284 el
2113 4232 2184 4301 μὴ
2225 4232 2386 4285 Lond.
2435 4236 2480 4287 O
2693 4232 2746 4285 δὲ
2784 4232 2899 4285 add.
2939 4230 3008 4283 ΒΒ

513 4320 576 4372 12
634 4338 711 4389 pr.
748 4321 838 4371 καὶ
884 4334 981 4371 om.
1020 4318 1099 4370 οη
1344 4319 1509 4388 κύριοι
1554 4320 1699 4387 ἐσμέν
1736 4323 1834 4372 ΗΟ
2088 4322 2148 4372 14
2205 4319 2393 4391 ἀγαθόν
2431 4322 2552 4373 1:13²
2587 4322 2726 4374 Casa
2785 4318 2991 4390 αγαθιίίν
3036 4321 3114 4373 sic
3153 4324 3216 4370 V:

508 4421 716 4492 ἀγαθῶν
753 4424 831 4477 ει12
1048 4425 1109 4477 15
1148 4412 1464 4477 ἀδυνάτατωι
1503 4426 1579 4477 sic
1614 4430 1663 4479 V
1877 4425 2063 4494 ἐντύχῃ
2111 4427 2324 4493 scripsi:
2381 4426 2510 4498 τύχῃ
2553 4429 2616 4477 V:
2670 4424 2814 4497 τύχοι
2861 4424 2962 4476 21¹²:
3017 4423 3218 4496 ἐντύχοι

510 4512 627 4564 Cas.
840 4511 954 4581 τοῦ]
994 4510 1091 4563 κᾶν
1130 4513 1293 4565 Lond.
1514 4514 1574 4565 16
1630 4514 1762 4581 μένει
1800 4512 1868 4565 13²
1906 4512 2068 4565 Lond.
2109 4516 2172 4567 O:
2229 4514 2272 4565 εἰ
2313 4512 2439 4565 Va¹²
2655 4512 2716 4565 17
2773 4513 2973 4583 ἐντύχοι
3007 4510 3078 4564 B²

514 4599 577 4651 18
630 4600 908 4669 πέπεισται]
966 4600 1279 4653 πεπίστευται
1325 4602 1404 4653 8¹²
1633 4600 1922 4670 ἀναγαγὼν]
1979 4603 2194 4655 alterum
2231 4620 2260 4671 γ
2297 4604 2354 4654 in
2393 4603 2469 4654 lit.
2510 4607 2555 4652 V
2764 4602 2844 4654 19.
2883 4600 2952 4653 20
2987 4599 3216 4670 προσκεί-
3247 4591 3258 4602 ”

508 4720 657 4772 μενον
694 4708 739 4758 Ο
919 4704 981 4757 21
1024 4691 1152 4758 καθ’
1181 4708 1257 4758 sic
1288 4710 1333 4758 V
1512 4706 1579 4758 23
1615 4704 1860 4776 γίνεσθαι]
1899 4726 1914 4758 ι
1951 4707 2008 4758 in
2045 4707 2121 4758 lit.
2165 4708 2210 4757 V
2435 4706 2500 4758 26
2539 4721 2646 4759 τοισ
2684 4710 2730 4757 V
2915 4704 2980 4756 27
3020 4704 3214 4773 διαιρεῖ·

510 4788 645 4859 σθαι]
684 4790 900 4845 fortasse
936 4792 1257 4865 αἱρεῖσθαι
1424 4794 1490 4846 28
1530 4792 1769 4865 αἰρεισθαι
1790 4798 1839 4844 V
2007 4793 2074 4845 30
2109 4794 2231 4863 ἡμῖν
2267 4794 2436 4847 καὶτὸ
2475 4794 2546 4863 μὴ
2573 4795 2654 4845 a¹²
2815 4790 3040 4864 ἡρεῖσθαι
3065 4792 3146 4846 ⁸¹²

510 4880 569 4931 31
617 4878 802 4947 ἰδῶμεν
844 4885 889 4933 V
