3684 5567
692 279 1065 364 Θεόφραστος

409 450 451 505 Θ
463 472 486 506 ε
500 453 526 504 ό
536 471 572 520 φ
584 470 610 523 ρ
621 471 655 504 α
664 467 691 504 σ
701 471 730 504 τ
741 471 767 506 ο
779 471 802 510 ς
857 453 908 504 ἐν
955 459 1054 511 τοῖς
1096 449 1343 523 Ὕστέροις
1398 455 1714 513 ἀναλυτικοῖς

512 538 670 602 4238

408 625 682 697 Θυέστης
719 626 905 693 203,27

397 713 444 769 ’l
458 713 645 783 σθμια
691 715 877 779 194,30

409 799 683 860 Καλλίας
718 802 804 866 8,2

409 887 810 961 Κηνσωρῖνος
843 889 870 943 δ
891 887 1276 960 Ἀκαδημαϊκός.
1325 888 1402 944 ὅτι
1427 893 1496 962 μὴ
1523 891 1712 960 ὁμοίως

512 979 644 1030 κατά
679 996 734 1031 τε
769 979 858 1036 τὰς
883 976 1036 1036 ἄλλας
1063 977 1269 1048 αἱρέσεις
1306 979 1392 1030 καὶ
1425 975 1538 1032 κατ’
1574 975 1708 1032 Ἐπί·
1773 973 1786 979 ’

514 1083 696 1137 κουρον
731 1066 975 1136 εἰσάγεται
1019 1067 1085 1118 τὰ
1118 1064 1386 1139 χρώματα,
1433 1066 1505 1124 ὡς
1543 1067 1710 1136 ἔλεγεν

513 1149 578 1206 K.
603 1151 632 1205 ὁ
663 1148 739 1206 Ἀ.
767 1153 922 1216 25,19
939 1169 1018 1221 sq.

409 1237 740 1313 Κορίνθιος
775 1241 892 1294 vide
918 1237 1145 1311 Πόλυβος

405 1325 592 1386 Λάιος
628 1327 1099 1392 202,8.15.16.18
1137 1329 1291 1396 203,8

405 1413 755 1474 Λεύκιππος
792 1415 983 1480 213,22

407 1499 831 1573 Μιτυληναῖος
868 1503 987 1556 vide
1013 1503 1262 1561 Πιττακός

399 1585 706 1659 Ὀλύμπια
748 1590 937 1656 194,30

407 1675 766 1748 Περίπατος.
821 1680 869 1732 οἱ
904 1678 1004 1731 ἀπὸ
1027 1683 1117 1732 τοῦ
1145 1676 1206 1732 Π.
1231 1679 1362 1747 (περὶ
1387 1679 1707 1750 εἱμαρμένης)

515 1767 707 1830 171,17
781 1767 829 1820 οἱ
873 1768 1174 1837 προάγοντες
1215 1767 1304 1820 τὸν
1341 1765 1707 1840 Ἀριστοτέλους

506 1853 652 1922 λόγον
693 1855 826 1925 (περὶ
860 1851 1112 1925 προνοίας)
1150 1854 1304 1920 70,·26

405 1937 446 1992 {l
461 1957 592 1992 ιττα
605 1939 674 1993 κὸ
687 1960 710 2000 ς
729 1939 1106 2011 ὁΜιτυληναῐος
1125 1939 1271 1994 διπλᾶ
1289 1941 1506 2010 ἐπιτίμια
1527 1940 1704 2011 ὥρισεν

506 2035 610 2080 τῶν
637 2029 770 2097 παρὰ
796 2026 955 2098 μέθην
983 2027 1406 2099 ἁμαρτανομένων
1435 2030 1618 2092 158,30

403 2114 665 2168 Πλάτων
685 2114 927 2168 Timaeus
947 2115 1042 2168 521»
1070 2115 1192 2180 4‚10
1239 2117 1548 2170 Theaetetus
1574 2117 1704 2169 176·

509 2201 662 2266 32,15
701 2203 764 2256 cf.
791 2202 962 2267 88,13.
988 2204 1050 2256 19

401 2289 814 2343 Πλατωνικοί.
885 2289 1008 2361 πρὸς
1042 2293 1159 2349 τοὺς
1195 2287 1553 2348 Πλατωνικοὺς
1588 2293 1706 2349 τοὺς

506 2377 565 2429 ἐκ
601 2383 705 2430 τῶν
729 2379 990 2450 τριγώνων
1024 2380 1090 2431 τὰ
1115 2379 1350 2448 σχήματα
1387 2378 1471 2430 καὶ
1507 2379 1572 2430 τὰ
1594 2377 1701 2449 εἴδη

505 2471 608 2517 τῶν
646 2467 900 2534 σωμάτων
937 2463 1222 2537 συγκεῖσθαι
1257 2466 1504 2536 λέγοντας,
1543 2465 1602 2519 οὐ
1639 2467 1704 2518 τὰ

504 2552 715 2620 σώματα
744 2553 1004 2618 58,3-34
1077 2553 1283 2612 ἑαυτοὺς
1318 2554 1606 2612 πεπεικότες
1632 2555 1702 2612 ὡς

504 2639 658 2710 μηδὲν
691 2637 1054 2711 Ἀριστοτέλους
1089 2644 1198 2712 περὶ
1241 2641 1473 2711 προνοίας
1508 2643 1702 2714 εἰρηκό-

502 2745 589 2786 τος
625 2727 788 2794 70,34
867 2729 930 2782 cf.
969 2730 1102 2800 (περὶ
1151 2732 1406 2798 σωμάτων
1442 2731 1700 2798 γενέσεως)

503 2813 658 2882 214,5
697 2815 885 2880 215,22

401 2900 630 2961 Πὺθιος
666 2903 819 2968 202,9
858 2902 1028 2968 203,8.
1055 2905 1117 2956 16
1156 2903 1347 2963 2Ο4,24

400 2989 682 3060 Πόλυβος
719 2988 748 3042 ὁ
784 2987 1050 3056 Κορίνθιος
1086 2991 1278 3057 202,18

401 3075 672 3148 Πρίαμος
715 3078 898 3144 187,16

399 3161 880 3235 Σαρδανάπαλος
921 3167 1070 3232 144‚7

398 3251 673 3324 Σέβηρος
715 3253 866 3320 164,3

397 3338 648 3411 Σκύθης
692 3340 866 3406 160,11

399 3425 559 3480 Στοά
594 3428 662 3492 (οἱ
698 3428 797 3482 ἀπὸ
834 3432 926 3498 τῆς
952 3425 1059 3492 Στ.)
1096 3429 1160 3482 de
1183 3429 1290 3483 fato
1323 3429 1702 3494 mas-172,

512 3515 570 3568 16
633 3517 766 3570 hanc
791 3516 1078 3570 doctrinam
1115 3533 1181 3569 ne
1217 3518 1322 3585 ipsi
1360 3519 1568 3585 quidem
1596 3520 1703 3571 vita

504 3609 808 3672 sequuntur,
833 3605 960 3672 quia
985 3605 1210 3656 humana
1235 3607 1417 3657 evertit
1445 3605 1700 3669 186,13—

509 3691 662 3756 189,8
699 3691 764 3743 ef.
797 3690 982 3754 190,19
1043 3692 1297 3760 improbis
1319 3693 1588 3761 ignoscere
1615 3693 1704 3746 de-

507 3779 632 3831 bent
674 3777 832 3840 189,9
905 3779 1067 3832 fatum
1115 3794 1222 3831 non
1269 3779 1474 3833 obstare
1520 3780 1704 3834 dicunt

505 3869 780 3935 quominus
817 3867 1020 3935 legibus
1056 3868 1242 3936 poenis
1288 3866 1528 3920 laudibus
1566 3870 1698 3920 vitu—

503 3956 769 4023 peratione
815 3960 1032 4007 utantur
1077 3953 1231 4016 207,5
1247 3983 1307 3990 —
1325 3955 1385 4006 21
1471 3955 1698 4008 refutan-

505 4027 592 4094 tur
623 4041 1078 4108 207,21-210,18
1149 4057 1254 4094 non
1293 4043 1499 4095 obstare
1535 4043 1697 4096 fatum

504 4131 783 4197 quominus
822 4128 1090 4182 laudemus
1126 4136 1178 4182 et
1200 4130 1552 4198 vituperemus
1579 4131 1701 4195 210,

507 4216 568 4269 19
586 4216 782 4283 -211,
801 4217 834 4269 4
923 4216 1213 4270 refutantur
1265 4217 1383 4281 211,
1404 4217 1646 4282 4-212,
1665 4219 1698 4272 5

503 4303 687 4372 Oedipi
723 4303 951 4357 fabulam
996 4305 1403 4372 interpretantur
1440 4304 1696 4370 202,12-

503 4391 569 4444 24
639 4391 932 4444 refutantur
977 4391 1096 4456 202,
1109 4390 1414 4458 25—204,5
1485 4393 1698 4446 deorum

503 4479 830 4548 providentia
870 4478 966 4532 fati
1011 4479 1295 4532 doctrinam
1333 4481 1541 4533 firmant
1580 4480 1698 4544 200,

507 4566 741 4619 12-15.
771 4565 998 4620 29-30
1083 4566 1376 4620 refutantur
1423 4567 1698 4632 2ΟΟ,16-

509 4653 664 4718 202,5
734 4655 828 4706 fati
867 4653 1102 4708 doctrina
1121 4655 1407 4708 Stoicorum
1445 4655 1698 4723 periculo-

1366 283 1423 334 ΙΙ
1496 283 1746 336 INDEX
1799 283 2165 336 NOMINUM

2480 277 2824 364 Χρύσιππος
2994 277 3119 342 275

1924 456 2029 508 sior
2078 453 2409 507 Aristotelica
2460 451 2620 518 191,2
2650 467 2725 520 sq.
2817 450 2879 502 de
2928 451 3117 504 mundo

1925 539 2373 604 191‚30—192,28
2433 540 2497 593 de
2525 541 2697 592 causis
2730 538 2877 603 192,ss
2899 553 2974 604 sq.
3036 541 3117 589 ut-

1920 645 2136 698 rumque
2169 627 2419 682 refutatur
2457 625 2869 691 193,1-196,12
2906 627 2969 678 de
2993 640 3118 676 casu

1927 717 2076 782 17452
2096 732 2171 784 sq.
2242 717 2305 768 de
2342 731 2403 768 eo
2450 714 2587 783 quod
2629 714 2740 766 fieri
2789 717 2963 782 potest
3002 710 3117 777 175,

1921 806 1951 857 7
1973 821 2049 872 sq.
2132 804 2329 870 aliquid
2384 803 2495 854 fieri
2558 817 2710 870 posse
2766 801 3119 852 demonstrare

1920 899 2174 946 conantur
2198 889 2513 955 8,31--13,9
2554 886 2879 954 176,15—23
2936 887 3118 940 discri-

1921 997 2035 1034 men
2083 996 2196 1032 esse
2232 981 2471 1032 statuunt
2516 978 2651 1029 inter
2696 976 2775 1038 id,
2822 976 2959 1042 quod
3005 974 3117 1026 fieri

1921 1073 2094 1136 potest
2130 1073 2183 1120 et
2223 1065 2569 1119 necessarium
2616 1062 2912 1125 177,8-14
2984 1061 3116 1114 refu-

1918 1161 2097 1208 tantur
2136 1150 2557 1218 177,14-178,7
2632 1152 2695 1205 de
2737 1151 2901 1204 libera
2936 1150 3115 1201 volun-

1918 1250 2024 1296 tate
2060 1241 2141 1310 (τὸ
2180 1237 2264 1312 ἐφ’
2304 1239 2447 1310 ἡμῖν)
2486 1238 2953 1302 181,13-182,19
3001 1236 3117 1302 185,

1918 1331 2093 1382 8-10
2158 1328 2271 1394 196,
2292 1327 2597 1392 24-197‚3
2659 1325 2962 1388 205,1-12
3037 1341 3115 1377 re·

1915 1418 2152 1471 futantur
2207 1414 2475 1478 182,2Ο-
2496 1413 2689 1480 186,12
2752 1412 3116 1478 197,3--2ΟΟ,

1922 1507 1985 1560 12
2031 1503 2387 1570 205,12-22
2460 1502 2525 1554 de
2570 1503 2797 1570 peccatis
2834 1505 2887 1554 et
2935 1501 3117 1568 poenis

1918 1590 2336 1656 205,27--206,2
2408 1589 2697 1643 refutant-ur
2734 1587 3114 1654 206‚2—·207,4

1918 1679 2005 1733 δυο
2044 1681 2203 1754 ἀρχὰς
2226 1685 2331 1732 τῶν
2360 1679 2566 1730 πάντων
2602 1675 2798 1745 λέγουσι
2834 1675 2955 1727 εἶναι
2990 1672 3114 1744 ὕλην

1916 1787 1970 1822 τε
2007 1769 2093 1821 καὶ
2130 1767 2246 1821 θεόν
2276 1765 2463 1827 224,33
2537 1767 2731 1832 πνεῦμα
2768 1762 3114 1824 223,6--226,

1916 1856 1983 1908 34
2054 1855 2168 1913 θεός
2213 1852 2667 1919 224,32--226,24
2738 1849 2959 1919 φθείρων
3002 1851 3114 1902 ἐαυ-

1915 1943 1999 1995 τόν
2038 1942 2228 2008 226,23
2300 1941 2351 1994 ἐν
2388 1939 2669 2009 ἐκπυρώσει
2697 1937 2887 2002 226,18
2960 1956 3113 2007 προη-

1914 2029 2153 2098 γοὺμενον
2196 2029 2337 2101 ἔργον
2376 2028 2573 2093 226,26
2646 2025 2941 2097 δημιουργὸς
2979 2040 3113 2077 σκω-

1911 2118 2089 2187 λήκων
2127 2116 2332 2180 226,28.
2364 2145 2427 2153 -
2468 2115 2714 2184 μαντικὴν
2753 2114 2904 2182 μόνον
2940 2112 3114 2173 σώζειν

1913 2204 2111 2275 λέγουσι
2147 2204 2327 2267 202,1.
2350 2234 2411 2243 -
2440 2204 2552 2273 περὶ
2588 2203 2815 2274 κράσεως
2851 2200 3013 2261 216,5
3035 2217 3111 2268 sq.

1914 2294 1963 2346 ot
2000 2294 2348 2364 προιστάμενοι
2384 2291 2534 2362 τῆσδε
2570 2295 2661 2360 τῆς
2686 2289 2981 2357 (Chrysippi
3004 2289 3115 2356 περὶ

1912 2381 2162 2453 κράσεως)
2208 2380 2355 2450 δόξης
2400 2378 2600 2442 217,13
2682 2377 2727 2430 οἱ
2770 2381 2861 2446 τῆς
2899 2372 3113 2448 Ἄριστο-

1910 2469 2085 2527 τέλους
2121 2466 2268 2539 δόξης
2314 2465 2518 2538 ὕστερον
2564 2467 2775 2520 ἀκοῦσαι
2822 2461 3114 2533 δυνηθέντες

1912 2556 2119 2620 216,10.
2159 2585 2221 2593 ——
2264 2555 2547 2608 secundum
2574 2569 2662 2606 eos
2697 2553 2909 2620 σώματα
2933 2547 3000 2603 δι’
3029 2549 3112 2602 ἀλ-

1910 2642 2084 2714 λήλων
2121 2643 2285 2696 δίεισιν
2323 2641 2455 2696 καθὸ
2493 2643 2651 2711 μεστά
2688 2640 2885 2706 219,10
2956 2639 3111 2703 (refu—

1914 2737 2053 2784 tatur
2078 2748 2192 2784 cum
2220 2730 2403 2794 219,11
2424 2746 2499 2797 sq.
2539 2737 2646 2781 tum
2676 2727 2865 2791 22Ο,22
2877 2730 2975 2795 sq.)
3011 2727 3110 2780 σώ-

1914 2837 2051 2887 ματα
2086 2817 2460 2890 παρεκτείνεται
2495 2819 2581 2868 καὶ
2618 2815 2842 2885 μίγνυται
2879 2811 2937 2868 δι’
2976 2812 3110 2868 ὅλων

1912 2907 1975 2957 τὰ
2008 2905 2059 2966 ἐξ
2096 2907 2257 2978 ἀρχῆς
2291 2906 2502 2975 μένοντα
2538 2905 2805 2970 (refutatur
2842 2902 3109 2967 220,23-

1912 2992 2121 3058 221,25)
2174 2998 2345 3064 κρᾶσις
2371 2995 2503 3045 κατὰ
2528 2991 2755 3062 διαίρεσιν
2792 2992 2977 3061 γίνεται
3014 2995 3110 3055 (re-

1912 3080 2109 3132 futatur
2133 3079 2639 3146 221,25-222,25).
2696 3079 2723 3133 ὁ
2746 3082 2857 3152 περὶ
2883 3081 3111 3149 κράσεως

1911 3169 2020 3234 (καὶ
2058 3169 2083 3222 ὁ
2121 3168 2231 3240 περὶ
2266 3170 2451 3238 ψυχῆς,
2490 3165 2628 3232 θεοῦ,
2665 3167 2964 3237 εἱμαρμένης
2990 3168 3109 3233 rte.)

1910 3254 2059 3324 λόγος
2082 3255 2296 3326 ἤρτηται
2320 3257 2381 3308 ἐκ
2406 3259 2495 3307 τοῦ
2521 3260 2671 3324 σῶμα
2695 3261 2878 3328 χωρεῖν
2907 3254 2987 3307 διὰ
3012 3255 3109 3306 σώ-

1912 3361 2067 3411 ματος
2104 3343 2259 3406 227,5
2316 3349 2539 3416 χρῶνται
2573 3349 2680 3402 ταῖς
2712 3349 2816 3395 τῶν
2852 3340 2999 3413 ζῴων
3032 3341 3110 3394 διὰ

1912 3435 2100 3500 τροφῆς
2112 3430 2371 3501 αὐξήσεσιν
2393 3431 2513 3500 πρὸς
2526 3431 2846 3500 κατασκευὴν
2859 3435 2949 3481 τοῦ
2964 3435 3111 3498 σῶμα

1911 3517 1991 3571 διὰ
2027 3519 2261 3587 σώματος
2303 3527 2488 3591 χωρεῖν
2527 3519 2716 3584 233,15
2788 3523 2885 3586 πῦρ
2923 3517 3109 3588 σιδήρῳ

1912 3603 2175 3674 μίγνυσθαι
2211 3607 2394 3659 dicunt
2432 3607 2621 3670 222‚36
2680 3608 2804 3659 haec
2841 3611 2892 3659 et
2919 3606 3111 3658 similia

1916 3691 2203 3745 refutantur
2248 3693 2367 3758 222,
2382 3693 2703 3757 26—223‚6
2775 3693 2863 3746 τὸν
2910 3693 3109 3763 σίδηρον

1909 3781 2272 3852 πεπυρωμένον
2310 3783 2575 3850 explicant
2614 3780 2805 3848 227,13
2826 3796 2901 3848 sq.
2975 3781 3108 3834 refu-

1907 3873 2087 3921 tantur
2122 3868 2307 3932 227,17
2323 3885 2398 3937 sq.

1803 3955 2143 4026 Σωκράτης
2180 3956 2265 4022 8,2
2304 3957 2477 4022 78,34.
2496 3957 2563 4010 35
2602 3957 2774 4021 88,12.
2803 3958 2861 4009 19
2906 3958 3109 4022 171,12.

1916 4045 1977 4096 14
2020 4045 2206 4108 194,10
2274 4045 2333 4097 τὸ
2371 4045 2423 4097 ἐν
2460 4043 2514 4098 Σ.
2540 4046 2672 4113 ζῷον
2708 4046 2863 4108 78,16

1804 4130 2153 4204 Σωσιγένης
2195 4131 2386 4204 ἑταῖρος
2416 4129 2739 4203 Ἀντιπάτρου
2777 4133 2968 4198 216,12

1803 4216 2245 4288 Σωφρονίσκος
2287 4221 2453 4284 194,9.
2480 4221 2544 4272 10

1803 4303 2072 4376 Φάλαρις
2123 4307 2304 4370 189,26

1805 4392 2159 4463 Χρύσιππος
2200 4395 2361 4456 213,7
2414 4395 2594 4459 216,8.
2624 4398 2655 4448 9
2728 4399 2839 4466 περὶ
2880 4399 3109 4466 κράσεως

1910 4480 2365 4548 216,14-218,10
2417 4483 2486 4550 (ot
2520 4485 2648 4552 μετὰ
2674 4483 2961 4556 Χρὺσιππον
2997 4487 3108 4555 περὶ

1908 4571 2134 4637 κράσεως
2178 4569 2341 4635 216,9
2362 4572 2462 4638 sq.)
2535 4572 2787 4626 refutatur
2830 4573 3106 4640 218,10-

1845 4727 1853 4734 .
1910 4655 2101 4722 22⁰,23
2172 4657 2284 4725 περὶ
2318 4658 2490 4727 φωτός
2526 4659 2683 4724 218,8
