3684 5567
562 286 645 348 54
1532 282 1835 340 ΑΙΙΟΡΙΩΝ
1877 281 2000 338 ΚΑΙ
2039 281 2302 338 ΛΥΣΕΩΝ

670 616 840 679 VIII.
934 615 1087 684 Πῶς
1131 614 1251 678 οὐκ
1294 613 1461 677 αὐτὸ
1508 614 1589 678 δι’
1624 616 1838 678 αὑτοῦ
1888 616 2191 699 ὡρίσατο
2227 616 2258 677 ὁ
2304 616 2427 697 τὴν
2472 615 2708 699 ψυχὴν
2757 613 3176 696 ὁρισάμενος

678 718 1129 803 ἐντελέχειαν
1176 722 1502 801 σώματος
1530 724 1824 802 φυσικοῦ
1873 719 2250 802 ὀργανικοῦ
2295 720 2589 799 δυνάμει
2633 718 2816 800 ζωὴν
2865 713 3259 801 ἔχοντοςΛω

846 888 917 953 Εἰ
974 892 1039 953 τὸ
1084 891 1325 974 δυνάμει
1382 890 1538 972 ζωὴν
1592 887 1731 973 ἔχον
1786 892 2051 973 σημαίνει
2103 890 2168 952 τὸ
2223 890 2536 972 δυνάμενον
2593 892 2727 972 ζῆν,
2789 888 2854 951 τὸ
2907 888 2972 951 δὲ
3017 888 3177 949 δυνά-

677 1016 845 1071 μενον
894 997 995 1077 ζῆν
1030 994 1148 1056 ἐστι
1194 994 1259 1056 τὸ
1293 995 1607 1075 δυνάμενον
1655 995 1850 1078 ψυχὴν
1892 992 2068 1078 ἔχειν,
2115 997 2240 1061 πῶς
2271 992 2378 1055 οῦκ
2422 992 2562 1056 αὐτὸ
2609 990 2684 1055 δι’
2725 992 2902 1055 αὑτοῦ
2956 990 2962 1071 Ι
3011 992 3137 1075 ὡρί-
3183 997 3283 1053 100

606 1114 636 1163 5
678 1115 819 1158 σατο
866 1096 896 1157 ὁ
941 1096 1045 1178 τὴν
1092 1096 1285 1180 ψυχὴν
1334 1096 1673 1179 ὁρισάμενος
1714 1095 2075 1179 ἐντελέχειαν
2124 1099 2396 1179 σώματος
2441 1098 2690 1179 φυσικοῦ
2738 1096 3039 1179 ὀργανικοῦ
3085 1096 3178 1157 δυ-

676 1201 842 1280 νάμει
891 1200 1047 1281 ζωὴν
1094 1197 1354 1283 ἔχοντος;
1403 1199 1440 1280 ἢ
1488 1198 1555 1260 οὐ
1588 1198 1870 1282 κέχρηται
1919 1198 1976 1259 ἐν
2023 1202 2107 1283 τῷ
2153 1204 2258 1282 τῆς
2301 1204 2496 1283 ψυχῆς
2527 1198 2754 1283 ὁρισμῷ
2803 1201 2888 1280 τῷ
2936 1198 3177 1277 δυνάμει

681 1303 837 1383 ζωὴν
874 1298 1089 1387 ἔχοντι,
1122 1300 1271 1363 ἀλλὰ
1304 1301 1580 1385 πρότερον
1613 1301 1807 1385 λαβὼν
1842 1300 1905 1362 τὸ
1945 1298 2232 1381 “δυνάμει
2267 1302 2421 1383 ζωὴν
2455 1298 2768 1385 ἔχοντος”,
2816 1302 3050 1384 ὕστερον
3083 1300 3180 1363 ὅτε
3233 1317 3262 1359 5

680 1406 881 1467 λοιπὸν
939 1406 1036 1468 τὸν
1090 1403 1224 1467 ὅλον
1270 1403 1438 1485 λόγον
1496 1404 1848 1475 ἀποδίδωσι,
1905 1402 2186 1487 μετέλαβε
2229 1405 2294 1465 τὸ
2337 1404 2634 1485 ὀργανικὸν
2679 1403 2761 1472 είς
2806 1406 2909 1487 τὴν
2956 1405 3176 1487 εὕρεσιν

675 1508 771 1568 καὶ
818 1511 987 1591 λῆψιν
1044 1512 1142 1569 τοῦ
1193 1508 1493 1588 ἧργανικοῦ
1539 1508 1907 1591 χρησάμενος
1962 1512 2043 1590 τῷ
2092 1508 2332 1589 δυνάμει
2379 1507 2536 1589 ζωὴν
2583 1504 2800 1589 ἔχοντι·
2868 1507 2934 1568 τὸ
2980 1504 3032 1568 δ’
3089 1506 3177 1589 ὁρ-

574 1630 637 1678 10
673 1609 903 1692 γανικόν
950 1610 1101 1672 ἐστιν
1150 1609 1181 1671 ὃ
1227 1607 1353 1693 ἔχει
1400 1609 1573 1692 μόρια
1603 1608 2008 1693 διαφερούσαις
2053 1609 2358 1691 ἐνεργείαις
2405 1610 2822 1693 ὑπηρετεῖσθαι
2867 1611 3177 1691 δυνάμενα,

674 1711 724 1797 ᾧ
789 1712 911 1777 ἰ’σον
966 1712 1170 1797 ἔλαβεν
1226 1716 1318 1775 καὶ
1384 1714 1447 1774 τὸ
1504 1714 1743 1794 δυνάμει
1806 1712 1962 1795 ζωὴν
2018 1710 2176 1796 ἔχον.
2284 1710 2366 1773 ἔτι
2421 1713 2600 1774 εἰπὼν
2663 1712 3022 1796 ἐντελέχειαν
3077 1713 3178 1795 τὴν
3211 1728 3264 1770 ιο

676 1819 875 1901 ψυχὴν
919 1820 1020 1878 τοῦ
1068 1818 1337 1897 σώματος
1382 1815 1701 1899 δυναμένου
1750 1816 1907 1897 ζωὴν
1954 1814 2111 1899 ἔχειν
2159 1813 2226 1875 οὐ
2272 1812 2344 1877 δι’
2389 1814 2564 1878 αὐτοῦ
2611 1815 2714 1897 τὴν
2761 1814 3038 1878 ἀπόδοσιν
3085 1838 3179 1877 πε-

676 1922 927 2001 ποίηται.
1016 1920 1119 2002 τὴν
1165 1918 1272 2001 γὰρ
1319 1922 1419 1980 τοῦ
1468 1920 1737 1999 σώματος
1790 1917 1990 2000 φύσιν,
2046 1918 2106 1979 ἐν
2163 1912 2214 2002 ᾦ
2265 1919 2302 2000 ἡ
2351 1918 2544 2003 ψυχή,
2599 1918 2770 1980 ὁποία
2815 1918 2995 1993 ἐστίν,
3050 1917 3179 2001 ἐδή-

680 2026 883 2085 λωσεν.
966 2021 1071 2084 οὐκ
1102 2020 1214 2103 ἄρα
1257 2023 1361 2103 τὴν
1408 2021 1602 2105 ψυχὴν
1649 2020 1966 2103 ἐδήλωσεν,
2012 2020 2148 2083 οὐδὲ
2195 2023 2295 2104 τὴν
2343 2022 2538 2105 ψυχὴν
2584 2022 2833 2105 ὡρίσατο
2878 2020 2948 2083 δι’
2981 2022 3180 2103 αὑτῆς.
3211 2038 3265 2080 15

576 2146 636 2195 15
676 2124 759 2188 ἔτι
804 2125 910 2187 οὐκ
968 2122 1088 2187 ἔστι
1132 2123 1338 2186 ταύτὸν
1391 2124 1554 2208 ψυχὴ
1608 2125 1705 2187 καὶ
1754 2126 1908 2207 ζωή,
1967 2124 2116 2186 ἀλλὰ
2161 2125 2225 2186 τὸ
2275 2124 2377 2206 μὲν
2424 2124 2648 2207 ἐνεργὲς
2691 2124 2730 2206 ἡ
2780 2125 2932 2207 ζωή,
2989 2123 3075 2187 ὅτι
3109 2122 3178 2207 “ἡ

675 2226 747 2290 δι’
805 2227 982 2290 αὐτοῦ
1029 2227 1213 2311 τροφή
1260 2250 1323 2288 τε
1368 2227 1463 2289 καὶ
1508 2225 1793 2310 αὔξησις’,
1842 2228 1907 2289 τὸ
1954 2227 2018 2289 δὲ
2063 2228 2299 2310 δυνάμει
2346 2228 2504 2309 ζωὴν
2551 2224 2687 2311 ἔχον
2735 2226 2943 2307 λέγοιτ’
3001 2227 3069 2290 ἂν
3114 2228 3180 2289 τὸ

676 2332 975 2415 ὀργανικὸν
1032 2328 1171 2415 ἕχον
1228 2328 1300 2393 δι’
1356 2330 1533 2391 αὑτοῦ
1584 2328 1781 2413 [πρὸς]
1837 2330 1901 2391 τὸ
1949 2330 2229 2392 δύνασθαι
2274 2329 2604 2414 τρέφεσθαί
2637 2352 2700 2392 τε
2747 2332 2841 2391 καὶ
2883 2330 3180 2407 αὔξεσθαι,
3207 2347 3265 2389 20

683 2434 714 2496 ὃ
760 2434 865 2497 οὐκ
910 2432 1061 2497 ἔστιν
1108 2432 1230 2497 ἴσον
1275 2438 1358 2517 τῷ
1406 2433 1511 2515 τὴν
1558 2433 1755 2517 ψυχὴν
1802 2429 1979 2516 ἔχειν.

676 2674 784 2737 ΙΧ.
878 2673 1029 2742 ΙΙῶς
1074 2672 1149 2735 οὐ
1195 2670 1365 2755 πρός
1410 2696 1471 2735 τι
1515 2675 1553 2755 ἡ
1600 2676 1819 2757 ψυχή,
1867 2675 1927 2736 εἰ
1971 2673 2386 2757 ἐντελέχεια
2432 2674 2750 2755 σώματος
2797 2674 3150 2737 τοιούτου.

572 2867 639 2914 20
830 2844 909 2910 Ἢ
953 2848 1018 2909 τὸ
1067 2847 1169 2929 μὲν
1214 2844 1547 2929 ἐντελέχεια
1592 2842 1714 2908 ἴσον
1760 2846 1883 2907 ἐστὶ
1930 2849 2014 2929 τῷ
2060 2844 2239 2919 εἶδος,
2297 2846 2360 2906 τὸ
2407 2846 2472 2907 δὲ
2515 2844 2672 2913 εἶδος
2713 2846 2781 2909 οὐ
2829 2846 2970 2930 πρός
3015 2871 3086 2921 τι,
3133 2849 3186 2911 εἰ
3211 2862 3266 2905 25

681 2952 776 3013 καὶ
826 2950 913 3012 ὅτι
960 2950 1206 3032 μάλιστά
1251 2947 1400 3017 τινός
1450 2947 1456 3033 Ι
1505 2948 1677 3011 ἐστιν.
1746 2949 1812 3011 οὐ
1859 2948 1965 3031 γὰρ
2013 2946 2072 3009 εἴ
2094 2949 2149 3010 τί
2191 2948 2340 3016 τινός
2384 2948 2556 3023 ἐστιν,
2604 2948 2778 3017 εὐθύς
2825 2950 2947 3011 ἐστι
2989 2954 3156 3013 τοῦτο
3203 2956 3288 3014 101

680 3055 773 3117 καὶ
829 3051 971 3135 πρός
1023 3076 1093 3114 τι.
1185 3052 1278 3113 καὶ
1325 3050 1434 3135 γὰρ
1490 3054 1527 3133 ἡ
1585 3052 1892 3135 ἐπιφάνειά
1943 3074 2092 3119 τινος
2146 3049 2292 3114 οὖσα
2351 3051 2418 3113 οὐ
2473 3050 2613 3135 πρός
2667 3052 2724 3114 τί
2773 3053 2942 3115 ἐστιν.
3033 3054 3184 3116 ἀλλὰ

679 3157 775 3220 καὶ
822 3157 893 3217 τὰ
938 3155 1083 3239 μέρη
1129 3161 1245 3217 τῶν
1294 3154 1575 3239 δευτέρων
1622 3155 1837 3217 οὐσιῶν
1884 3155 2034 3221 τινὸς
2083 3153 2185 3235 μέν
2233 3154 2413 3233 ἐστιν,
2462 3154 2529 3217 οὐ
2578 3153 2692 3238 μήν
2738 3156 2857 3218 ἐστι
2902 3157 2995 3218 καὶ
3043 3158 3185 3239 πρός

680 3283 753 3321 τι.
844 3257 985 3342 πρός
1031 3283 1082 3321 τι
1126 3260 1235 3341 γάρ
1282 3258 1432 3320 ἐστιν
1478 3258 1564 3325 οἷς
1609 3258 1673 3320 τὸ
1719 3256 1865 3319 εἶναι
1911 3256 2116 3320 ταύτόν
2164 3257 2283 3319 ἐστι
2331 3262 2412 3341 τῷ
2463 3257 2606 3341 πρός
2649 3259 2707 3320 τί
2745 3282 2870 3328 πως
2915 3258 3090 3345 ἔχειν,
3146 3262 3184 3343 ἡ
3239 3274 3268 3317 5

576 3382 639 3431 25
682 3364 746 3425 δὲ
791 3363 952 3445 ψυχὴ
1003 3364 1274 3443 σώματος
1329 3362 1432 3442 μέν
1480 3362 1599 3423 ἐστι
1656 3363 1880 3423 τοιοῦδε
1927 3360 2285 3443 ἐντελέχεια,
2342 3360 2409 3422 οὐ
2459 3362 2573 3443 μὴν
2627 3362 2692 3423 τὸ
2737 3362 2882 3425 εἶναι
2927 3362 3078 3444 αὐτῇ
3125 3364 3186 3425 ἐν

681 3470 767 3549 τῷ
815 3465 957 3548 πρός
1001 3465 1057 3527 τί
1098 3488 1222 3533 πως
1267 3462 1423 3549 ἔχειν
1469 3464 1642 3527 ἐστίν.
1734 3463 1881 3527 οὖσα
1925 3466 2031 3547 γάρ
2079 3488 2129 3526 τι
2179 3469 2280 3526 τοῦ
2328 3464 2598 3546 σώματός
2643 3464 2822 3541 ἐστιν,
2880 3470 2961 3535 ὡς
3007 3468 3101 3529 καὶ
3147 3469 3184 3550 ἢ

683 3569 912 3651 κεφαλὴ
960 3568 1107 3630 οὖσά
1152 3568 1207 3630 τί
1248 3568 1399 3630 ἐστιν
1432 3572 1775 3651 κεφαλωτοῦ
1808 3568 2054 3651 κεφαλή.
2127 3568 2190 3629 τὸ
2239 3567 2340 3649 μὲν
2387 3566 2494 3649 γὰρ
2541 3568 2738 3649 ὅμοιον
2785 3568 2935 3632 καθὸ
2968 3571 3186 3653 ὅμοιον,
3219 3586 3272 3628 1⁰

684 3673 779 3735 καὶ
824 3672 889 3733 τὸ
936 3670 1058 3733 ἴσον
1104 3671 1255 3734 καθὸ
1304 3669 1425 3734 ἴσον
1472 3670 1532 3732 ἐν
1574 3675 1649 3753 τῇ
1700 3670 1841 3752 πρὸς
1887 3670 1927 3733 ἃ
1957 3670 2183 3752 λέγεται
2229 3670 2434 3755 σχέσει
2479 3671 2718 3734 τὸεῖναι
2763 3670 2908 3757 ἔχει,
2957 3674 3050 3735 καὶ
3095 3674 3187 3736 οὐ·

682 3776 775 3837 δὲν
823 3774 965 3837 ἄλλο
1012 3774 1168 3856 παρὰ
1214 3774 1317 3856 τὴν
1360 3776 1501 3857 πρὸς
1546 3773 1577 3835 ὃ
1620 3774 1844 3855 λέγεται
1891 3773 2093 3859 σχέσιν
2126 3777 2312 3857 δηλοῖ,
2357 3776 2395 3856 ἡ
2443 3775 2507 3836 δὲ
2537 3775 2702 3859 ψυχὴ
2750 3778 2844 3838 καὶ
2889 3778 3184 3861 ἡκεφαλὴ

578 3898 646 3945 30
684 3880 897 3941 οἰκείαν
945 3877 1068 3938 τινὰ
1113 3876 1283 3959 φύσιν
1328 3878 1425 3939 καὶ
1472 3876 1669 3939 οὐσίαν
1717 3878 2117 3960 σημαίνουσιν,
2163 3872 2204 3960 ᾗ
2255 3878 2616 3962 συμβέβηκεν
2661 3877 2840 3942 ἄλλου
2875 3879 3038 3954 εἶναι,
3085 3879 3192 3945 οὐκ
3219 3896 3272 3939 ¹5

684 3981 745 4045 εἴ
782 4006 831 4043 τι
878 3982 941 4043 δὲ
987 3980 1168 4044 ἄλλου
1216 3981 1385 4055 ἐστίν,
1433 3980 1549 4064 ἤδη
1597 3981 1691 4042 καὶ
1736 3980 1880 4063 πρός
1924 3980 1987 4043 τί
2023 3982 2192 4044 ἐστιν.

586 4258 601 4308 1
650 4254 960 4327 ὁρισάμενος]
1001 4256 1063 4307 de
1101 4271 1183 4306 an.
1214 4254 1275 4317 11⁴,
1310 4256 1351 4306 1.
1378 4255 1560 4320 412ὺὸ
1784 4256 1813 4306 6
1854 4260 1949 4325 τῆσ
1985 4272 2025 4307 s,
2065 4273 2113 4308 v.
2153 4262 2197 4307 V
2399 4258 2430 4308 7
2467 4258 2662 4328 λαβὼν]
2703 4258 2766 4310 cf.
2805 4260 2837 4311 l.
2868 4276 2909 4311 c.
2941 4260 3152 4314 412227

584 4346 616 4396 8
665 4344 779 4396 ὅλον
827 4343 975 4413 λόγον
1014 4347 1058 4393 V
1110 4344 1166 4409 (i.
1208 4360 1335 4411 mg:
1396 4342 1509 4413 ὅρον
1549 4342 1717 4412 λόγον)
1755 4348 1959 4398 BSFG:
2024 4342 2137 4415 ὅρον
2176 4346 2339 4399 B²s2a
2377 4350 2462 4413 Sp.
2679 4348 2746 4403 εἰς
2783 4348 3022 4401 G²B2S²a
3057 4352 3171 4417 Sp.:
3221 4350 3298 4403 tin

585 4432 933 4485 VG¹FB¹S¹H
1124 4430 1185 4482 10
1223 4430 1325 4502 ἔχει
1363 4433 1478 4496 Sp.:
1525 4432 1656 4500 ἔχειν
1695 4433 1814 4483 libri
2001 4433 2062 4483 12
2101 4432 2260 4502 ζωὴν]
2303 4452 2345 4485 ω
2387 4450 2425 4485 s,
2454 4451 2498 4485 v.
2537 4438 2585 4485 V
2765 4433 2920 4487 αὑτοῦ
2963 4440 3006 4485 V
3043 4440 3114 4500 (et
3148 4438 3227 4501 16)

592 4521 652 4571 13
709 4519 855 4572 ὁποία
894 4516 1108 4571 HS²13⁹a
1148 4522 1261 4584 Sp.:
1324 4518 1493 4570 ὁποῖοσ
1530 4520 1823 4571 VFS¹B¹G
2058 4522 2119 4571 14
2175 4520 2270 4571 οὐκ
2309 4521 2404 4590 ἄρα
2442 4522 2650 4587 scripsi:
2709 4520 2767 4572 οὐ
2803 4524 2896 4592 γὰρ
2936 4524 3054 4575 libri

585 4607 698 4659 οὐδὲ
738 4607 851 4659 1?ss²
897 4607 1029 4658 Vict.
1079 4608 1191 4672 Sp.:
1252 4606 1308 4657 οὔ
1349 4608 1591 4659 VHSB¹a
1812 4608 1872 4659 15
1929 4607 2001 4660 ἔτι
2041 4611 2198 4660 Vict.:
2257 4609 2387 4661 ἔστιν
2443 4611 2554 4661 libri
2795 4611 2827 4679 ἡ
2875 4610 2946 4662 δι’
2995 4612 3146 4663 αὐτοῦ
3186 4612 3296 4663 κτλ.

584 4696 647 4746 cf.
689 4696 719 4745 l.
756 4710 799 4745 c.
848 4694 1065 4745 ‹tl-2⁸14
1320 4695 1378 4745 16
1434 4692 1621 4764 λέγοιτ’
1662 4700 1703 4747 F
1752 4700 1867 4763 Sp.:
1923 4696 2055 4765 λέγοι
2100 4698 2216 4750 libri
2487 4699 2546 4749 17
2605 4698 2726 4767 πρὸς
2773 4700 2873 4753 del.
2910 4700 3074 4753 3²8²:
3127 4716 3228 4752 om.
3269 4720 3300 4752 ιι

586 4787 674 4847 sp.
889 4778 1155 4849 τρέφεσθαι
1193 4796 1290 4832 om.
1331 4801 1359 4833 a
1573 4802 1626 4835 τε
1664 4800 1761 4835 om.
1803 4804 1829 4835 a
1872 4789 1960 4851 Sp.
2175 4785 2243 4837 20
2295 4786 2374 4855 τῷ
2405 4786 2564 4838 Vict.:
2619 4786 2678 4838 τὸ
2717 4788 2834 4840 libri
3049 4788 3115 4840 25
3170 4788 3298 4859 αὐτῇ

587 4870 719 4921 coni.
760 4872 873 4938 Sp.:
912 4868 1067 4939 αὐτὴν
1106 4869 1224 4923 libri
1418 4870 1483 4923 28
1536 4868 1561 4922 ὃ
1603 4872 1743 4923 Diels
