<?xml version="1.0" encoding="UTF-8"?>
<!DOCTYPE html PUBLIC "-//W3C//DTD XHTML 1.0 Transitional//EN"
    "http://www.w3.org/TR/xhtml1/DTD/xhtml1-transitional.dtd">
<html xmlns="http://www.w3.org/1999/xhtml" xml:lang="en" lang="en">
 <head>
  <title>
</title>
<meta http-equiv="Content-Type" content="text/html;charset=utf-8" />
  <meta name='ocr-system' content='tesseract 3.04.00' />
  <meta name='ocr-capabilities' content='ocr_page ocr_carea ocr_par ocr_line ocrx_word'/>
</head>
<body>
  <div class='ocr_page' id='page_1' title='image "./supplementumari00wissgoog_0263.png"; bbox 0 0 3684 5567; ppageno 0'>
   <div class='ocr_carea' id='block_1_1' title="bbox 1328 261 3140 337">
    <p class='ocr_par' dir='ltr' id='par_1_1' title="bbox 1328 261 3140 337">
     <span class='ocr_line' id='line_1_1' title="bbox 1328 261 3140 337; baseline 0.011 -19"><span class='ocrx_word' id='word_1_1' title='bbox 1328 261 1489 319; x_wconf 80' lang='grc' dir='ltr'>ΠΕΡΙ</span> <span class='ocrx_word' id='word_1_2' title='bbox 1528 262 1996 320; x_wconf 79' lang='grc' dir='ltr'>ΕῐΜΑΡΜΕΝΗΣ</span> <span class='ocrx_word' id='word_1_3' title='bbox 2038 268 2240 321; x_wconf 88' lang='lat'>13-14</span> <span class='ocrx_word' id='word_1_4' title='bbox 3021 274 3140 337; x_wconf 86' lang='lat'><strong>183</strong></span> 
     </span>
    </p>
   </div>
   <div class='ocr_carea' id='block_1_2' title="bbox 418 436 3134 3933">
    <p class='ocr_par' dir='ltr' id='par_1_2' title="bbox 418 436 3134 3933">
     <span class='ocr_line' id='line_1_2' title="bbox 532 436 3032 525; baseline 0.003 -26"><span class='ocrx_word' id='word_1_5' title='bbox 532 436 843 518; x_wconf 78' lang='grc' dir='ltr'>γινομένων</span> <span class='ocrx_word' id='word_1_6' title='bbox 911 439 1024 501; x_wconf 83' lang='grc' dir='ltr'><strong>ὑπὸ</strong></span> <span class='ocrx_word' id='word_1_7' title='bbox 1086 444 1191 523; x_wconf 82' lang='grc' dir='ltr'><strong>τῆς</strong></span> <span class='ocrx_word' id='word_1_8' title='bbox 1234 439 1605 524; x_wconf 80' lang='grc' dir='ltr'><strong>εἱμαρμένης,</strong></span> <span class='ocrx_word' id='word_1_9' title='bbox 1676 441 1770 503; x_wconf 78' lang='grc' dir='ltr'><strong>καὶ</strong></span> <span class='ocrx_word' id='word_1_10' title='bbox 1836 440 1933 503; x_wconf 82' lang='grc' dir='ltr'><strong>διὰ</strong></span> <span class='ocrx_word' id='word_1_11' title='bbox 1977 446 2082 525; x_wconf 77' lang='grc' dir='ltr'><strong>τῆς</strong></span> <span class='ocrx_word' id='word_1_12' title='bbox 2125 442 2340 511; x_wconf 77' lang='grc' dir='ltr'>οἰκείας</span> <span class='ocrx_word' id='word_1_13' title='bbox 2405 444 2639 525; x_wconf 78' lang='grc' dir='ltr'><strong>φύσεως</strong></span> <span class='ocrx_word' id='word_1_14' title='bbox 2681 449 2800 508; x_wconf 88' lang='grc' dir='ltr'><strong>τῶν</strong></span> <span class='ocrx_word' id='word_1_15' title='bbox 2849 441 3032 507; x_wconf 85' lang='grc' dir='ltr'><strong>ὄντων</strong></span> 
     </span>
     <span class='ocr_line' id='line_1_3' title="bbox 534 539 3116 626; baseline 0.002 -23"><span class='ocrx_word' id='word_1_16' title='bbox 534 539 780 604; x_wconf 80' lang='grc' dir='ltr'>ἑκάστου</span> <span class='ocrx_word' id='word_1_17' title='bbox 824 544 930 624; x_wconf 76' lang='grc' dir='ltr'><strong>τῆς</strong></span> <span class='ocrx_word' id='word_1_18' title='bbox 973 540 1325 626; x_wconf 80' lang='grc' dir='ltr'><strong>εἱμαρμένης</strong></span> <span class='ocrx_word' id='word_1_19' title='bbox 1368 543 1727 626; x_wconf 82' lang='grc' dir='ltr'><strong>ἐνεργούσης,</strong></span> <span class='ocrx_word' id='word_1_20' title='bbox 1796 543 1891 605; x_wconf 86' lang='grc' dir='ltr'><strong>ἐπὶ</strong></span> <span class='ocrx_word' id='word_1_21' title='bbox 1964 544 2066 626; x_wconf 85' lang='grc' dir='ltr'><strong>μὲν</strong></span> <span class='ocrx_word' id='word_1_22' title='bbox 2122 549 2236 608; x_wconf 84' lang='grc' dir='ltr'><strong>τῶν</strong></span> <span class='ocrx_word' id='word_1_23' title='bbox 2283 544 2474 609; x_wconf 82' lang='grc' dir='ltr'><strong>ἄλλων</strong></span> <span class='ocrx_word' id='word_1_24' title='bbox 2533 548 2766 616; x_wconf 79' lang='grc' dir='ltr'><strong>οὐδενὸς</strong></span> <span class='ocrx_word' id='word_1_25' title='bbox 2810 548 2879 611; x_wconf 87' lang='grc' dir='ltr'><strong>τὸ</strong></span> <span class='ocrx_word' id='word_1_26' title='bbox 2925 547 3022 611; x_wconf 78' lang='grc' dir='ltr'><strong>ἐπ’</strong></span> <span class='ocrx_word' id='word_1_27' title='bbox 3059 566 3116 608; x_wconf 71' lang='grc' dir='ltr'><strong>ευ</strong></span> 
     </span>
     <span class='ocr_line' id='line_1_4' title="bbox 542 642 3030 735; baseline 0.004 -30"><span class='ocrx_word' id='word_1_28' title='bbox 542 642 737 711; x_wconf 84' lang='grc' dir='ltr'><strong>αὐτοῖς</strong></span> <span class='ocrx_word' id='word_1_29' title='bbox 782 642 926 707; x_wconf 76' lang='grc' dir='ltr'><strong>εἶναι</strong></span> <span class='ocrx_word' id='word_1_30' title='bbox 972 648 1405 728; x_wconf 81' lang='grc' dir='ltr'><strong>κατηγοροῦσιν,</strong></span> <span class='ocrx_word' id='word_1_31' title='bbox 1452 646 1547 707; x_wconf 82' lang='grc' dir='ltr'><strong>ἐπὶ</strong></span> <span class='ocrx_word' id='word_1_32' title='bbox 1594 646 1659 708; x_wconf 83' lang='grc' dir='ltr'><strong>δὲ</strong></span> <span class='ocrx_word' id='word_1_33' title='bbox 1714 650 1831 708; x_wconf 86' lang='grc' dir='ltr'><strong>τῶν</strong></span> <span class='ocrx_word' id='word_1_34' title='bbox 1877 644 2047 731; x_wconf 74' lang='grc' dir='ltr'><strong>ζῴων</strong></span> <span class='ocrx_word' id='word_1_35' title='bbox 2105 646 2296 729; x_wconf 84' lang='grc' dir='ltr'><strong>μόνον.</strong></span> <span class='ocrx_word' id='word_1_36' title='bbox 2386 647 2460 711; x_wconf 83' lang='grc' dir='ltr'><strong>δι’</strong></span> <span class='ocrx_word' id='word_1_37' title='bbox 2515 650 2554 713; x_wconf 84' lang='grc' dir='ltr'><strong><em>ἃ</em></strong></span> <span class='ocrx_word' id='word_1_38' title='bbox 2605 650 2714 735; x_wconf 85' lang='grc' dir='ltr'><strong>γὰρ</strong></span> <span class='ocrx_word' id='word_1_39' title='bbox 2767 652 3030 733; x_wconf 90' lang='grc' dir='ltr'><strong>λέγουσιν</strong></span> 
     </span>
     <span class='ocr_line' id='line_1_5' title="bbox 536 744 3029 833; baseline 0.002 -24"><span class='ocrx_word' id='word_1_40' title='bbox 536 746 632 809; x_wconf 76' lang='grc' dir='ltr'><strong>ἐπὶ</strong></span> <span class='ocrx_word' id='word_1_41' title='bbox 676 750 791 809; x_wconf 89' lang='grc' dir='ltr'><strong>τῶν</strong></span> <span class='ocrx_word' id='word_1_42' title='bbox 838 744 1007 830; x_wconf 76' lang='grc' dir='ltr'><strong>ζῴων</strong></span> <span class='ocrx_word' id='word_1_43' title='bbox 1051 748 1123 810; x_wconf 83' lang='grc' dir='ltr'><strong>τὰ</strong></span> <span class='ocrx_word' id='word_1_44' title='bbox 1166 745 1260 809; x_wconf 82' lang='grc' dir='ltr'><strong>διὰ</strong></span> <span class='ocrx_word' id='word_1_45' title='bbox 1304 751 1407 809; x_wconf 77' lang='grc' dir='ltr'><strong>τοῦ</strong></span> <span class='ocrx_word' id='word_1_46' title='bbox 1452 745 1611 832; x_wconf 74' lang='grc' dir='ltr'><strong>ζῴου</strong></span> <span class='ocrx_word' id='word_1_47' title='bbox 1654 750 1944 833; x_wconf 87' lang='grc' dir='ltr'><strong>γινόμενα,</strong></span> <span class='ocrx_word' id='word_1_48' title='bbox 1993 749 2152 813; x_wconf 80' lang='grc' dir='ltr'><strong>ταῦτ’</strong></span> <span class='ocrx_word' id='word_1_49' title='bbox 2208 748 2391 815; x_wconf 87' lang='grc' dir='ltr'><strong>ἔνεστι</strong></span> <span class='ocrx_word' id='word_1_50' title='bbox 2439 752 2532 813; x_wconf 83' lang='grc' dir='ltr'><strong>καὶ</strong></span> <span class='ocrx_word' id='word_1_51' title='bbox 2562 752 2658 815; x_wconf 81' lang='grc' dir='ltr'><strong>ἐπὶ</strong></span> <span class='ocrx_word' id='word_1_52' title='bbox 2689 758 2804 815; x_wconf 83' lang='grc' dir='ltr'><strong>τῶν</strong></span> <span class='ocrx_word' id='word_1_53' title='bbox 2837 753 3029 817; x_wconf 81' lang='grc' dir='ltr'><strong>ἄλλων</strong></span> 
     </span>
     <span class='ocr_line' id='line_1_6' title="bbox 460 849 3134 938; baseline 0.003 -27"><span class='ocrx_word' id='word_1_54' title='bbox 460 868 491 916; x_wconf 88' lang='grc'>5</span> <span class='ocrx_word' id='word_1_55' title='bbox 538 850 782 912; x_wconf 84' lang='grc' dir='ltr'>ἑκάστου</span> <span class='ocrx_word' id='word_1_56' title='bbox 828 849 1033 933; x_wconf 86' lang='grc' dir='ltr'><strong>λέγειν.</strong></span> <span class='ocrx_word' id='word_1_57' title='bbox 1122 850 1251 913; x_wconf 83' lang='grc' dir='ltr'><strong>ἐπεὶ</strong></span> <span class='ocrx_word' id='word_1_58' title='bbox 1295 850 1401 934; x_wconf 79' lang='grc' dir='ltr'><strong>γὰρ</strong></span> <span class='ocrx_word' id='word_1_59' title='bbox 1448 851 1554 913; x_wconf 84' lang='grc' dir='ltr'><strong>οὐκ</strong></span> <span class='ocrx_word' id='word_1_60' title='bbox 1600 850 1791 921; x_wconf 83' lang='grc' dir='ltr'><strong>ἄλλως</strong></span> <span class='ocrx_word' id='word_1_61' title='bbox 1835 852 2054 935; x_wconf 85' lang='grc' dir='ltr'><strong>γένοιτο</strong></span> <span class='ocrx_word' id='word_1_62' title='bbox 2097 854 2168 916; x_wconf 82' lang='grc' dir='ltr'><strong>τὰ</strong></span> <span class='ocrx_word' id='word_1_63' title='bbox 2209 853 2302 916; x_wconf 80' lang='grc' dir='ltr'><strong>διὰ</strong></span> <span class='ocrx_word' id='word_1_64' title='bbox 2347 858 2448 916; x_wconf 83' lang='grc' dir='ltr'><strong>τοῦ</strong></span> <span class='ocrx_word' id='word_1_65' title='bbox 2483 850 2492 937; x_wconf 84' lang='grc' dir='ltr'>Ι</span> <span class='ocrx_word' id='word_1_66' title='bbox 2528 850 2682 938; x_wconf 76' lang='grc' dir='ltr'><strong>ζῴου</strong></span> <span class='ocrx_word' id='word_1_67' title='bbox 2727 854 3016 937; x_wconf 82' lang='grc' dir='ltr'><strong>γινόμενα,</strong></span> <span class='ocrx_word' id='word_1_68' title='bbox 3059 866 3134 923; x_wconf 85' lang='grc'><strong>48</strong></span> 
     </span>
     <span class='ocr_line' id='line_1_7' title="bbox 532 952 3029 1044; baseline 0.004 -29"><span class='ocrx_word' id='word_1_69' title='bbox 532 955 613 1037; x_wconf 85' lang='grc' dir='ltr'><strong>μὴ</strong></span> <span class='ocrx_word' id='word_1_70' title='bbox 662 954 1026 1037; x_wconf 82' lang='grc' dir='ltr'><strong>ὁρμήσαντος</strong></span> <span class='ocrx_word' id='word_1_71' title='bbox 1068 958 1169 1016; x_wconf 79' lang='grc' dir='ltr'><strong>τοῦ</strong></span> <span class='ocrx_word' id='word_1_72' title='bbox 1217 952 1399 1039; x_wconf 75' lang='grc' dir='ltr'><strong>ζῴου,</strong></span> <span class='ocrx_word' id='word_1_73' title='bbox 1444 954 1594 1017; x_wconf 82' lang='grc' dir='ltr'>ἀλλὰ</span> <span class='ocrx_word' id='word_1_74' title='bbox 1637 955 1732 1018; x_wconf 83' lang='grc' dir='ltr'><strong>διὰ</strong></span> <span class='ocrx_word' id='word_1_75' title='bbox 1774 956 1840 1017; x_wconf 83' lang='grc' dir='ltr'><strong>τὸ</strong></span> <span class='ocrx_word' id='word_1_76' title='bbox 1888 956 2412 1037; x_wconf 80' lang='grc' dir='ltr'><strong>συγκατατίθεσθαι</strong></span> <span class='ocrx_word' id='word_1_77' title='bbox 2469 957 2573 1040; x_wconf 81' lang='grc' dir='ltr'><strong>μὲν</strong></span> <span class='ocrx_word' id='word_1_78' title='bbox 2618 959 2682 1021; x_wconf 90' lang='grc' dir='ltr'><strong>τὸ</strong></span> <span class='ocrx_word' id='word_1_79' title='bbox 2730 963 2886 1044; x_wconf 74' lang='grc' dir='ltr'><strong>ζῷον</strong></span> <span class='ocrx_word' id='word_1_80' title='bbox 2933 963 3029 1024; x_wconf 85' lang='grc' dir='ltr'><strong>καὶ</strong></span> 
     </span>
     <span class='ocr_line' id='line_1_8' title="bbox 536 1057 3028 1149; baseline 0.003 -30"><span class='ocrx_word' id='word_1_81' title='bbox 536 1058 787 1141; x_wconf 86' lang='grc' dir='ltr'><strong>ὁρμῆσαι</strong></span> <span class='ocrx_word' id='word_1_82' title='bbox 830 1057 1063 1138; x_wconf 85' lang='grc' dir='ltr'><strong>γίνεται,</strong></span> <span class='ocrx_word' id='word_1_83' title='bbox 1131 1058 1213 1139; x_wconf 85' lang='grc' dir='ltr'><strong>μὴ</strong></span> <span class='ocrx_word' id='word_1_84' title='bbox 1282 1057 1788 1141; x_wconf 79' lang='grc' dir='ltr'><strong>συγκαταθεμένου</strong></span> <span class='ocrx_word' id='word_1_85' title='bbox 1856 1058 1921 1121; x_wconf 84' lang='grc' dir='ltr'><strong>δὲ</strong></span> <span class='ocrx_word' id='word_1_86' title='bbox 1966 1058 2033 1121; x_wconf 86' lang='grc' dir='ltr'><strong>οὐ</strong></span> <span class='ocrx_word' id='word_1_87' title='bbox 2078 1060 2308 1142; x_wconf 89' lang='grc' dir='ltr'><strong>γίνεται,</strong></span> <span class='ocrx_word' id='word_1_88' title='bbox 2377 1065 2557 1123; x_wconf 80' lang='grc' dir='ltr'><strong>ταῦτα</strong></span> <span class='ocrx_word' id='word_1_89' title='bbox 2611 1061 2707 1123; x_wconf 87' lang='grc' dir='ltr'><strong>ἐπὶ</strong></span> <span class='ocrx_word' id='word_1_90' title='bbox 2752 1068 2837 1147; x_wconf 76' lang='grc' dir='ltr'><strong>τῷ</strong></span> <span class='ocrx_word' id='word_1_91' title='bbox 2887 1060 3028 1149; x_wconf 77' lang='grc' dir='ltr'><strong>ζῴω</strong></span> 
     </span>
     <span class='ocr_line' id='line_1_9' title="bbox 531 1159 3110 1248; baseline 0.002 -25"><span class='ocrx_word' id='word_1_92' title='bbox 531 1162 703 1245; x_wconf 80' lang='grc' dir='ltr'><strong>φασὶν</strong></span> <span class='ocrx_word' id='word_1_93' title='bbox 747 1160 911 1234; x_wconf 84' lang='grc' dir='ltr'><strong>εἶναι,</strong></span> <span class='ocrx_word' id='word_1_94' title='bbox 978 1159 1039 1229; x_wconf 79' lang='grc' dir='ltr'><strong>ἐξ</strong></span> <span class='ocrx_word' id='word_1_95' title='bbox 1083 1161 1337 1243; x_wconf 83' lang='grc' dir='ltr'><strong>ἀνάγκης</strong></span> <span class='ocrx_word' id='word_1_96' title='bbox 1384 1161 1486 1243; x_wconf 87' lang='grc' dir='ltr'><strong>μὲν</strong></span> <span class='ocrx_word' id='word_1_97' title='bbox 1531 1161 1783 1243; x_wconf 82' lang='grc' dir='ltr'><strong>ἐσόμενα</strong></span> <span class='ocrx_word' id='word_1_98' title='bbox 1832 1160 1931 1223; x_wconf 82' lang='grc' dir='ltr'><strong>ὑπ’</strong></span> <span class='ocrx_word' id='word_1_99' title='bbox 1986 1161 2164 1225; x_wconf 75' lang='grc' dir='ltr'><strong>αὐτοῦ</strong></span> <span class='ocrx_word' id='word_1_100' title='bbox 2205 1162 2303 1245; x_wconf 81' lang='grc' dir='ltr'><strong>(οὐ</strong></span> <span class='ocrx_word' id='word_1_101' title='bbox 2349 1163 2457 1248; x_wconf 82' lang='grc' dir='ltr'><strong>γὰρ</strong></span> <span class='ocrx_word' id='word_1_102' title='bbox 2512 1162 2634 1227; x_wconf 78' lang='grc' dir='ltr'><strong>οἷόν</strong></span> <span class='ocrx_word' id='word_1_103' title='bbox 2678 1188 2742 1228; x_wconf 92' lang='grc' dir='ltr'><strong>τε</strong></span> <span class='ocrx_word' id='word_1_104' title='bbox 2787 1164 3028 1248; x_wconf 82' lang='grc' dir='ltr'><strong>ἄλλως),</strong></span> <span class='ocrx_word' id='word_1_105' title='bbox 3081 1184 3110 1227; x_wconf 72' lang='grc' dir='ltr'><strong>ὅ</strong></span> 
     </span>
     <span class='ocr_line' id='line_1_10' title="bbox 528 1262 3028 1352; baseline 0.003 -27"><span class='ocrx_word' id='word_1_106' title='bbox 528 1268 615 1348; x_wconf 76' lang='grc' dir='ltr'><strong>τῷ</strong></span> <span class='ocrx_word' id='word_1_107' title='bbox 660 1263 725 1326; x_wconf 85' lang='grc' dir='ltr'><strong>δὲ</strong></span> <span class='ocrx_word' id='word_1_108' title='bbox 770 1264 853 1348; x_wconf 85' lang='grc' dir='ltr'><strong>μὴ</strong></span> <span class='ocrx_word' id='word_1_109' title='bbox 898 1264 1177 1327; x_wconf 81' lang='grc' dir='ltr'><strong>δύνασθαι</strong></span> <span class='ocrx_word' id='word_1_110' title='bbox 1246 1262 1317 1327; x_wconf 90' lang='grc' dir='ltr'><strong>δι’</strong></span> <span class='ocrx_word' id='word_1_111' title='bbox 1372 1262 1554 1327; x_wconf 79' lang='grc' dir='ltr'><strong>ἄλλου</strong></span> <span class='ocrx_word' id='word_1_112' title='bbox 1598 1266 1747 1333; x_wconf 85' lang='grc' dir='ltr'><strong>τινὸς</strong></span> <span class='ocrx_word' id='word_1_113' title='bbox 1812 1265 1852 1348; x_wconf 81' lang='grc' dir='ltr'><strong>ἢ</strong></span> <span class='ocrx_word' id='word_1_114' title='bbox 1899 1266 1996 1327; x_wconf 84' lang='grc' dir='ltr'><strong>διὰ</strong></span> <span class='ocrx_word' id='word_1_115' title='bbox 2022 1266 2244 1345; x_wconf 28' lang='grc' dir='ltr'><strong>,τούτου</strong></span> <span class='ocrx_word' id='word_1_116' title='bbox 2290 1266 2580 1349; x_wconf 86' lang='grc' dir='ltr'><strong>γενέσθαι,</strong></span> <span class='ocrx_word' id='word_1_117' title='bbox 2645 1266 2781 1352; x_wconf 83' lang='grc' dir='ltr'><strong>μηδ’</strong></span> <span class='ocrx_word' id='word_1_118' title='bbox 2835 1268 3028 1337; x_wconf 82' lang='grc' dir='ltr'><strong>ἄλλως</strong></span> 
     </span>
     <span class='ocr_line' id='line_1_11' title="bbox 436 1365 3028 1453; baseline 0.002 -24"><span class='ocrx_word' id='word_1_119' title='bbox 436 1386 496 1433; x_wconf 84' lang='grc' dir='ltr'><strong>ιο</strong></span> <span class='ocrx_word' id='word_1_120' title='bbox 536 1366 573 1449; x_wconf 85' lang='grc' dir='ltr'>ἢ</span> <span class='ocrx_word' id='word_1_121' title='bbox 619 1366 804 1435; x_wconf 78' lang='grc' dir='ltr'><strong>οὕτως</strong></span> <span class='ocrx_word' id='word_1_122' title='bbox 848 1366 942 1444; x_wconf 68' lang='grc' dir='ltr'><strong>διὰ</strong></span> <span class='ocrx_word' id='word_1_123' title='bbox 985 1366 1209 1440; x_wconf 83' lang='grc' dir='ltr'><strong>τούτου,</strong></span> <span class='ocrx_word' id='word_1_124' title='bbox 1277 1365 1343 1429; x_wconf 88' lang='grc' dir='ltr'><strong>τὸ</strong></span> <span class='ocrx_word' id='word_1_125' title='bbox 1389 1366 1537 1429; x_wconf 81' lang='grc' dir='ltr'><strong>εἶναι</strong></span> <span class='ocrx_word' id='word_1_126' title='bbox 1580 1366 1725 1429; x_wconf 81' lang='grc' dir='ltr'><strong>αὐτὰ</strong></span> <span class='ocrx_word' id='word_1_127' title='bbox 1772 1367 1866 1431; x_wconf 81' lang='grc' dir='ltr'><strong>ἐπὶ</strong></span> <span class='ocrx_word' id='word_1_128' title='bbox 1913 1372 1996 1453; x_wconf 77' lang='grc' dir='ltr'><strong>τῷ</strong></span> <span class='ocrx_word' id='word_1_129' title='bbox 2044 1368 2182 1453; x_wconf 76' lang='grc' dir='ltr'><strong>ζῴῳ</strong></span> <span class='ocrx_word' id='word_1_130' title='bbox 2252 1368 2565 1452; x_wconf 77' lang='grc' dir='ltr'><strong>οἰηθέντες.</strong></span> <span class='ocrx_word' id='word_1_131' title='bbox 2656 1370 2805 1433; x_wconf 79' lang='grc' dir='ltr'>ἀλλὰ</span> <span class='ocrx_word' id='word_1_132' title='bbox 2859 1372 3028 1435; x_wconf 81' lang='grc' dir='ltr'><strong>τοῦτό</strong></span> 
     </span>
     <span class='ocr_line' id='line_1_12' title="bbox 528 1468 3026 1557; baseline 0.002 -23"><span class='ocrx_word' id='word_1_133' title='bbox 528 1495 593 1554; x_wconf 89' lang='grc' dir='ltr'><strong>γε</strong></span> <span class='ocrx_word' id='word_1_134' title='bbox 634 1472 730 1535; x_wconf 88' lang='grc' dir='ltr'><strong>καὶ</strong></span> <span class='ocrx_word' id='word_1_135' title='bbox 773 1470 869 1533; x_wconf 81' lang='grc' dir='ltr'><strong>ἐπὶ</strong></span> <span class='ocrx_word' id='word_1_136' title='bbox 914 1475 1031 1533; x_wconf 84' lang='grc' dir='ltr'><strong>τῶν</strong></span> <span class='ocrx_word' id='word_1_137' title='bbox 1076 1469 1267 1533; x_wconf 83' lang='grc' dir='ltr'><strong>ἄλλων</strong></span> <span class='ocrx_word' id='word_1_138' title='bbox 1312 1470 1557 1532; x_wconf 79' lang='grc' dir='ltr'><strong>ἑκάστου</strong></span> <span class='ocrx_word' id='word_1_139' title='bbox 1602 1470 1784 1553; x_wconf 85' lang='grc' dir='ltr'><strong>λέγειν</strong></span> <span class='ocrx_word' id='word_1_140' title='bbox 1831 1468 2003 1533; x_wconf 82' lang='grc' dir='ltr'><strong>ἔστιν.</strong></span> <span class='ocrx_word' id='word_1_141' title='bbox 2095 1470 2230 1534; x_wconf 83' lang='grc' dir='ltr'><strong>οὔτε</strong></span> <span class='ocrx_word' id='word_1_142' title='bbox 2281 1471 2388 1556; x_wconf 81' lang='grc' dir='ltr'><strong>γὰρ</strong></span> <span class='ocrx_word' id='word_1_143' title='bbox 2445 1476 2511 1536; x_wconf 87' lang='grc' dir='ltr'><strong>τὸ</strong></span> <span class='ocrx_word' id='word_1_144' title='bbox 2558 1474 2652 1536; x_wconf 85' lang='grc' dir='ltr'><strong>διὰ</strong></span> <span class='ocrx_word' id='word_1_145' title='bbox 2697 1478 2799 1537; x_wconf 75' lang='grc' dir='ltr'><strong>τοῦ</strong></span> <span class='ocrx_word' id='word_1_146' title='bbox 2843 1475 3026 1557; x_wconf 83' lang='grc' dir='ltr'><strong>πυρὸς</strong></span> 
     </span>
     <span class='ocr_line' id='line_1_13' title="bbox 529 1570 3104 1660; baseline -0 -23"><span class='ocrx_word' id='word_1_147' title='bbox 529 1573 825 1657; x_wconf 84' lang='grc' dir='ltr'><strong>γινόμενον</strong></span> <span class='ocrx_word' id='word_1_148' title='bbox 892 1572 989 1636; x_wconf 85' lang='grc' dir='ltr'><strong>ὑπ’</strong></span> <span class='ocrx_word' id='word_1_149' title='bbox 1059 1570 1238 1635; x_wconf 84' lang='grc' dir='ltr'>ἄλλου</span> <span class='ocrx_word' id='word_1_150' title='bbox 1299 1573 1452 1640; x_wconf 84' lang='grc' dir='ltr'><strong>τινὸς</strong></span> <span class='ocrx_word' id='word_1_151' title='bbox 1516 1570 1587 1634; x_wconf 81' lang='grc' dir='ltr'><strong>ἂν</strong></span> <span class='ocrx_word' id='word_1_152' title='bbox 1654 1573 1874 1654; x_wconf 86' lang='grc' dir='ltr'><strong>γένοιτο</strong></span> <span class='ocrx_word' id='word_1_153' title='bbox 1940 1572 2064 1636; x_wconf 84' lang='grc' dir='ltr'><strong>οὔτ’</strong></span> <span class='ocrx_word' id='word_1_154' title='bbox 2137 1573 2329 1644; x_wconf 82' lang='grc' dir='ltr'><strong>ἄλλως</strong></span> <span class='ocrx_word' id='word_1_155' title='bbox 2397 1575 2490 1638; x_wconf 79' lang='grc' dir='ltr'><strong>διὰ</strong></span> <span class='ocrx_word' id='word_1_156' title='bbox 2561 1580 2660 1639; x_wconf 78' lang='grc' dir='ltr'><strong>τοῦ</strong></span> <span class='ocrx_word' id='word_1_157' title='bbox 2731 1577 2912 1660; x_wconf 86' lang='grc' dir='ltr'><strong>πυρὸς</strong></span> <span class='ocrx_word' id='word_1_158' title='bbox 2979 1577 3104 1660; x_wconf 84' lang='grc' dir='ltr'><strong>ἢιο</strong></span> 
     </span>
     <span class='ocr_line' id='line_1_14' title="bbox 532 1674 3024 1762; baseline 0.001 -23"><span class='ocrx_word' id='word_1_159' title='bbox 532 1676 625 1739; x_wconf 83' lang='grc' dir='ltr'><strong>διὰ</strong></span> <span class='ocrx_word' id='word_1_160' title='bbox 691 1680 792 1739; x_wconf 83' lang='grc' dir='ltr'><strong>τοῦ</strong></span> <span class='ocrx_word' id='word_1_161' title='bbox 852 1676 1160 1759; x_wconf 83' lang='grc' dir='ltr'><strong>θερμῆναι,</strong></span> <span class='ocrx_word' id='word_1_162' title='bbox 1227 1674 1399 1751; x_wconf 80' lang='grc' dir='ltr'><strong>ὥστ’,</strong></span> <span class='ocrx_word' id='word_1_163' title='bbox 1462 1675 1587 1737; x_wconf 84' lang='grc' dir='ltr'><strong>ἐπεὶ</strong></span> <span class='ocrx_word' id='word_1_164' title='bbox 1646 1674 1789 1759; x_wconf 81' lang='grc' dir='ltr'><strong>μηδ’</strong></span> <span class='ocrx_word' id='word_1_165' title='bbox 1853 1674 2044 1745; x_wconf 78' lang='grc' dir='ltr'><strong>ἄλλως</strong></span> <span class='ocrx_word' id='word_1_166' title='bbox 2110 1677 2330 1759; x_wconf 87' lang='grc' dir='ltr'><strong>γένοιτο</strong></span> <span class='ocrx_word' id='word_1_167' title='bbox 2396 1680 2466 1741; x_wconf 82' lang='grc' dir='ltr'><strong>τὰ</strong></span> <span class='ocrx_word' id='word_1_168' title='bbox 2519 1677 2614 1741; x_wconf 79' lang='grc' dir='ltr'><strong>διὰ</strong></span> <span class='ocrx_word' id='word_1_169' title='bbox 2680 1683 2782 1741; x_wconf 82' lang='grc' dir='ltr'><strong>τοῦ</strong></span> <span class='ocrx_word' id='word_1_170' title='bbox 2846 1680 3024 1762; x_wconf 83' lang='grc' dir='ltr'><strong>πυρὸς</strong></span> 
     </span>
     <span class='ocr_line' id='line_1_15' title="bbox 528 1778 3022 1865; baseline 0.002 -24"><span class='ocrx_word' id='word_1_171' title='bbox 528 1780 799 1863; x_wconf 86' lang='grc' dir='ltr'><strong>γινόμενα</strong></span> <span class='ocrx_word' id='word_1_172' title='bbox 864 1780 903 1862; x_wconf 79' lang='grc' dir='ltr'><strong>ἢ</strong></span> <span class='ocrx_word' id='word_1_173' title='bbox 958 1779 1352 1863; x_wconf 79' lang='grc' dir='ltr'><strong>θερμήναντος</strong></span> <span class='ocrx_word' id='word_1_174' title='bbox 1407 1784 1515 1841; x_wconf 75' lang='grc' dir='ltr'><strong>τοῦ·</strong></span> <span class='ocrx_word' id='word_1_175' title='bbox 1562 1778 1763 1863; x_wconf 86' lang='grc' dir='ltr'><strong>πυρός,</strong></span> <span class='ocrx_word' id='word_1_176' title='bbox 1832 1780 1927 1843; x_wconf 88' lang='grc' dir='ltr'><strong>καὶ</strong></span> <span class='ocrx_word' id='word_1_177' title='bbox 1997 1781 2390 1865; x_wconf 86' lang='grc' dir='ltr'><strong>θερμήναντος</strong></span> <span class='ocrx_word' id='word_1_178' title='bbox 2457 1782 2560 1863; x_wconf 85' lang='grc' dir='ltr'><strong>μὲν</strong></span> <span class='ocrx_word' id='word_1_179' title='bbox 2621 1781 2798 1845; x_wconf 76' lang='grc' dir='ltr'><strong>αὐτοῦ</strong></span> <span class='ocrx_word' id='word_1_180' title='bbox 2843 1780 3022 1859; x_wconf 87' lang='grc' dir='ltr'><strong>ἔσται,</strong></span> 
     </span>
     <span class='ocr_line' id='line_1_16' title="bbox 437 1880 3023 1970; baseline 0 -23"><span class='ocrx_word' id='word_1_181' title='bbox 437 1904 497 1951; x_wconf 82' lang='lat'><strong>15</strong></span> <span class='ocrx_word' id='word_1_182' title='bbox 539 1885 621 1967; x_wconf 86' lang='grc' dir='ltr'><strong>μὴ</strong></span> <span class='ocrx_word' id='word_1_183' title='bbox 666 1884 1059 1967; x_wconf 86' lang='grc' dir='ltr'><strong>θερμήναντος</strong></span> <span class='ocrx_word' id='word_1_184' title='bbox 1104 1883 1168 1946; x_wconf 87' lang='grc' dir='ltr'><strong>δὲ</strong></span> <span class='ocrx_word' id='word_1_185' title='bbox 1212 1882 1318 1945; x_wconf 85' lang='grc' dir='ltr'><strong>οὐκ</strong></span> <span class='ocrx_word' id='word_1_186' title='bbox 1364 1880 1543 1953; x_wconf 86' lang='grc' dir='ltr'><strong>ἔσται,</strong></span> <span class='ocrx_word' id='word_1_187' title='bbox 1614 1882 1708 1967; x_wconf 81' lang='grc' dir='ltr'><strong>εἴη</strong></span> <span class='ocrx_word' id='word_1_188' title='bbox 1778 1882 1844 1945; x_wconf 81' lang='grc' dir='ltr'><strong>ἂν</strong></span> <span class='ocrx_word' id='word_1_189' title='bbox 1899 1884 1994 1946; x_wconf 85' lang='grc' dir='ltr'><strong>ἐπὶ</strong></span> <span class='ocrx_word' id='word_1_190' title='bbox 2046 1888 2132 1967; x_wconf 78' lang='grc' dir='ltr'><strong>τῷ</strong></span> <span class='ocrx_word' id='word_1_191' title='bbox 2188 1886 2325 1970; x_wconf 83' lang='grc' dir='ltr'><strong>πυρὶ</strong></span> <span class='ocrx_word' id='word_1_192' title='bbox 2369 1888 2568 1948; x_wconf 80' lang='grc' dir='ltr'><strong>ταῦτα.</strong></span> <span class='ocrx_word' id='word_1_193' title='bbox 2653 1884 2726 1947; x_wconf 78' lang='grc' dir='ltr'><strong>τὰ</strong></span> <span class='ocrx_word' id='word_1_194' title='bbox 2770 1883 2821 1948; x_wconf 89' lang='grc' dir='ltr'><strong>δ’</strong></span> <span class='ocrx_word' id='word_1_195' title='bbox 2876 1884 3023 1947; x_wconf 82' lang='grc' dir='ltr'><strong>αὐτὰ</strong></span> 
     </span>
     <span class='ocr_line' id='line_1_17' title="bbox 533 1985 3102 2072; baseline -0.002 -20"><span class='ocrx_word' id='word_1_196' title='bbox 533 1990 627 2052; x_wconf 83' lang='grc' dir='ltr'><strong>καὶ</strong></span> <span class='ocrx_word' id='word_1_197' title='bbox 673 1985 766 2071; x_wconf 82' lang='grc' dir='ltr'><strong>ἐφ’</strong></span> <span class='ocrx_word' id='word_1_198' title='bbox 823 1988 1069 2051; x_wconf 80' lang='grc' dir='ltr'><strong>ἑκάστου</strong></span> <span class='ocrx_word' id='word_1_199' title='bbox 1111 1990 1227 2049; x_wconf 84' lang='grc' dir='ltr'><strong>τῶν</strong></span> <span class='ocrx_word' id='word_1_200' title='bbox 1272 1985 1464 2049; x_wconf 80' lang='grc' dir='ltr'><strong>ἄλλων</strong></span> <span class='ocrx_word' id='word_1_201' title='bbox 1510 1985 1671 2050; x_wconf 85' lang='grc' dir='ltr'><strong>ἔσται</strong></span> <span class='ocrx_word' id='word_1_202' title='bbox 1715 1986 1915 2069; x_wconf 86' lang='grc' dir='ltr'><strong>λέγειν.</strong></span> <span class='ocrx_word' id='word_1_203' title='bbox 2007 1988 2062 2049; x_wconf 91' lang='grc' dir='ltr'><strong>τί</strong></span> <span class='ocrx_word' id='word_1_204' title='bbox 2124 1987 2232 2072; x_wconf 79' lang='grc' dir='ltr'><strong>γὰρ</strong></span> <span class='ocrx_word' id='word_1_205' title='bbox 2299 1989 2391 2050; x_wconf 87' lang='grc' dir='ltr'><strong>δεῖ</strong></span> <span class='ocrx_word' id='word_1_206' title='bbox 2443 1990 2820 2072; x_wconf 83' lang='grc' dir='ltr'><strong>μακρολογεῖν</strong></span> <span class='ocrx_word' id='word_1_207' title='bbox 2863 2011 3020 2070; x_wconf 85' lang='grc' dir='ltr'><strong>γεγο·</strong></span> <span class='ocrx_word' id='word_1_208' title='bbox 3049 2004 3102 2047; x_wconf 74' lang='lat'><strong>15</strong></span> 
     </span>
     <span class='ocr_line' id='line_1_18' title="bbox 529 2088 3007 2174; baseline 0 -21"><span class='ocrx_word' id='word_1_209' title='bbox 529 2090 691 2160; x_wconf 82' lang='grc' dir='ltr'><strong>νότος</strong></span> <span class='ocrx_word' id='word_1_210' title='bbox 732 2094 834 2153; x_wconf 78' lang='grc' dir='ltr'><strong>τοῦ</strong></span> <span class='ocrx_word' id='word_1_211' title='bbox 879 2089 1193 2173; x_wconf 80' lang='grc' dir='ltr'><strong>λεγομένου</strong></span> <span class='ocrx_word' id='word_1_212' title='bbox 1238 2090 1554 2173; x_wconf 87' lang='grc' dir='ltr'><strong>γνωρίμου;</strong></span> <span class='ocrx_word' id='word_1_213' title='bbox 1624 2089 1924 2171; x_wconf 81' lang='grc' dir='ltr'><strong>ὀνομάτων</strong></span> <span class='ocrx_word' id='word_1_214' title='bbox 1982 2091 2087 2172; x_wconf 83' lang='grc' dir='ltr'><strong>μὲν</strong></span> <span class='ocrx_word' id='word_1_215' title='bbox 2134 2088 2231 2153; x_wconf 77' lang='grc' dir='ltr'><strong>οὖν</strong></span> <span class='ocrx_word' id='word_1_216' title='bbox 2299 2090 2485 2160; x_wconf 79' lang='grc' dir='ltr'><strong>οὐδεὶς</strong></span> <span class='ocrx_word' id='word_1_217' title='bbox 2539 2091 2776 2174; x_wconf 86' lang='grc' dir='ltr'><strong>φθόνος,</strong></span> <span class='ocrx_word' id='word_1_218' title='bbox 2846 2092 2911 2153; x_wconf 87' lang='grc' dir='ltr'><strong>τὸ</strong></span> <span class='ocrx_word' id='word_1_219' title='bbox 2957 2090 3007 2153; x_wconf 87' lang='grc' dir='ltr'><strong>δ’</strong></span> 
     </span>
     <span class='ocr_line' id='line_1_19' title="bbox 530 2190 3017 2278; baseline -0.001 -21"><span class='ocrx_word' id='word_1_220' title='bbox 530 2194 801 2277; x_wconf 82' lang='grc' dir='ltr'><strong>ἡγεῖσθαι</strong></span> <span class='ocrx_word' id='word_1_221' title='bbox 866 2194 1039 2256; x_wconf 85' lang='grc' dir='ltr'><strong>πλέον</strong></span> <span class='ocrx_word' id='word_1_222' title='bbox 1105 2216 1157 2256; x_wconf 91' lang='grc' dir='ltr'><strong>τι</strong></span> <span class='ocrx_word' id='word_1_223' title='bbox 1200 2195 1321 2261; x_wconf 86' lang='grc' dir='ltr'><strong>τοῖς</strong></span> <span class='ocrx_word' id='word_1_224' title='bbox 1366 2190 1544 2277; x_wconf 69' lang='grc' dir='ltr'><strong>ζῴοις</strong></span> <span class='ocrx_word' id='word_1_225' title='bbox 1589 2192 1806 2256; x_wconf 83' lang='grc' dir='ltr'><strong>διδόναι</strong></span> <span class='ocrx_word' id='word_1_226' title='bbox 1851 2193 1911 2257; x_wconf 78' lang='grc' dir='ltr'><strong>ἐν</strong></span> <span class='ocrx_word' id='word_1_227' title='bbox 1955 2197 2074 2262; x_wconf 78' lang='grc' dir='ltr'><strong>τοῖς</strong></span> <span class='ocrx_word' id='word_1_228' title='bbox 2138 2193 2456 2276; x_wconf 84' lang='grc' dir='ltr'><strong>γινομένοις</strong></span> <span class='ocrx_word' id='word_1_229' title='bbox 2499 2192 2572 2257; x_wconf 89' lang='grc' dir='ltr'><strong>δι’</strong></span> <span class='ocrx_word' id='word_1_230' title='bbox 2627 2193 2816 2257; x_wconf 82' lang='grc' dir='ltr'><strong>αὐτῶν</strong></span> <span class='ocrx_word' id='word_1_231' title='bbox 2862 2192 3017 2278; x_wconf 83' lang='grc' dir='ltr'><strong>παρὰ</strong></span> 
     </span>
     <span class='ocr_line' id='line_1_20' title="bbox 524 2296 3102 2383; baseline -0.002 -22"><span class='ocrx_word' id='word_1_232' title='bbox 524 2298 723 2378; x_wconf 78' lang='grc' dir='ltr'><strong>τᾶλλα,</strong></span> <span class='ocrx_word' id='word_1_233' title='bbox 772 2297 846 2361; x_wconf 86' lang='grc' dir='ltr'><strong>δι’</strong></span> <span class='ocrx_word' id='word_1_234' title='bbox 903 2300 984 2359; x_wconf 80' lang='grc' dir='ltr'><strong>ὧν</strong></span> <span class='ocrx_word' id='word_1_235' title='bbox 1028 2321 1081 2359; x_wconf 90' lang='grc' dir='ltr'><strong>τι</strong></span> <span class='ocrx_word' id='word_1_236' title='bbox 1126 2298 1221 2359; x_wconf 88' lang='grc' dir='ltr'><strong>καὶ</strong></span> <span class='ocrx_word' id='word_1_237' title='bbox 1264 2297 1457 2360; x_wconf 72' lang='grc' dir='ltr'><strong>αὐτῶν</strong></span> <span class='ocrx_word' id='word_1_238' title='bbox 1502 2298 1731 2380; x_wconf 86' lang='grc' dir='ltr'><strong>γίνεται,</strong></span> <span class='ocrx_word' id='word_1_239' title='bbox 1780 2298 1961 2383; x_wconf 88' lang='grc' dir='ltr'><strong>μηδὲν</strong></span> <span class='ocrx_word' id='word_1_240' title='bbox 2007 2298 2179 2361; x_wconf 84' lang='grc' dir='ltr'><strong>πλέον</strong></span> <span class='ocrx_word' id='word_1_241' title='bbox 2225 2302 2326 2361; x_wconf 78' lang='grc' dir='ltr'><strong>τοῦ</strong></span> <span class='ocrx_word' id='word_1_242' title='bbox 2370 2296 2464 2361; x_wconf 84' lang='grc' dir='ltr'><strong>ἐπ’</strong></span> <span class='ocrx_word' id='word_1_243' title='bbox 2507 2299 2703 2367; x_wconf 80' lang='grc' dir='ltr'><strong>αὐτοῖς</strong></span> <span class='ocrx_word' id='word_1_244' title='bbox 2737 2296 3020 2381; x_wconf 75' lang='grc' dir='ltr'><strong>ὀνόματος</strong></span> <span class='ocrx_word' id='word_1_245' title='bbox 3045 2312 3102 2355; x_wconf 73' lang='lat'><strong>20</strong></span> 
     </span>
     <span class='ocr_line' id='line_1_21' title="bbox 419 2398 3020 2488; baseline -0.002 -21"><span class='ocrx_word' id='word_1_246' title='bbox 419 2422 487 2469; x_wconf 79' lang='lat'><strong>20</strong></span> <span class='ocrx_word' id='word_1_247' title='bbox 524 2406 837 2488; x_wconf 81' lang='grc' dir='ltr'><strong>τηροῦντας</strong></span> <span class='ocrx_word' id='word_1_248' title='bbox 882 2400 1094 2472; x_wconf 78' lang='grc' dir='ltr'><strong>αὐτοῖς,</strong></span> <span class='ocrx_word' id='word_1_249' title='bbox 1161 2398 1314 2463; x_wconf 84' lang='grc' dir='ltr'><strong>τοῦτ’</strong></span> <span class='ocrx_word' id='word_1_250' title='bbox 1371 2400 1513 2463; x_wconf 82' lang='grc' dir='ltr'><strong>αὐτὸ</strong></span> <span class='ocrx_word' id='word_1_251' title='bbox 1560 2401 1866 2476; x_wconf 80' lang='grc' dir='ltr'><strong>αἰτιατέον,</strong></span> <span class='ocrx_word' id='word_1_252' title='bbox 1935 2405 2016 2470; x_wconf 85' lang='grc' dir='ltr'><strong>ὡς</strong></span> <span class='ocrx_word' id='word_1_253' title='bbox 2060 2400 2250 2463; x_wconf 82' lang='grc' dir='ltr'><strong>αὐτῶν</strong></span> <span class='ocrx_word' id='word_1_254' title='bbox 2321 2401 2716 2484; x_wconf 80' lang='grc' dir='ltr'><strong>ἀπατωμένων</strong></span> <span class='ocrx_word' id='word_1_255' title='bbox 2774 2398 2872 2463; x_wconf 84' lang='grc' dir='ltr'><strong>διὰ</strong></span> <span class='ocrx_word' id='word_1_256' title='bbox 2916 2400 3020 2482; x_wconf 77' lang='grc' dir='ltr'><strong>τὴν</strong></span> 
     </span>
     <span class='ocr_line' id='line_1_22' title="bbox 523 2502 3021 2588; baseline -0.002 -18"><span class='ocrx_word' id='word_1_257' title='bbox 523 2512 623 2570; x_wconf 80' lang='grc' dir='ltr'><strong>τοῦ</strong></span> <span class='ocrx_word' id='word_1_258' title='bbox 690 2504 971 2585; x_wconf 80' lang='grc' dir='ltr'><strong>ὀνόματος</strong></span> <span class='ocrx_word' id='word_1_259' title='bbox 1036 2504 1353 2577; x_wconf 84' lang='grc' dir='ltr'><strong>κοινωνίαν,</strong></span> <span class='ocrx_word' id='word_1_260' title='bbox 1422 2504 1461 2587; x_wconf 88' lang='grc' dir='ltr'>ἢ</span> <span class='ocrx_word' id='word_1_261' title='bbox 1508 2508 1589 2573; x_wconf 84' lang='grc' dir='ltr'><strong>ὡς</strong></span> <span class='ocrx_word' id='word_1_262' title='bbox 1632 2508 1733 2567; x_wconf 83' lang='grc' dir='ltr'><strong>τοῦ</strong></span> <span class='ocrx_word' id='word_1_263' title='bbox 1779 2504 1994 2573; x_wconf 80' lang='grc' dir='ltr'><strong>ἄλλους</strong></span> <span class='ocrx_word' id='word_1_264' title='bbox 2061 2505 2284 2567; x_wconf 83' lang='grc' dir='ltr'><strong>ἀπατᾶν</strong></span> <span class='ocrx_word' id='word_1_265' title='bbox 2346 2504 2834 2588; x_wconf 81' lang='grc' dir='ltr'><strong>προαιρουμένων.</strong></span> <span class='ocrx_word' id='word_1_266' title='bbox 2925 2502 3021 2565; x_wconf 82' lang='grc' dir='ltr'><strong>ἐπὶ</strong></span> 
     </span>
     <span class='ocr_line' id='line_1_23' title="bbox 522 2605 3018 2693; baseline -0.002 -21"><span class='ocrx_word' id='word_1_267' title='bbox 522 2611 708 2693; x_wconf 81' lang='grc' dir='ltr'><strong>τούτῳ</strong></span> <span class='ocrx_word' id='word_1_268' title='bbox 754 2610 819 2671; x_wconf 84' lang='grc' dir='ltr'><strong>δὲ</strong></span> <span class='ocrx_word' id='word_1_269' title='bbox 863 2608 1049 2671; x_wconf 83' lang='grc' dir='ltr'><strong>ἐκεῖνο</strong></span> <span class='ocrx_word' id='word_1_270' title='bbox 1093 2605 1163 2669; x_wconf 83' lang='grc' dir='ltr'><strong>ἄν</strong></span> <span class='ocrx_word' id='word_1_271' title='bbox 1208 2630 1293 2675; x_wconf 89' lang='grc' dir='ltr'><strong>τις</strong></span> <span class='ocrx_word' id='word_1_272' title='bbox 1353 2607 1544 2671; x_wconf 84' lang='grc' dir='ltr'><strong>αὐτῶν</strong></span> <span class='ocrx_word' id='word_1_273' title='bbox 1613 2608 1984 2689; x_wconf 85' lang='grc' dir='ltr'><strong>θαυμάσειεν,</strong></span> <span class='ocrx_word' id='word_1_274' title='bbox 2051 2608 2108 2669; x_wconf 91' lang='grc' dir='ltr'><strong>τί</strong></span> <span class='ocrx_word' id='word_1_275' title='bbox 2173 2605 2456 2676; x_wconf 84' lang='grc' dir='ltr'><strong>παθόντες</strong></span> <span class='ocrx_word' id='word_1_276' title='bbox 2522 2608 2582 2671; x_wconf 79' lang='grc' dir='ltr'><strong>ἐν</strong></span> <span class='ocrx_word' id='word_1_277' title='bbox 2627 2613 2704 2691; x_wconf 81' lang='grc' dir='ltr'><strong>τῇ</strong></span> <span class='ocrx_word' id='word_1_278' title='bbox 2753 2608 2910 2689; x_wconf 80' lang='grc' dir='ltr'><strong>ὁρμῇ</strong></span> <span class='ocrx_word' id='word_1_279' title='bbox 2957 2626 3018 2667; x_wconf 90' lang='grc' dir='ltr'><strong>τε</strong></span> 
     </span>
     <span class='ocr_line' id='line_1_24' title="bbox 525 2708 3090 2795; baseline -0.003 -19"><span class='ocrx_word' id='word_1_280' title='bbox 525 2716 617 2775; x_wconf 82' lang='grc' dir='ltr'><strong>καὶ</strong></span> <span class='ocrx_word' id='word_1_281' title='bbox 685 2710 1103 2794; x_wconf 86' lang='grc' dir='ltr'><strong>συγκαταθέσει</strong></span> <span class='ocrx_word' id='word_1_282' title='bbox 1169 2712 1233 2773; x_wconf 87' lang='grc' dir='ltr'><strong>τὸ</strong></span> <span class='ocrx_word' id='word_1_283' title='bbox 1279 2708 1373 2795; x_wconf 84' lang='grc' dir='ltr'><strong>ἐφ’</strong></span> <span class='ocrx_word' id='word_1_284' title='bbox 1430 2712 1569 2794; x_wconf 81' lang='grc' dir='ltr'><strong>ἡμῖν</strong></span> <span class='ocrx_word' id='word_1_285' title='bbox 1614 2732 1787 2795; x_wconf 86' lang='grc' dir='ltr'><strong>φασιν</strong></span> <span class='ocrx_word' id='word_1_286' title='bbox 1833 2710 1998 2787; x_wconf 90' lang='grc' dir='ltr'><strong>εἷναι,</strong></span> <span class='ocrx_word' id='word_1_287' title='bbox 2064 2708 2138 2773; x_wconf 87' lang='grc' dir='ltr'><strong>δι’</strong></span> <span class='ocrx_word' id='word_1_288' title='bbox 2195 2708 2228 2772; x_wconf 88' lang='grc' dir='ltr'>ὃ</span> <span class='ocrx_word' id='word_1_289' title='bbox 2286 2711 2380 2773; x_wconf 81' lang='grc' dir='ltr'><strong>καὶ</strong></span> <span class='ocrx_word' id='word_1_290' title='bbox 2447 2712 2664 2795; x_wconf 84' lang='grc' dir='ltr'><strong>ὁμοίως</strong></span> <span class='ocrx_word' id='word_1_291' title='bbox 2731 2710 2791 2773; x_wconf 85' lang='grc' dir='ltr'><strong>ἐν</strong></span> <span class='ocrx_word' id='word_1_292' title='bbox 2836 2713 3008 2771; x_wconf 81' lang='grc' dir='ltr'><strong>πᾶσιν</strong></span> <span class='ocrx_word' id='word_1_293' title='bbox 3037 2722 3090 2764; x_wconf 72' lang='lat'><strong>26</strong></span> 
     </span>
     <span class='ocr_line' id='line_1_25' title="bbox 529 2812 3017 2900; baseline -0.002 -23"><span class='ocrx_word' id='word_1_294' title='bbox 529 2818 646 2884; x_wconf 87' lang='grc' dir='ltr'><strong>τοῖς</strong></span> <span class='ocrx_word' id='word_1_295' title='bbox 692 2814 866 2900; x_wconf 75' lang='grc' dir='ltr'><strong>ζῴοις</strong></span> <span class='ocrx_word' id='word_1_296' title='bbox 910 2818 1179 2899; x_wconf 84' lang='grc' dir='ltr'><strong>τηροῦσιν</strong></span> <span class='ocrx_word' id='word_1_297' title='bbox 1224 2812 1385 2876; x_wconf 83' lang='grc' dir='ltr'><strong>αὐτό.</strong></span> <span class='ocrx_word' id='word_1_298' title='bbox 1461 2814 1528 2877; x_wconf 82' lang='grc' dir='ltr'><strong>οὐ</strong></span> <span class='ocrx_word' id='word_1_299' title='bbox 1573 2813 1683 2897; x_wconf 84' lang='grc' dir='ltr'><strong>γὰρ</strong></span> <span class='ocrx_word' id='word_1_300' title='bbox 1726 2814 1791 2876; x_wconf 83' lang='grc' dir='ltr'><strong>τὸ</strong></span> <span class='ocrx_word' id='word_1_301' title='bbox 1837 2812 1932 2898; x_wconf 84' lang='grc' dir='ltr'><strong>ἐφ’</strong></span> <span class='ocrx_word' id='word_1_302' title='bbox 1987 2816 2128 2897; x_wconf 84' lang='grc' dir='ltr'><strong>ἡμῖν</strong></span> <span class='ocrx_word' id='word_1_303' title='bbox 2174 2812 2234 2875; x_wconf 81' lang='grc' dir='ltr'><strong>ἐν</strong></span> <span class='ocrx_word' id='word_1_304' title='bbox 2280 2816 2369 2897; x_wconf 72' lang='grc' dir='ltr'><strong>τῷ</strong></span> <span class='ocrx_word' id='word_1_305' title='bbox 2415 2814 2730 2897; x_wconf 83' lang='grc' dir='ltr'><strong>φαντασίας</strong></span> <span class='ocrx_word' id='word_1_306' title='bbox 2773 2832 3017 2896; x_wconf 88' lang='grc' dir='ltr'><strong>προσπε-</strong></span> 
     </span>
     <span class='ocr_line' id='line_1_26' title="bbox 420 2898 3018 3003; baseline -0.003 -20"><span class='ocrx_word' id='word_1_307' title='bbox 420 2937 485 2988; x_wconf 82' lang='grc'><strong>25</strong></span> <span class='ocrx_word' id='word_1_308' title='bbox 524 2920 739 3003; x_wconf 82' lang='grc' dir='ltr'><strong>σούσης</strong></span> <span class='ocrx_word' id='word_1_309' title='bbox 782 2918 929 2987; x_wconf 72' lang='grc' dir='ltr'><strong>εἶξαί</strong></span> <span class='ocrx_word' id='word_1_310' title='bbox 968 2942 1030 2980; x_wconf 86' lang='grc' dir='ltr'><strong>τε</strong></span> <span class='ocrx_word' id='word_1_311' title='bbox 1074 2917 1133 2986; x_wconf 75' lang='grc' dir='ltr'><strong>ἐξ</strong></span> <span class='ocrx_word' id='word_1_312' title='bbox 1178 2918 1401 2980; x_wconf 82' lang='grc' dir='ltr'><strong>ἑαυτῶν</strong></span> <span class='ocrx_word' id='word_1_313' title='bbox 1446 2922 1522 3000; x_wconf 73' lang='grc' dir='ltr'><strong>τῇ</strong></span> <span class='ocrx_word' id='word_1_314' title='bbox 1569 2918 1855 3002; x_wconf 75' lang='grc' dir='ltr'><strong>φαντασίᾳ</strong></span> <span class='ocrx_word' id='word_1_315' title='bbox 1909 2918 2004 2979; x_wconf 86' lang='grc' dir='ltr'><strong>καὶ</strong></span> <span class='ocrx_word' id='word_1_316' title='bbox 2049 2918 2306 3001; x_wconf 83' lang='grc' dir='ltr'><strong>ὁρμῆσαι</strong></span> <span class='ocrx_word' id='word_1_317' title='bbox 2351 2916 2445 2978; x_wconf 85' lang='grc' dir='ltr'><strong>ἐπὶ</strong></span> <span class='ocrx_word' id='word_1_318' title='bbox 2490 2917 2556 2978; x_wconf 84' lang='grc' dir='ltr'><strong>τὸ</strong></span> <span class='ocrx_word' id='word_1_319' title='bbox 2602 2914 2798 2999; x_wconf 84' lang='grc' dir='ltr'><strong>φανέν,</strong></span> <span class='ocrx_word' id='word_1_320' title='bbox 2868 2898 3018 2976; x_wconf 77' lang='grc' dir='ltr'><strong>α’λλᾶ</strong></span> 
     </span>
     <span class='ocr_line' id='line_1_27' title="bbox 527 3015 3094 3105; baseline -0.004 -21"><span class='ocrx_word' id='word_1_321' title='bbox 527 3026 694 3086; x_wconf 82' lang='grc' dir='ltr'><strong>τοῦτο</strong></span> <span class='ocrx_word' id='word_1_322' title='bbox 744 3022 847 3105; x_wconf 83' lang='grc' dir='ltr'><strong>μὲν</strong></span> <span class='ocrx_word' id='word_1_323' title='bbox 895 3020 962 3083; x_wconf 81' lang='grc' dir='ltr'><strong>ἂν</strong></span> <span class='ocrx_word' id='word_1_324' title='bbox 1010 3021 1150 3090; x_wconf 80' lang='grc' dir='ltr'><strong>ἴσως</strong></span> <span class='ocrx_word' id='word_1_325' title='bbox 1194 3019 1287 3103; x_wconf 78' lang='grc' dir='ltr'><strong>εἴη</strong></span> <span class='ocrx_word' id='word_1_326' title='bbox 1334 3024 1435 3082; x_wconf 80' lang='grc' dir='ltr'><strong>τοῦ</strong></span> <span class='ocrx_word' id='word_1_327' title='bbox 1482 3020 1747 3084; x_wconf 84' lang='grc' dir='ltr'><strong>ἑκουσίου</strong></span> <span class='ocrx_word' id='word_1_328' title='bbox 1794 3019 2314 3084; x_wconf 88' lang='grc' dir='ltr'><strong>κατασκευαστικόν</strong></span> <span class='ocrx_word' id='word_1_329' title='bbox 2345 3042 2407 3083; x_wconf 87' lang='grc' dir='ltr'><strong>τε</strong></span> <span class='ocrx_word' id='word_1_330' title='bbox 2439 3020 2535 3081; x_wconf 87' lang='grc' dir='ltr'><strong>καὶ</strong></span> <span class='ocrx_word' id='word_1_331' title='bbox 2566 3015 2862 3081; x_wconf 79' lang='grc' dir='ltr'><strong>δεικτικόν.</strong></span> <span class='ocrx_word' id='word_1_332' title='bbox 2941 3015 3009 3077; x_wconf 89' lang='grc' dir='ltr'><strong>οὐ</strong></span> <span class='ocrx_word' id='word_1_333' title='bbox 3037 3033 3094 3075; x_wconf 70' lang='grc' dir='ltr'><strong>ευ</strong></span> 
     </span>
     <span class='ocr_line' id='line_1_28' title="bbox 528 3119 3021 3211; baseline -0.002 -25"><span class='ocrx_word' id='word_1_334' title='bbox 528 3128 642 3211; x_wconf 83' lang='grc' dir='ltr'><strong>μὴν</strong></span> <span class='ocrx_word' id='word_1_335' title='bbox 710 3124 915 3189; x_wconf 84' lang='grc' dir='ltr'><strong>ταύτὸν</strong></span> <span class='ocrx_word' id='word_1_336' title='bbox 960 3124 1026 3188; x_wconf 81' lang='grc' dir='ltr'><strong>τό</strong></span> <span class='ocrx_word' id='word_1_337' title='bbox 1091 3148 1153 3187; x_wconf 90' lang='grc' dir='ltr'><strong>τε</strong></span> <span class='ocrx_word' id='word_1_338' title='bbox 1221 3124 1481 3193; x_wconf 73' lang='grc' dir='ltr'><strong>ἑκούσιον</strong></span> <span class='ocrx_word' id='word_1_339' title='bbox 1550 3125 1647 3186; x_wconf 81' lang='grc' dir='ltr'><strong>καὶ</strong></span> <span class='ocrx_word' id='word_1_340' title='bbox 1716 3125 1779 3187; x_wconf 86' lang='grc' dir='ltr'><strong>τὸ</strong></span> <span class='ocrx_word' id='word_1_341' title='bbox 1825 3122 1920 3208; x_wconf 84' lang='grc' dir='ltr'><strong>ἐφ’</strong></span> <span class='ocrx_word' id='word_1_342' title='bbox 1975 3126 2134 3207; x_wconf 84' lang='grc' dir='ltr'><strong>ἡμῖν.</strong></span> <span class='ocrx_word' id='word_1_343' title='bbox 2225 3122 2485 3185; x_wconf 80' lang='grc' dir='ltr'><strong>ἑκούσιον</strong></span> <span class='ocrx_word' id='word_1_344' title='bbox 2554 3122 2658 3200; x_wconf 86' lang='grc' dir='ltr'><strong>μὲν</strong></span> <span class='ocrx_word' id='word_1_345' title='bbox 2701 3120 2806 3204; x_wconf 83' lang='grc' dir='ltr'><strong>γὰρ</strong></span> <span class='ocrx_word' id='word_1_346' title='bbox 2851 3119 2916 3182; x_wconf 86' lang='grc' dir='ltr'><strong>τὸ</strong></span> <span class='ocrx_word' id='word_1_347' title='bbox 2962 3119 3021 3188; x_wconf 72' lang='grc' dir='ltr'><strong>ἐξ</strong></span> 
     </span>
     <span class='ocr_line' id='line_1_29' title="bbox 526 3221 3019 3314; baseline -0.003 -23"><span class='ocrx_word' id='word_1_348' title='bbox 526 3230 804 3314; x_wconf 85' lang='grc' dir='ltr'><strong>ἀβιάστου</strong></span> <span class='ocrx_word' id='word_1_349' title='bbox 869 3230 1165 3311; x_wconf 87' lang='grc' dir='ltr'><strong>γινόμενον</strong></span> <span class='ocrx_word' id='word_1_350' title='bbox 1233 3225 1733 3309; x_wconf 84' lang='grc' dir='ltr'><strong>συγκαταθέσεως,</strong></span> <span class='ocrx_word' id='word_1_351' title='bbox 1802 3225 1898 3311; x_wconf 80' lang='grc' dir='ltr'><strong>ἐφ’</strong></span> <span class='ocrx_word' id='word_1_352' title='bbox 1956 3228 2096 3310; x_wconf 81' lang='grc' dir='ltr'><strong>ἡμῖν</strong></span> <span class='ocrx_word' id='word_1_353' title='bbox 2141 3226 2209 3289; x_wconf 84' lang='grc' dir='ltr'><strong>δὲ</strong></span> <span class='ocrx_word' id='word_1_354' title='bbox 2251 3226 2315 3287; x_wconf 82' lang='grc' dir='ltr'><strong>τὸ</strong></span> <span class='ocrx_word' id='word_1_355' title='bbox 2382 3222 2678 3307; x_wconf 81' lang='grc' dir='ltr'><strong>γινόμενον</strong></span> <span class='ocrx_word' id='word_1_356' title='bbox 2726 3221 2871 3306; x_wconf 83' lang='grc' dir='ltr'><strong>μετὰ</strong></span> <span class='ocrx_word' id='word_1_357' title='bbox 2914 3227 3019 3304; x_wconf 81' lang='grc' dir='ltr'><strong>τῆς</strong></span> 
     </span>
     <span class='ocr_line' id='line_1_30' title="bbox 524 3326 3017 3415; baseline -0.004 -20"><span class='ocrx_word' id='word_1_358' title='bbox 524 3333 668 3395; x_wconf 84' lang='grc' dir='ltr'><strong>κατὰ</strong></span> <span class='ocrx_word' id='word_1_359' title='bbox 711 3332 879 3415; x_wconf 77' lang='grc' dir='ltr'><strong>λόγον</strong></span> <span class='ocrx_word' id='word_1_360' title='bbox 924 3355 987 3395; x_wconf 89' lang='grc' dir='ltr'><strong>τε</strong></span> <span class='ocrx_word' id='word_1_361' title='bbox 1030 3332 1127 3395; x_wconf 85' lang='grc' dir='ltr'><strong>καὶ</strong></span> <span class='ocrx_word' id='word_1_362' title='bbox 1172 3330 1351 3415; x_wconf 82' lang='grc' dir='ltr'><strong>κρίσιν</strong></span> <span class='ocrx_word' id='word_1_363' title='bbox 1403 3330 1913 3412; x_wconf 85' lang='grc' dir='ltr'><strong>συγκαταθέσεως.</strong></span> <span class='ocrx_word' id='word_1_364' title='bbox 2004 3329 2092 3391; x_wconf 86' lang='grc' dir='ltr'><strong>διὸ</strong></span> <span class='ocrx_word' id='word_1_365' title='bbox 2137 3327 2200 3390; x_wconf 77' lang='grc' dir='ltr'><strong>εἴ</strong></span> <span class='ocrx_word' id='word_1_366' title='bbox 2233 3351 2285 3389; x_wconf 89' lang='grc' dir='ltr'><strong>τι</strong></span> <span class='ocrx_word' id='word_1_367' title='bbox 2332 3328 2435 3411; x_wconf 88' lang='grc' dir='ltr'><strong>μὲν</strong></span> <span class='ocrx_word' id='word_1_368' title='bbox 2481 3326 2574 3410; x_wconf 83' lang='grc' dir='ltr'><strong>ἐφ’</strong></span> <span class='ocrx_word' id='word_1_369' title='bbox 2632 3328 2790 3408; x_wconf 79' lang='grc' dir='ltr'><strong>ἡμῖν,</strong></span> <span class='ocrx_word' id='word_1_370' title='bbox 2847 3328 3017 3386; x_wconf 84' lang='grc' dir='ltr'><strong>τοῦτο</strong></span> 
     </span>
     <span class='ocr_line' id='line_1_31' title="bbox 418 3427 3123 3519; baseline -0.004 -21"><span class='ocrx_word' id='word_1_371' title='bbox 418 3456 485 3503; x_wconf 89' lang='grc' dir='ltr'><strong>3ο</strong></span> <span class='ocrx_word' id='word_1_372' title='bbox 526 3438 619 3498; x_wconf 80' lang='grc' dir='ltr'><strong>καὶ</strong></span> <span class='ocrx_word' id='word_1_373' title='bbox 651 3435 934 3511; x_wconf 79' lang='grc' dir='ltr'><strong>ἑκούσιον,</strong></span> <span class='ocrx_word' id='word_1_374' title='bbox 980 3434 1047 3497; x_wconf 76' lang='grc' dir='ltr'><strong>οὒ</strong></span> <span class='ocrx_word' id='word_1_375' title='bbox 1082 3436 1195 3518; x_wconf 88' lang='grc' dir='ltr'><strong>μὴν</strong></span> <span class='ocrx_word' id='word_1_376' title='bbox 1226 3438 1341 3497; x_wconf 81' lang='grc' dir='ltr'><strong>πᾶν</strong></span> <span class='ocrx_word' id='word_1_377' title='bbox 1372 3435 1437 3497; x_wconf 82' lang='grc' dir='ltr'><strong>τὸ</strong></span> <span class='ocrx_word' id='word_1_378' title='bbox 1473 3431 1481 3519; x_wconf 73' lang='grc' dir='ltr'>Ι</span> <span class='ocrx_word' id='word_1_379' title='bbox 1518 3433 1779 3497; x_wconf 78' lang='grc' dir='ltr'><strong>ἑκούσιον</strong></span> <span class='ocrx_word' id='word_1_380' title='bbox 1812 3431 1906 3518; x_wconf 85' lang='grc' dir='ltr'><strong>ἐφ’</strong></span> <span class='ocrx_word' id='word_1_381' title='bbox 1952 3434 2110 3515; x_wconf 76' lang='grc' dir='ltr'><strong>ἡμῖν.</strong></span> <span class='ocrx_word' id='word_1_382' title='bbox 2188 3430 2470 3498; x_wconf 89' lang='grc' dir='ltr'><strong>ἑκουσίως</strong></span> <span class='ocrx_word' id='word_1_383' title='bbox 2515 3428 2618 3511; x_wconf 85' lang='grc' dir='ltr'><strong>μὲν</strong></span> <span class='ocrx_word' id='word_1_384' title='bbox 2663 3428 2771 3512; x_wconf 81' lang='grc' dir='ltr'><strong>γὰρ</strong></span> <span class='ocrx_word' id='word_1_385' title='bbox 2816 3428 2912 3490; x_wconf 85' lang='grc' dir='ltr'><strong>καὶ</strong></span> <span class='ocrx_word' id='word_1_386' title='bbox 2943 3427 3014 3489; x_wconf 78' lang='grc' dir='ltr'><strong>τὰ</strong></span> <span class='ocrx_word' id='word_1_387' title='bbox 3052 3432 3123 3490; x_wconf 84' lang='grc'><strong>50</strong></span> 
     </span>
     <span class='ocr_line' id='line_1_32' title="bbox 522 3528 3016 3624; baseline -0.005 -21"><span class='ocrx_word' id='word_1_388' title='bbox 522 3540 704 3622; x_wconf 84' lang='grc' dir='ltr'><strong>ἄλογα</strong></span> <span class='ocrx_word' id='word_1_389' title='bbox 739 3542 887 3624; x_wconf 76' lang='grc' dir='ltr'><strong>ζῷα,</strong></span> <span class='ocrx_word' id='word_1_390' title='bbox 932 3538 1042 3602; x_wconf 78' lang='grc' dir='ltr'><strong>ὅσα</strong></span> <span class='ocrx_word' id='word_1_391' title='bbox 1082 3538 1229 3602; x_wconf 81' lang='grc' dir='ltr'><strong>κατὰ</strong></span> <span class='ocrx_word' id='word_1_392' title='bbox 1272 3539 1378 3622; x_wconf 84' lang='grc' dir='ltr'><strong>τὴν</strong></span> <span class='ocrx_word' id='word_1_393' title='bbox 1410 3538 1594 3623; x_wconf 84' lang='grc' dir='ltr'><strong>ὁρμήν</strong></span> <span class='ocrx_word' id='word_1_394' title='bbox 1640 3560 1703 3599; x_wconf 90' lang='grc' dir='ltr'><strong>τε</strong></span> <span class='ocrx_word' id='word_1_395' title='bbox 1732 3536 1829 3601; x_wconf 81' lang='grc' dir='ltr'><strong>καὶ</strong></span> <span class='ocrx_word' id='word_1_396' title='bbox 1875 3534 2292 3616; x_wconf 85' lang='grc' dir='ltr'><strong>συγκατάθεσιν</strong></span> <span class='ocrx_word' id='word_1_397' title='bbox 2339 3534 2441 3615; x_wconf 86' lang='grc' dir='ltr'><strong>τὴν</strong></span> <span class='ocrx_word' id='word_1_398' title='bbox 2474 3531 2534 3593; x_wconf 86' lang='grc' dir='ltr'><strong>ἐν</strong></span> <span class='ocrx_word' id='word_1_399' title='bbox 2567 3530 2762 3599; x_wconf 85' lang='grc' dir='ltr'><strong>αὐτοῖς</strong></span> <span class='ocrx_word' id='word_1_400' title='bbox 2791 3528 3016 3615; x_wconf 76' lang='grc' dir='ltr'><strong>(ποιεῖ),</strong></span> 
     </span>
     <span class='ocr_line' id='line_1_33' title="bbox 521 3633 3015 3726; baseline -0.006 -19"><span class='ocrx_word' id='word_1_401' title='bbox 521 3648 690 3719; x_wconf 87' lang='grc' dir='ltr'><strong>ποιεῖ,</strong></span> <span class='ocrx_word' id='word_1_402' title='bbox 734 3643 799 3705; x_wconf 86' lang='grc' dir='ltr'><strong>τὸ</strong></span> <span class='ocrx_word' id='word_1_403' title='bbox 845 3642 910 3706; x_wconf 83' lang='grc' dir='ltr'><strong>δὲ</strong></span> <span class='ocrx_word' id='word_1_404' title='bbox 952 3640 1045 3703; x_wconf 83' lang='grc' dir='ltr'><strong>ἐπ’</strong></span> <span class='ocrx_word' id='word_1_405' title='bbox 1102 3640 1264 3726; x_wconf 76' lang='grc' dir='ltr'><strong>αὐτῷ</strong></span> <span class='ocrx_word' id='word_1_406' title='bbox 1307 3665 1359 3704; x_wconf 93' lang='grc' dir='ltr'><strong>τι</strong></span> <span class='ocrx_word' id='word_1_407' title='bbox 1390 3640 1535 3705; x_wconf 78' lang='grc' dir='ltr'><strong>εἶναι</strong></span> <span class='ocrx_word' id='word_1_408' title='bbox 1579 3644 1695 3704; x_wconf 84' lang='grc' dir='ltr'><strong>τῶν</strong></span> <span class='ocrx_word' id='word_1_409' title='bbox 1738 3638 2052 3722; x_wconf 87' lang='grc' dir='ltr'><strong>γινομένων</strong></span> <span class='ocrx_word' id='word_1_410' title='bbox 2115 3634 2210 3700; x_wconf 83' lang='grc' dir='ltr'><strong>ὑπ’</strong></span> <span class='ocrx_word' id='word_1_411' title='bbox 2267 3636 2446 3699; x_wconf 80' lang='grc' dir='ltr'><strong>αὐτοῦ</strong></span> <span class='ocrx_word' id='word_1_412' title='bbox 2491 3634 2632 3698; x_wconf 80' lang='grc' dir='ltr'><strong>ἴδιον</strong></span> <span class='ocrx_word' id='word_1_413' title='bbox 2678 3633 3015 3716; x_wconf 81' lang='grc' dir='ltr'><strong>ἀνθρώπου.</strong></span> 
     </span>
     <span class='ocr_line' id='line_1_34' title="bbox 516 3736 3097 3830; baseline -0.006 -21"><span class='ocrx_word' id='word_1_414' title='bbox 516 3750 683 3809; x_wconf 79' lang='grc' dir='ltr'><strong>τοῦτο</strong></span> <span class='ocrx_word' id='word_1_415' title='bbox 721 3746 831 3830; x_wconf 84' lang='grc' dir='ltr'><strong>γάρ</strong></span> <span class='ocrx_word' id='word_1_416' title='bbox 860 3745 1012 3808; x_wconf 88' lang='grc' dir='ltr'><strong>ἐστιν</strong></span> <span class='ocrx_word' id='word_1_417' title='bbox 1030 3743 1205 3830; x_wconf 73' lang='grc' dir='ltr'><strong>ἀὐτῷ</strong></span> <span class='ocrx_word' id='word_1_418' title='bbox 1239 3749 1323 3828; x_wconf 76' lang='grc' dir='ltr'><strong>τῷ</strong></span> <span class='ocrx_word' id='word_1_419' title='bbox 1356 3743 1503 3807; x_wconf 80' lang='grc' dir='ltr'><strong>εἶναι</strong></span> <span class='ocrx_word' id='word_1_420' title='bbox 1535 3747 1750 3830; x_wconf 74' lang='grc' dir='ltr'><strong>λογικῷ</strong></span> <span class='ocrx_word' id='word_1_421' title='bbox 1784 3744 1850 3806; x_wconf 84' lang='grc' dir='ltr'><strong>τὸ</strong></span> <span class='ocrx_word' id='word_1_422' title='bbox 1883 3740 2041 3827; x_wconf 80' lang='grc' dir='ltr'><strong>ἔχειν</strong></span> <span class='ocrx_word' id='word_1_423' title='bbox 2087 3740 2146 3803; x_wconf 86' lang='grc' dir='ltr'><strong>ἐν</strong></span> <span class='ocrx_word' id='word_1_424' title='bbox 2193 3739 2354 3824; x_wconf 82' lang='grc' dir='ltr'><strong>αὑτῷ</strong></span> <span class='ocrx_word' id='word_1_425' title='bbox 2401 3736 2570 3819; x_wconf 80' lang='grc' dir='ltr'><strong>λόγον</strong></span> <span class='ocrx_word' id='word_1_426' title='bbox 2615 3740 2729 3799; x_wconf 85' lang='grc' dir='ltr'><strong>τῶν</strong></span> <span class='ocrx_word' id='word_1_427' title='bbox 2776 3756 3016 3819; x_wconf 87' lang='grc' dir='ltr'><strong>προσπι-</strong></span> <span class='ocrx_word' id='word_1_428' title='bbox 3069 3753 3097 3794; x_wconf 74' lang='lat'>5</span> 
     </span>
     <span class='ocr_line' id='line_1_35' title="bbox 518 3840 3016 3933; baseline -0.004 -22"><span class='ocrx_word' id='word_1_429' title='bbox 518 3855 785 3913; x_wconf 82' lang='grc' dir='ltr'><strong>πτουσῶν</strong></span> <span class='ocrx_word' id='word_1_430' title='bbox 851 3853 1181 3933; x_wconf 84' lang='grc' dir='ltr'><strong>φαντασιῶν</strong></span> <span class='ocrx_word' id='word_1_431' title='bbox 1244 3849 1338 3911; x_wconf 79' lang='grc' dir='ltr'><strong>καὶ</strong></span> <span class='ocrx_word' id='word_1_432' title='bbox 1404 3847 1557 3916; x_wconf 84' lang='grc' dir='ltr'><strong>ὅλως</strong></span> <span class='ocrx_word' id='word_1_433' title='bbox 1622 3851 1737 3908; x_wconf 86' lang='grc' dir='ltr'><strong>τῶν</strong></span> <span class='ocrx_word' id='word_1_434' title='bbox 1806 3844 2108 3929; x_wconf 86' lang='grc' dir='ltr'><strong>πρακτέων</strong></span> <span class='ocrx_word' id='word_1_435' title='bbox 2173 3867 2233 3906; x_wconf 89' lang='grc' dir='ltr'><strong>τε</strong></span> <span class='ocrx_word' id='word_1_436' title='bbox 2277 3844 2374 3907; x_wconf 83' lang='grc' dir='ltr'><strong>καὶ</strong></span> <span class='ocrx_word' id='word_1_437' title='bbox 2419 3845 2500 3926; x_wconf 87' lang='grc' dir='ltr'><strong>μὴ</strong></span> <span class='ocrx_word' id='word_1_438' title='bbox 2571 3840 2767 3925; x_wconf 85' lang='grc' dir='ltr'><strong>κριτήν</strong></span> <span class='ocrx_word' id='word_1_439' title='bbox 2811 3863 2876 3903; x_wconf 89' lang='grc' dir='ltr'><strong>τε</strong></span> <span class='ocrx_word' id='word_1_440' title='bbox 2921 3840 3016 3902; x_wconf 86' lang='grc' dir='ltr'><strong>καὶ</strong></span> 
     </span>
    </p>
   </div>
   <div class='ocr_carea' id='block_1_3' title="bbox 406 4078 3121 4952">
    <p class='ocr_par' dir='ltr' id='par_1_3' title="bbox 412 4078 3120 4249">
     <span class='ocr_line' id='line_1_36' title="bbox 416 4078 3120 4161; baseline -0.004 -18"><span class='ocrx_word' id='word_1_441' title='bbox 416 4093 439 4143; x_wconf 94' lang='grc'><strong>1</strong></span> <span class='ocrx_word' id='word_1_442' title='bbox 479 4091 738 4161; x_wconf 81' lang='grc' dir='ltr'><strong>γινομένου</strong></span> <span class='ocrx_word' id='word_1_443' title='bbox 756 4094 841 4145; x_wconf 88' lang='lat' dir='ltr'><strong>ES</strong></span> <span class='ocrx_word' id='word_1_444' title='bbox 863 4092 1028 4144; x_wconf 90' lang='lat' dir='ltr'><strong>Lond.</strong></span> <span class='ocrx_word' id='word_1_445' title='bbox 1196 4088 1243 4139; x_wconf 76' lang='lat'><strong>2.</strong></span> <span class='ocrx_word' id='word_1_446' title='bbox 1270 4090 1302 4141; x_wconf 91' lang='grc'>3</span> <span class='ocrx_word' id='word_1_447' title='bbox 1340 4083 1424 4141; x_wconf 76' lang='grc' dir='ltr'><strong>ἐπ’</strong></span> <span class='ocrx_word' id='word_1_448' title='bbox 1456 4086 1646 4155; x_wconf 79' lang='grc' dir='ltr'><strong>αὐτοῖς]</strong></span> <span class='ocrx_word' id='word_1_449' title='bbox 1674 4084 1760 4156; x_wconf 69' lang='grc' dir='ltr'><strong>ἐφ’</strong></span> <span class='ocrx_word' id='word_1_450' title='bbox 1782 4088 1903 4156; x_wconf 83' lang='grc' dir='ltr'><strong>ἡμῖν</strong></span> <span class='ocrx_word' id='word_1_451' title='bbox 1931 4090 1976 4139; x_wconf 93' lang='lat' dir='ltr'>O</span> <span class='ocrx_word' id='word_1_452' title='bbox 2143 4087 2174 4138; x_wconf 85' lang='lat'>4</span> <span class='ocrx_word' id='word_1_453' title='bbox 2211 4086 2430 4137; x_wconf 77' lang='lat' dir='ltr'><strong>fortasse</strong></span> <span class='ocrx_word' id='word_1_454' title='bbox 2457 4084 2533 4135; x_wconf 83' lang='grc' dir='ltr'><strong>ἐπὶ</strong></span> <span class='ocrx_word' id='word_1_455' title='bbox 2559 4082 2646 4152; x_wconf 73' lang='grc' dir='ltr'><strong>τῷ</strong></span> <span class='ocrx_word' id='word_1_456' title='bbox 2668 4078 2801 4151; x_wconf 75' lang='grc' dir='ltr'><strong>ζῴῳ</strong></span> <span class='ocrx_word' id='word_1_457' title='bbox 2968 4081 2998 4132; x_wconf 90' lang='grc'><strong>6</strong></span> <span class='ocrx_word' id='word_1_458' title='bbox 3025 4081 3120 4151; x_wconf 86' lang='grc' dir='ltr'><strong>μὴ]</strong></span> 
     </span>
     <span class='ocr_line' id='line_1_37' title="bbox 412 4166 3052 4249; baseline -0.004 -18"><span class='ocrx_word' id='word_1_459' title='bbox 412 4181 626 4233; x_wconf 79' lang='lat' dir='ltr'><strong>fortasse</strong></span> <span class='ocrx_word' id='word_1_460' title='bbox 662 4178 695 4249; x_wconf 85' lang='grc' dir='ltr'><strong>ἢ</strong></span> <span class='ocrx_word' id='word_1_461' title='bbox 882 4180 913 4231; x_wconf 86' lang='grc'><strong>’7</strong></span> <span class='ocrx_word' id='word_1_462' title='bbox 950 4178 1167 4232; x_wconf 77' lang='lat' dir='ltr'><strong>fortasse</strong></span> <span class='ocrx_word' id='word_1_463' title='bbox 1206 4178 1483 4247; x_wconf 82' lang='grc' dir='ltr'><strong>ὁρμῆσαν</strong></span> <span class='ocrx_word' id='word_1_464' title='bbox 1682 4172 2168 4245; x_wconf 82' lang='grc' dir='ltr'><strong>συγκατατιθεμένου</strong></span> <span class='ocrx_word' id='word_1_465' title='bbox 2191 4171 2272 4225; x_wconf 70' lang='lat' dir='ltr'><strong>a¹²</strong></span> <span class='ocrx_word' id='word_1_466' title='bbox 2465 4172 2646 4235; x_wconf 82' lang='grc' dir='ltr'><strong>ταῦτα]</strong></span> <span class='ocrx_word' id='word_1_467' title='bbox 2682 4169 2763 4221; x_wconf 79' lang='grc' dir='ltr'><strong>διὰ</strong></span> <span class='ocrx_word' id='word_1_468' title='bbox 2798 4174 2946 4221; x_wconf 82' lang='grc' dir='ltr'><strong>τοῦτο</strong></span> <span class='ocrx_word' id='word_1_469' title='bbox 2981 4166 3052 4221; x_wconf 78' lang='lat'><strong>13²</strong></span> 
     </span>
    </p>

    <p class='ocr_par' dir='ltr' id='par_1_4' title="bbox 410 4257 2986 4336">
     <span class='ocr_line' id='line_1_38' title="bbox 410 4257 2986 4336; baseline -0.005 -16"><span class='ocrx_word' id='word_1_470' title='bbox 410 4268 443 4320; x_wconf 88' lang='lat'>8</span> <span class='ocrx_word' id='word_1_471' title='bbox 479 4262 565 4319; x_wconf 75' lang='grc' dir='ltr'><strong>ἐπ’</strong></span> <span class='ocrx_word' id='word_1_472' title='bbox 596 4266 737 4336; x_wconf 72' lang='grc' dir='ltr'><strong>αὐτῷ’</strong></span> <span class='ocrx_word' id='word_1_473' title='bbox 772 4272 835 4321; x_wconf 81' lang='lat'><strong>0:</strong></span> <span class='ocrx_word' id='word_1_474' title='bbox 873 4264 958 4319; x_wconf 69' lang='grc' dir='ltr'><strong>ἐπ’</strong></span> <span class='ocrx_word' id='word_1_475' title='bbox 998 4267 1153 4319; x_wconf 74' lang='grc' dir='ltr'><strong>αὐτοῦ</strong></span> <span class='ocrx_word' id='word_1_476' title='bbox 1191 4266 1307 4319; x_wconf 83' lang='lat' dir='ltr'><strong>Cas.</strong></span> <span class='ocrx_word' id='word_1_477' title='bbox 1523 4266 1553 4317; x_wconf 91' lang='grc'><strong>9</strong></span> <span class='ocrx_word' id='word_1_478' title='bbox 1592 4262 1782 4328; x_wconf 79' lang='grc' dir='ltr'><strong>ἄλλως]</strong></span> <span class='ocrx_word' id='word_1_479' title='bbox 1818 4262 1960 4315; x_wconf 81' lang='grc' dir='ltr'><strong>ἄλλω</strong></span> <span class='ocrx_word' id='word_1_480' title='bbox 1987 4262 2066 4314; x_wconf 70' lang='lat'><strong>12¹²</strong></span> <span class='ocrx_word' id='word_1_481' title='bbox 2282 4260 2346 4312; x_wconf 92' lang='grc'><strong>10</strong></span> <span class='ocrx_word' id='word_1_482' title='bbox 2391 4257 2594 4326; x_wconf 71' lang='grc' dir='ltr'><strong>τουτου]</strong></span> <span class='ocrx_word' id='word_1_483' title='bbox 2633 4276 2690 4309; x_wconf 89' lang='grc' dir='ltr'><strong>ου</strong></span> <span class='ocrx_word' id='word_1_484' title='bbox 2727 4258 2783 4309; x_wconf 90' lang='lat' dir='ltr'><strong>in</strong></span> <span class='ocrx_word' id='word_1_485' title='bbox 2822 4258 2900 4309; x_wconf 84' lang='lat' dir='ltr'><strong>lit.</strong></span> <span class='ocrx_word' id='word_1_486' title='bbox 2937 4260 2986 4307; x_wconf 88' lang='lat' dir='ltr'>V</span> 
     </span>
    </p>

    <p class='ocr_par' dir='ltr' id='par_1_5' title="bbox 406 4340 3121 4952">
     <span class='ocr_line' id='line_1_39' title="bbox 408 4340 3118 4424; baseline -0.004 -18"><span class='ocrx_word' id='word_1_487' title='bbox 408 4351 465 4406; x_wconf 87' lang='grc' dir='ltr'><strong>τὸ</strong></span> <span class='ocrx_word' id='word_1_488' title='bbox 511 4356 567 4406; x_wconf 85' lang='lat' dir='ltr'><strong>in</strong></span> <span class='ocrx_word' id='word_1_489' title='bbox 614 4354 689 4406; x_wconf 83' lang='lat' dir='ltr'><strong>lit.</strong></span> <span class='ocrx_word' id='word_1_490' title='bbox 726 4355 817 4407; x_wconf 74' lang='lat'><strong>13²:</strong></span> <span class='ocrx_word' id='word_1_491' title='bbox 870 4356 947 4424; x_wconf 74' lang='grc' dir='ltr'><strong>τῷ</strong></span> <span class='ocrx_word' id='word_1_492' title='bbox 980 4355 1101 4407; x_wconf 85' lang='lat' dir='ltr'>libri</span> <span class='ocrx_word' id='word_1_493' title='bbox 1344 4352 1407 4405; x_wconf 86' lang='lat'><strong>13</strong></span> <span class='ocrx_word' id='word_1_494' title='bbox 1464 4351 1534 4410; x_wconf 81' lang='grc' dir='ltr'><strong>ὡς</strong></span> <span class='ocrx_word' id='word_1_495' title='bbox 1580 4348 1629 4404; x_wconf 67' lang='grc' dir='ltr'><strong>δ’</strong></span> <span class='ocrx_word' id='word_1_496' title='bbox 1671 4355 1716 4404; x_wconf 93' lang='lat' dir='ltr'>O</span> <span class='ocrx_word' id='word_1_497' title='bbox 2006 4352 2065 4405; x_wconf 85' lang='lat'><strong>15</strong></span> <span class='ocrx_word' id='word_1_498' title='bbox 2104 4348 2231 4400; x_wconf 79' lang='grc' dir='ltr'><strong>αὐτα</strong></span> <span class='ocrx_word' id='word_1_499' title='bbox 2275 4352 2316 4397; x_wconf 92' lang='lat' dir='ltr'>V</span> <span class='ocrx_word' id='word_1_500' title='bbox 2597 4347 2658 4399; x_wconf 90' lang='grc'><strong>16</strong></span> <span class='ocrx_word' id='word_1_501' title='bbox 2713 4340 2816 4414; x_wconf 67' lang='grc' dir='ltr'><strong>ἐφ’]</strong></span> <span class='ocrx_word' id='word_1_502' title='bbox 2863 4340 2954 4413; x_wconf 69' lang='grc' dir='ltr'><strong>ὑφ’</strong></span> <span class='ocrx_word' id='word_1_503' title='bbox 3005 4342 3118 4396; x_wconf 79' lang='lat' dir='ltr'><strong>Cas.</strong></span> 
     </span>
     <span class='ocr_line' id='line_1_40' title="bbox 408 4430 3121 4511; baseline -0.004 -18"><span class='ocrx_word' id='word_1_504' title='bbox 408 4442 571 4494; x_wconf 91' lang='lat' dir='ltr'>Lond.</span> <span class='ocrx_word' id='word_1_505' title='bbox 612 4444 657 4495; x_wconf 95' lang='grc' dir='ltr'>Ο</span> <span class='ocrx_word' id='word_1_506' title='bbox 878 4444 937 4495; x_wconf 81' lang='lat'><strong>17</strong></span> <span class='ocrx_word' id='word_1_507' title='bbox 993 4441 1286 4511; x_wconf 77' lang='grc' dir='ltr'><strong>λεγομένου]</strong></span> <span class='ocrx_word' id='word_1_508' title='bbox 1324 4441 1458 4493; x_wconf 77' lang='lat' dir='ltr'><strong>inter</strong></span> <span class='ocrx_word' id='word_1_509' title='bbox 1497 4460 1525 4492; x_wconf 93' lang='grc' dir='ltr'><strong>ο</strong></span> <span class='ocrx_word' id='word_1_510' title='bbox 1562 4445 1616 4492; x_wconf 81' lang='lat' dir='ltr'><strong>et</strong></span> <span class='ocrx_word' id='word_1_511' title='bbox 1650 4458 1689 4507; x_wconf 84' lang='grc' dir='ltr'><strong>μ</strong></span> <span class='ocrx_word' id='word_1_512' title='bbox 1734 4439 1811 4491; x_wconf 84' lang='lat' dir='ltr'><strong>lit.</strong></span> <span class='ocrx_word' id='word_1_513' title='bbox 1857 4440 1878 4490; x_wconf 93' lang='lat'>1</span> <span class='ocrx_word' id='word_1_514' title='bbox 1910 4439 2010 4490; x_wconf 85' lang='lat' dir='ltr'>litt.</span> <span class='ocrx_word' id='word_1_515' title='bbox 2053 4441 2098 4488; x_wconf 87' lang='lat' dir='ltr'>V</span> <span class='ocrx_word' id='word_1_516' title='bbox 2310 4434 2565 4506; x_wconf 85' lang='grc' dir='ltr'><strong>γνώριμου</strong></span> <span class='ocrx_word' id='word_1_517' title='bbox 2603 4437 2651 4485; x_wconf 81' lang='lat' dir='ltr'>V</span> <span class='ocrx_word' id='word_1_518' title='bbox 2880 4430 2992 4496; x_wconf 79' lang='grc' dir='ltr'><strong>οὖν]</strong></span> <span class='ocrx_word' id='word_1_519' title='bbox 3028 4431 3121 4501; x_wconf 82' lang='grc' dir='ltr'><strong>γὰρ</strong></span> 
     </span>
     <span class='ocr_line' id='line_1_41' title="bbox 409 4515 3118 4599; baseline -0.003 -19"><span class='ocrx_word' id='word_1_520' title='bbox 409 4532 453 4580; x_wconf 91' lang='lat' dir='ltr'>H</span> <span class='ocrx_word' id='word_1_521' title='bbox 482 4547 556 4599; x_wconf 90' lang='grc' dir='ltr'><strong>γρ.</strong></span> <span class='ocrx_word' id='word_1_522' title='bbox 582 4532 716 4583; x_wconf 85' lang='lat' dir='ltr'><strong>ESO</strong></span> <span class='ocrx_word' id='word_1_523' title='bbox 953 4529 1015 4581; x_wconf 89' lang='grc'><strong>19</strong></span> <span class='ocrx_word' id='word_1_524' title='bbox 1074 4528 1229 4581; x_wconf 78' lang='grc' dir='ltr'><strong>τᾶλλα</strong></span> <span class='ocrx_word' id='word_1_525' title='bbox 1266 4532 1313 4579; x_wconf 89' lang='lat' dir='ltr'>V</span> <span class='ocrx_word' id='word_1_526' title='bbox 1543 4544 1616 4583; x_wconf 83' lang='grc' dir='ltr'><strong>τις</strong></span> <span class='ocrx_word' id='word_1_527' title='bbox 1663 4526 1745 4577; x_wconf 69' lang='lat'><strong>8¹⁹</strong></span> <span class='ocrx_word' id='word_1_528' title='bbox 1971 4525 2165 4595; x_wconf 86' lang='grc' dir='ltr'><strong>γίνηται</strong></span> <span class='ocrx_word' id='word_1_529' title='bbox 2212 4527 2257 4578; x_wconf 96' lang='grc' dir='ltr'>Ο</span> <span class='ocrx_word' id='word_1_530' title='bbox 2473 4522 2542 4574; x_wconf 81' lang='grc'><strong>20</strong></span> <span class='ocrx_word' id='word_1_531' title='bbox 2585 4518 2734 4573; x_wconf 79' lang='grc' dir='ltr'><strong>τοῦτ’</strong></span> <span class='ocrx_word' id='word_1_532' title='bbox 2778 4518 2926 4584; x_wconf 79' lang='grc' dir='ltr'><strong>αὐτὸ]</strong></span> <span class='ocrx_word' id='word_1_533' title='bbox 2974 4515 3118 4572; x_wconf 81' lang='grc' dir='ltr'><strong>τοῦτ’</strong></span> 
     </span>
     <span class='ocr_line' id='line_1_42' title="bbox 406 4607 3048 4680; baseline -0.003 -12"><span class='ocrx_word' id='word_1_534' title='bbox 406 4616 573 4674; x_wconf 73' lang='grc' dir='ltr'><strong>αὐτοῖς</strong></span> <span class='ocrx_word' id='word_1_535' title='bbox 612 4622 683 4669; x_wconf 85' lang='lat' dir='ltr'><strong>H:</strong></span> <span class='ocrx_word' id='word_1_536' title='bbox 720 4621 870 4670; x_wconf 80' lang='grc' dir='ltr'><strong>τοῦτο</strong></span> <span class='ocrx_word' id='word_1_537' title='bbox 909 4620 994 4669; x_wconf 90' lang='lat' dir='ltr'><strong>ES</strong></span> <span class='ocrx_word' id='word_1_538' title='bbox 1172 4617 1231 4667; x_wconf 77' lang='lat'><strong>21</strong></span> <span class='ocrx_word' id='word_1_539' title='bbox 1275 4619 1366 4670; x_wconf 82' lang='grc' dir='ltr'><strong>τοῦ</strong></span> <span class='ocrx_word' id='word_1_540' title='bbox 1402 4616 1533 4680; x_wconf 80' lang='lat' dir='ltr'><strong>(alt.)</strong></span> <span class='ocrx_word' id='word_1_541' title='bbox 1561 4614 1711 4666; x_wconf 76' lang='lat' dir='ltr'>Va¹²z</span> <span class='ocrx_word' id='word_1_542' title='bbox 1750 4614 1868 4671; x_wconf 79' lang='grc' dir='ltr'><strong>τοὺς</strong></span> <span class='ocrx_word' id='word_1_543' title='bbox 1904 4615 2106 4666; x_wconf 88' lang='lat' dir='ltr'><strong>KESO:</strong></span> <span class='ocrx_word' id='word_1_544' title='bbox 2143 4613 2364 4665; x_wconf 79' lang='lat' dir='ltr'><strong>fortasse</strong></span> <span class='ocrx_word' id='word_1_545' title='bbox 2398 4609 2467 4662; x_wconf 86' lang='grc' dir='ltr'><strong>τὸ</strong></span> <span class='ocrx_word' id='word_1_546' title='bbox 2645 4607 2707 4659; x_wconf 80' lang='lat'><strong>27</strong></span> <span class='ocrx_word' id='word_1_547' title='bbox 2746 4608 2839 4678; x_wconf 81' lang='grc' dir='ltr'><strong>γὰρ</strong></span> <span class='ocrx_word' id='word_1_548' title='bbox 2876 4623 2975 4659; x_wconf 85' lang='lat' dir='ltr'><strong>om.</strong></span> <span class='ocrx_word' id='word_1_549' title='bbox 3003 4610 3048 4661; x_wconf 91' lang='grc' dir='ltr'><strong>Ο</strong></span> 
     </span>
     <span class='ocr_line' id='line_1_43' title="bbox 408 4692 3120 4774; baseline -0.004 -18"><span class='ocrx_word' id='word_1_550' title='bbox 408 4705 473 4757; x_wconf 82' lang='grc'><strong>29</strong></span> <span class='ocrx_word' id='word_1_551' title='bbox 528 4702 699 4774; x_wconf 84' lang='grc' dir='ltr'><strong>λόγον]</strong></span> <span class='ocrx_word' id='word_1_552' title='bbox 744 4704 803 4758; x_wconf 89' lang='grc' dir='ltr'><strong>λο</strong></span> <span class='ocrx_word' id='word_1_553' title='bbox 841 4708 893 4757; x_wconf 88' lang='lat' dir='ltr'><strong>in</strong></span> <span class='ocrx_word' id='word_1_554' title='bbox 934 4706 1011 4757; x_wconf 85' lang='lat' dir='ltr'>lit.</span> <span class='ocrx_word' id='word_1_555' title='bbox 1049 4710 1098 4755; x_wconf 89' lang='lat' dir='ltr'>V</span> <span class='ocrx_word' id='word_1_556' title='bbox 1292 4705 1354 4757; x_wconf 86' lang='lat'><strong>31</strong></span> <span class='ocrx_word' id='word_1_557' title='bbox 1408 4711 1541 4756; x_wconf 86' lang='grc' dir='ltr'><strong>ποιεῖ</strong></span> <span class='ocrx_word' id='word_1_558' title='bbox 1572 4702 1689 4755; x_wconf 83' lang='lat' dir='ltr'>add.</span> <span class='ocrx_word' id='word_1_559' title='bbox 1727 4702 1984 4755; x_wconf 81' lang='lat' dir='ltr'><strong>Schwartz</strong></span> <span class='ocrx_word' id='word_1_560' title='bbox 2196 4700 2262 4753; x_wconf 77' lang='lat'><strong>32</strong></span> <span class='ocrx_word' id='word_1_561' title='bbox 2314 4718 2362 4751; x_wconf 89' lang='grc' dir='ltr'><strong>τι</strong></span> <span class='ocrx_word' id='word_1_562' title='bbox 2399 4700 2522 4751; x_wconf 79' lang='grc' dir='ltr'><strong>εἶναι</strong></span> <span class='ocrx_word' id='word_1_563' title='bbox 2559 4700 2604 4748; x_wconf 88' lang='lat' dir='ltr'>H</span> <span class='ocrx_word' id='word_1_564' title='bbox 2631 4714 2707 4765; x_wconf 82' lang='grc' dir='ltr'><strong>γρ.</strong></span> <span class='ocrx_word' id='word_1_565' title='bbox 2735 4698 2894 4749; x_wconf 87' lang='lat' dir='ltr'><strong>ESO:</strong></span> <span class='ocrx_word' id='word_1_566' title='bbox 2933 4692 3120 4747; x_wconf 78' lang='grc' dir='ltr'><strong>τιθέναι</strong></span> 
     </span>
     <span class='ocr_line' id='line_1_44' title="bbox 408 4782 3119 4861; baseline -0.003 -16"><span class='ocrx_word' id='word_1_567' title='bbox 408 4792 537 4845; x_wconf 81' lang='lat' dir='ltr'><strong>Va¹²</strong></span> <span class='ocrx_word' id='word_1_568' title='bbox 724 4792 820 4845; x_wconf 72' lang='grc' dir='ltr'><strong>ὑπ’</strong></span> <span class='ocrx_word' id='word_1_569' title='bbox 857 4792 1033 4861; x_wconf 76' lang='grc' dir='ltr'><strong>αὐτοῦ]</strong></span> <span class='ocrx_word' id='word_1_570' title='bbox 1072 4791 1169 4845; x_wconf 74' lang='grc' dir='ltr'><strong>ὑπὸ</strong></span> <span class='ocrx_word' id='word_1_571' title='bbox 1205 4798 1294 4846; x_wconf 80' lang='grc' dir='ltr'><strong>τοῦ</strong></span> <span class='ocrx_word' id='word_1_572' title='bbox 1334 4797 1408 4845; x_wconf 80' lang='lat' dir='ltr'><strong>K:</strong></span> <span class='ocrx_word' id='word_1_573' title='bbox 1468 4790 1562 4843; x_wconf 71' lang='grc' dir='ltr'><strong>ὑπ’</strong></span> <span class='ocrx_word' id='word_1_574' title='bbox 1607 4794 1697 4842; x_wconf 82' lang='grc' dir='ltr'><strong>τοῦ</strong></span> <span class='ocrx_word' id='word_1_575' title='bbox 1735 4790 1791 4842; x_wconf 81' lang='lat' dir='ltr'><strong>a²</strong></span> <span class='ocrx_word' id='word_1_576' title='bbox 2005 4789 2071 4842; x_wconf 88' lang='lat'><strong>33</strong></span> <span class='ocrx_word' id='word_1_577' title='bbox 2126 4792 2202 4861; x_wconf 66' lang='grc' dir='ltr'><strong>τῷ</strong></span> <span class='ocrx_word' id='word_1_578' title='bbox 2249 4788 2413 4841; x_wconf 84' lang='lat' dir='ltr'>Lond.</span> <span class='ocrx_word' id='word_1_579' title='bbox 2453 4790 2523 4841; x_wconf 89' lang='lat'><strong>0:</strong></span> <span class='ocrx_word' id='word_1_580' title='bbox 2565 4784 2638 4839; x_wconf 86' lang='grc' dir='ltr'><strong>’τὸ</strong></span> <span class='ocrx_word' id='word_1_581' title='bbox 2673 4783 2830 4836; x_wconf 74' lang='lat' dir='ltr'>Va¹²=</span> <span class='ocrx_word' id='word_1_582' title='bbox 2885 4782 2943 4837; x_wconf 84' lang='grc' dir='ltr'><strong>τὸ</strong></span> <span class='ocrx_word' id='word_1_583' title='bbox 2991 4797 3119 4837; x_wconf 82' lang='lat' dir='ltr'>corr.</span> 
     </span>
     <span class='ocr_line' id='line_1_45' title="bbox 406 4880 1707 4952; baseline 0 -19"><span class='ocrx_word' id='word_1_584' title='bbox 406 4898 471 4933; x_wconf 81' lang='lat' dir='ltr'><strong>ex</strong></span> <span class='ocrx_word' id='word_1_585' title='bbox 509 4882 587 4952; x_wconf 75' lang='grc' dir='ltr'><strong>τῷ·</strong></span> <span class='ocrx_word' id='word_1_586' title='bbox 618 4884 663 4933; x_wconf 91' lang='grc' dir='ltr'>Β</span> <span class='ocrx_word' id='word_1_587' title='bbox 876 4880 927 4932; x_wconf 83' lang='grc' dir='ltr'><strong>ἐν</strong></span> <span class='ocrx_word' id='word_1_588' title='bbox 965 4880 1106 4949; x_wconf 72' lang='grc' dir='ltr'><strong>αὐτῷ</strong></span> <span class='ocrx_word' id='word_1_589' title='bbox 1146 4885 1187 4936; x_wconf 87' lang='lat' dir='ltr'>V</span> <span class='ocrx_word' id='word_1_590' title='bbox 1386 4886 1489 4937; x_wconf 86' lang='grc' dir='ltr'><strong>τῶν</strong></span> <span class='ocrx_word' id='word_1_591' title='bbox 1525 4894 1625 4931; x_wconf 89' lang='lat' dir='ltr'><strong>om.</strong></span> <span class='ocrx_word' id='word_1_592' title='bbox 1663 4882 1707 4933; x_wconf 95' lang='grc' dir='ltr'>Ο</span> 
     </span>
    </p>
   </div>
  </div>
 </body>
</html>
