<?xml version="1.0" encoding="UTF-8"?>
<!DOCTYPE html PUBLIC "-//W3C//DTD XHTML 1.0 Transitional//EN"
    "http://www.w3.org/TR/xhtml1/DTD/xhtml1-transitional.dtd">
<html xmlns="http://www.w3.org/1999/xhtml" xml:lang="en" lang="en">
 <head>
  <title>
</title>
<meta http-equiv="Content-Type" content="text/html;charset=utf-8" />
  <meta name='ocr-system' content='tesseract 3.04.00' />
  <meta name='ocr-capabilities' content='ocr_page ocr_carea ocr_par ocr_line ocrx_word'/>
</head>
<body>
  <div class='ocr_page' id='page_1' title='image "./supplementumari00wissgoog_0094.png"; bbox 0 0 3684 5567; ppageno 0'>
   <div class='ocr_carea' id='block_1_1' title="bbox 542 280 2532 351">
    <p class='ocr_par' dir='ltr' id='par_1_1' title="bbox 542 280 2532 351">
     <span class='ocr_line' id='line_1_1' title="bbox 542 280 2532 351; baseline -0.002 -11"><span class='ocrx_word' id='word_1_1' title='bbox 542 285 625 351; x_wconf 83' lang='grc'>36</span> <span class='ocrx_word' id='word_1_2' title='bbox 1266 280 1721 339; x_wconf 76' lang='grc' dir='ltr'><strong>ΑΛΕΞΑΝΔΡΟΥ</strong></span> <span class='ocrx_word' id='word_1_3' title='bbox 1760 280 2066 339; x_wconf 80' lang='grc' dir='ltr'>ΑΠΟΡΙΩΝ</span> <span class='ocrx_word' id='word_1_4' title='bbox 2109 280 2228 338; x_wconf 81' lang='grc' dir='ltr'>ΚΑΙ</span> <span class='ocrx_word' id='word_1_5' title='bbox 2267 280 2532 338; x_wconf 79' lang='grc' dir='ltr'>ΛΥΣΕΩΝ</span> 
     </span>
    </p>
   </div>
   <div class='ocr_carea' id='block_1_2' title="bbox 542 454 3256 2075">
    <p class='ocr_par' dir='ltr' id='par_1_2' title="bbox 650 454 3140 544">
     <span class='ocr_line' id='line_1_2' title="bbox 650 454 3140 544; baseline -0.002 -24"><span class='ocrx_word' id='word_1_6' title='bbox 650 462 787 542; x_wconf 85' lang='grc' dir='ltr'>εχεῖ</span> <span class='ocrx_word' id='word_1_7' title='bbox 823 461 887 522; x_wconf 87' lang='grc' dir='ltr'>τὸ</span> <span class='ocrx_word' id='word_1_8' title='bbox 945 458 1219 544; x_wconf 79' lang='grc' dir='ltr'>πρότερον</span> <span class='ocrx_word' id='word_1_9' title='bbox 1280 460 1375 521; x_wconf 83' lang='grc' dir='ltr'>καὶ</span> <span class='ocrx_word' id='word_1_10' title='bbox 1422 460 1657 542; x_wconf 82' lang='grc' dir='ltr'>ὕστερον</span> <span class='ocrx_word' id='word_1_11' title='bbox 1706 458 1932 542; x_wconf 78' lang='grc' dir='ltr'>μόριον;</span> <span class='ocrx_word' id='word_1_12' title='bbox 2001 457 2116 540; x_wconf 80' lang='grc' dir='ltr'>ἆρά</span> <span class='ocrx_word' id='word_1_13' title='bbox 2159 480 2221 541; x_wconf 84' lang='grc' dir='ltr'>γε</span> <span class='ocrx_word' id='word_1_14' title='bbox 2267 458 2552 543; x_wconf 72' lang='grc' dir='ltr'>ἐνεργείας</span> <span class='ocrx_word' id='word_1_15' title='bbox 2624 458 2660 539; x_wconf 85' lang='grc' dir='ltr'>ἢ</span> <span class='ocrx_word' id='word_1_16' title='bbox 2709 455 2897 521; x_wconf 80' lang='grc' dir='ltr'>οὐκέτ’</span> <span class='ocrx_word' id='word_1_17' title='bbox 2957 456 3024 519; x_wconf 80' lang='grc' dir='ltr'>ἂν</span> <span class='ocrx_word' id='word_1_18' title='bbox 3071 454 3140 539; x_wconf 86' lang='grc' dir='ltr'>ἧν</span> 
     </span>
    </p>

    <p class='ocr_par' dir='ltr' id='par_1_3' title="bbox 650 559 3256 849">
     <span class='ocr_line' id='line_1_3' title="bbox 650 559 3234 646; baseline -0.002 -23"><span class='ocrx_word' id='word_1_19' title='bbox 650 563 898 646; x_wconf 85' lang='grc' dir='ltr'>συνεχὲς</span> <span class='ocrx_word' id='word_1_20' title='bbox 941 561 1131 635; x_wconf 85' lang='grc' dir='ltr'>οὐδέν,</span> <span class='ocrx_word' id='word_1_21' title='bbox 1187 562 1239 623; x_wconf 84' lang='grc' dir='ltr'>εἰ</span> <span class='ocrx_word' id='word_1_22' title='bbox 1284 560 1355 644; x_wconf 89' lang='grc' dir='ltr'>ἧν</span> <span class='ocrx_word' id='word_1_23' title='bbox 1400 560 1580 623; x_wconf 76' lang='grc' dir='ltr'>αὐτοῦ</span> <span class='ocrx_word' id='word_1_24' title='bbox 1635 560 1707 622; x_wconf 83' lang='grc' dir='ltr'>τὰ</span> <span class='ocrx_word' id='word_1_25' title='bbox 1762 560 1914 643; x_wconf 86' lang='grc' dir='ltr'>μέρη</span> <span class='ocrx_word' id='word_1_26' title='bbox 1961 561 2284 644; x_wconf 76' lang='grc' dir='ltr'>διῃρημένα</span> <span class='ocrx_word' id='word_1_27' title='bbox 2329 562 2426 623; x_wconf 82' lang='grc' dir='ltr'>καὶ</span> <span class='ocrx_word' id='word_1_28' title='bbox 2471 560 2724 643; x_wconf 73' lang='grc' dir='ltr'>ἐνεργείᾳ</span> <span class='ocrx_word' id='word_1_29' title='bbox 2769 560 2829 620; x_wconf 90' lang='grc' dir='ltr'>ἐν</span> <span class='ocrx_word' id='word_1_30' title='bbox 2875 565 2958 643; x_wconf 78' lang='grc' dir='ltr'>τῷ</span> <span class='ocrx_word' id='word_1_31' title='bbox 3009 559 3149 641; x_wconf 81' lang='grc' dir='ltr'>ὅλῳ.</span> <span class='ocrx_word' id='word_1_32' title='bbox 3177 574 3234 615; x_wconf 70' lang='lat'>25</span> 
     </span>
     <span class='ocr_line' id='line_1_4' title="bbox 654 660 3144 747; baseline -0.002 -22"><span class='ocrx_word' id='word_1_33' title='bbox 654 668 739 746; x_wconf 80' lang='grc' dir='ltr'>τῷ</span> <span class='ocrx_word' id='word_1_34' title='bbox 794 664 903 745; x_wconf 82' lang='grc' dir='ltr'>γὰρ</span> <span class='ocrx_word' id='word_1_35' title='bbox 958 664 1279 746; x_wconf 86' lang='grc' dir='ltr'>ἀδιαίρετον</span> <span class='ocrx_word' id='word_1_36' title='bbox 1332 662 1475 725; x_wconf 84' lang='grc' dir='ltr'>εἶναι</span> <span class='ocrx_word' id='word_1_37' title='bbox 1529 664 1594 725; x_wconf 83' lang='grc' dir='ltr'>τὸ</span> <span class='ocrx_word' id='word_1_38' title='bbox 1652 660 1900 744; x_wconf 82' lang='grc' dir='ltr'>μέγεθος</span> <span class='ocrx_word' id='word_1_39' title='bbox 1943 664 2133 747; x_wconf 78' lang='grc' dir='ltr'>τούτῳ</span> <span class='ocrx_word' id='word_1_40' title='bbox 2181 664 2268 725; x_wconf 78' lang='grc' dir='ltr'>ἕν·</span> <span class='ocrx_word' id='word_1_41' title='bbox 2339 664 2391 725; x_wconf 86' lang='grc' dir='ltr'>εἰ</span> <span class='ocrx_word' id='word_1_42' title='bbox 2445 662 2553 745; x_wconf 83' lang='grc' dir='ltr'>γὰρ</span> <span class='ocrx_word' id='word_1_43' title='bbox 2607 660 2677 744; x_wconf 81' lang='grc' dir='ltr'>ἦν</span> <span class='ocrx_word' id='word_1_44' title='bbox 2723 662 3090 745; x_wconf 77' lang='grc' dir='ltr'>διῃρημένον,</span> <span class='ocrx_word' id='word_1_45' title='bbox 3139 660 3144 694; x_wconf 86' lang='lat'><em>¹</em></span> 
     </span>
     <span class='ocr_line' id='line_1_5' title="bbox 650 763 3256 849; baseline -0 -24"><span class='ocrx_word' id='word_1_46' title='bbox 650 763 772 826; x_wconf 75' lang='grc' dir='ltr'>οὔτ’</span> <span class='ocrx_word' id='word_1_47' title='bbox 829 764 897 827; x_wconf 82' lang='grc' dir='ltr'>ἂν</span> <span class='ocrx_word' id='word_1_48' title='bbox 954 765 1094 828; x_wconf 79' lang='grc' dir='ltr'>αὐτὸ</span> <span class='ocrx_word' id='word_1_49' title='bbox 1150 765 1210 827; x_wconf 80' lang='grc' dir='ltr'>ἕν</span> <span class='ocrx_word' id='word_1_50' title='bbox 1255 789 1308 827; x_wconf 88' lang='grc' dir='ltr'>τι</span> <span class='ocrx_word' id='word_1_51' title='bbox 1362 764 1610 848; x_wconf 83' lang='grc' dir='ltr'>μέγεθος</span> <span class='ocrx_word' id='word_1_52' title='bbox 1665 763 1736 848; x_wconf 83' lang='grc' dir='ltr'>ἧν</span> <span class='ocrx_word' id='word_1_53' title='bbox 1793 763 1926 826; x_wconf 81' lang='grc' dir='ltr'>οὔθ’</span> <span class='ocrx_word' id='word_1_54' title='bbox 1983 767 2020 848; x_wconf 78' lang='grc' dir='ltr'>ἡ</span> <span class='ocrx_word' id='word_1_55' title='bbox 2078 768 2298 849; x_wconf 85' lang='grc' dir='ltr'>κίνησις</span> <span class='ocrx_word' id='word_1_56' title='bbox 2351 766 2472 849; x_wconf 87' lang='grc' dir='ltr'>μία.</span> <span class='ocrx_word' id='word_1_57' title='bbox 2562 763 2615 825; x_wconf 84' lang='grc' dir='ltr'>εἰ</span> <span class='ocrx_word' id='word_1_58' title='bbox 2657 765 2722 827; x_wconf 82' lang='grc' dir='ltr'>δὲ</span> <span class='ocrx_word' id='word_1_59' title='bbox 2768 765 2848 847; x_wconf 86' lang='grc' dir='ltr'>μὴ</span> <span class='ocrx_word' id='word_1_60' title='bbox 2897 763 3152 847; x_wconf 73' lang='grc' dir='ltr'>ἐνεργείᾳ</span> <span class='ocrx_word' id='word_1_61' title='bbox 3200 770 3256 825; x_wconf 80' lang='grc'>71</span> 
     </span>
    </p>

    <p class='ocr_par' dir='ltr' id='par_1_4' title="bbox 579 865 3236 1359">
     <span class='ocr_line' id='line_1_6' title="bbox 579 865 3154 952; baseline -0.002 -19"><span class='ocrx_word' id='word_1_62' title='bbox 579 886 609 933; x_wconf 82' lang='lat'><strong>5</strong></span> <span class='ocrx_word' id='word_1_63' title='bbox 648 866 719 928; x_wconf 83' lang='grc' dir='ltr'>τὰ</span> <span class='ocrx_word' id='word_1_64' title='bbox 767 866 941 949; x_wconf 78' lang='grc' dir='ltr'>μόρια</span> <span class='ocrx_word' id='word_1_65' title='bbox 984 868 1057 931; x_wconf 84' lang='grc' dir='ltr'>τὰ</span> <span class='ocrx_word' id='word_1_66' title='bbox 1102 868 1160 930; x_wconf 91' lang='grc' dir='ltr'>ἐν</span> <span class='ocrx_word' id='word_1_67' title='bbox 1206 872 1293 952; x_wconf 79' lang='grc' dir='ltr'>τῷ</span> <span class='ocrx_word' id='word_1_68' title='bbox 1343 867 1465 949; x_wconf 77' lang='grc' dir='ltr'>ὅλῳ</span> <span class='ocrx_word' id='word_1_69' title='bbox 1512 866 1660 941; x_wconf 83' lang='grc' dir='ltr'>ἐστί,</span> <span class='ocrx_word' id='word_1_70' title='bbox 1714 866 1972 929; x_wconf 90' lang='grc' dir='ltr'>λείπεται</span> <span class='ocrx_word' id='word_1_71' title='bbox 2017 869 2258 949; x_wconf 82' lang='grc' dir='ltr'>δυνάμει</span> <span class='ocrx_word' id='word_1_72' title='bbox 2303 865 2452 929; x_wconf 83' lang='grc' dir='ltr'>αὐτὰ</span> <span class='ocrx_word' id='word_1_73' title='bbox 2497 866 2644 929; x_wconf 84' lang='grc' dir='ltr'>εἶναι</span> <span class='ocrx_word' id='word_1_74' title='bbox 2685 867 2748 929; x_wconf 88' lang='grc' dir='ltr'>ἐν</span> <span class='ocrx_word' id='word_1_75' title='bbox 2793 873 2878 952; x_wconf 76' lang='grc' dir='ltr'>τῷ</span> <span class='ocrx_word' id='word_1_76' title='bbox 2923 866 3046 949; x_wconf 73' lang='grc' dir='ltr'>ὅλῳ</span> <span class='ocrx_word' id='word_1_77' title='bbox 3090 890 3154 928; x_wconf 90' lang='grc' dir='ltr'>τε</span> 
     </span>
     <span class='ocr_line' id='line_1_7' title="bbox 651 966 3236 1055; baseline -0.002 -24"><span class='ocrx_word' id='word_1_78' title='bbox 651 970 747 1031; x_wconf 85' lang='grc' dir='ltr'>καὶ</span> <span class='ocrx_word' id='word_1_79' title='bbox 794 974 1052 1055; x_wconf 81' lang='grc' dir='ltr'>συνεχεῖ,</span> <span class='ocrx_word' id='word_1_80' title='bbox 1098 971 1195 1033; x_wconf 88' lang='grc' dir='ltr'>καὶ</span> <span class='ocrx_word' id='word_1_81' title='bbox 1241 971 1305 1032; x_wconf 84' lang='grc' dir='ltr'>τὸ</span> <span class='ocrx_word' id='word_1_82' title='bbox 1352 968 1631 1053; x_wconf 81' lang='grc' dir='ltr'>πρότερον</span> <span class='ocrx_word' id='word_1_83' title='bbox 1680 968 1751 1050; x_wconf 86' lang='grc' dir='ltr'>δὴ</span> <span class='ocrx_word' id='word_1_84' title='bbox 1800 970 1898 1032; x_wconf 85' lang='grc' dir='ltr'>καὶ</span> <span class='ocrx_word' id='word_1_85' title='bbox 1944 970 2009 1031; x_wconf 83' lang='grc' dir='ltr'>τὸ</span> <span class='ocrx_word' id='word_1_86' title='bbox 2057 970 2293 1053; x_wconf 75' lang='grc' dir='ltr'>ὕστερον</span> <span class='ocrx_word' id='word_1_87' title='bbox 2339 966 2500 1033; x_wconf 86' lang='grc' dir='ltr'>ἔσται</span> <span class='ocrx_word' id='word_1_88' title='bbox 2546 969 2605 1031; x_wconf 88' lang='grc' dir='ltr'>ἐν</span> <span class='ocrx_word' id='word_1_89' title='bbox 2651 974 2737 1053; x_wconf 81' lang='grc' dir='ltr'>τῷ</span> <span class='ocrx_word' id='word_1_90' title='bbox 2787 975 3024 1053; x_wconf 82' lang='grc' dir='ltr'>συνεχεῖ</span> <span class='ocrx_word' id='word_1_91' title='bbox 3065 970 3154 1031; x_wconf 79' lang='grc' dir='ltr'>δυ·</span> <span class='ocrx_word' id='word_1_92' title='bbox 3207 985 3236 1026; x_wconf 71' lang='grc' dir='ltr'><strong>ὅ</strong></span> 
     </span>
     <span class='ocr_line' id='line_1_8' title="bbox 646 1070 3152 1156; baseline 0 -24"><span class='ocrx_word' id='word_1_93' title='bbox 646 1072 816 1153; x_wconf 88' lang='grc' dir='ltr'>νάμει</span> <span class='ocrx_word' id='word_1_94' title='bbox 860 1072 964 1135; x_wconf 81' lang='grc' dir='ltr'>οὐκ</span> <span class='ocrx_word' id='word_1_95' title='bbox 1010 1073 1287 1156; x_wconf 76' lang='grc' dir='ltr'>ἐνεργείᾳ.</span> <span class='ocrx_word' id='word_1_96' title='bbox 1373 1073 1471 1134; x_wconf 88' lang='grc' dir='ltr'>καὶ</span> <span class='ocrx_word' id='word_1_97' title='bbox 1516 1073 1583 1134; x_wconf 84' lang='grc' dir='ltr'>τὸ</span> <span class='ocrx_word' id='word_1_98' title='bbox 1628 1072 1961 1154; x_wconf 83' lang='grc' dir='ltr'>κινούμενον</span> <span class='ocrx_word' id='word_1_99' title='bbox 2007 1072 2082 1155; x_wconf 87' lang='grc' dir='ltr'>δὴ</span> <span class='ocrx_word' id='word_1_100' title='bbox 2129 1070 2224 1133; x_wconf 83' lang='grc' dir='ltr'>ἐπ’</span> <span class='ocrx_word' id='word_1_101' title='bbox 2266 1072 2446 1135; x_wconf 83' lang='grc' dir='ltr'>αὐτοῦ</span> <span class='ocrx_word' id='word_1_102' title='bbox 2491 1070 2677 1139; x_wconf 76' lang='grc' dir='ltr'>οὕτως</span> <span class='ocrx_word' id='word_1_103' title='bbox 2720 1071 2866 1134; x_wconf 82' lang='grc' dir='ltr'>κατὰ</span> <span class='ocrx_word' id='word_1_104' title='bbox 2910 1074 2976 1133; x_wconf 87' lang='grc' dir='ltr'>τὸ</span> <span class='ocrx_word' id='word_1_105' title='bbox 3022 1071 3152 1155; x_wconf 87' lang='grc' dir='ltr'>πρό-</span> 
     </span>
     <span class='ocr_line' id='line_1_9' title="bbox 646 1174 3150 1258; baseline -0 -22"><span class='ocrx_word' id='word_1_106' title='bbox 646 1194 808 1257; x_wconf 90' lang='grc' dir='ltr'>τερον</span> <span class='ocrx_word' id='word_1_107' title='bbox 853 1177 1131 1258; x_wconf 86' lang='grc' dir='ltr'>πρότερον</span> <span class='ocrx_word' id='word_1_108' title='bbox 1177 1176 1490 1256; x_wconf 78' lang='grc' dir='ltr'>κινήσεται,</span> <span class='ocrx_word' id='word_1_109' title='bbox 1538 1174 1621 1243; x_wconf 80' lang='grc' dir='ltr'>ὥς</span> <span class='ocrx_word' id='word_1_110' title='bbox 1666 1174 1817 1237; x_wconf 85' lang='grc' dir='ltr'>ἐστιν</span> <span class='ocrx_word' id='word_1_111' title='bbox 1877 1175 1970 1237; x_wconf 86' lang='grc' dir='ltr'>καὶ</span> <span class='ocrx_word' id='word_1_112' title='bbox 2018 1175 2078 1237; x_wconf 87' lang='grc' dir='ltr'>ἐν</span> <span class='ocrx_word' id='word_1_113' title='bbox 2125 1180 2208 1257; x_wconf 80' lang='grc' dir='ltr'>τῷ</span> <span class='ocrx_word' id='word_1_114' title='bbox 2266 1174 2526 1257; x_wconf 83' lang='grc' dir='ltr'>μεγέθει·</span> <span class='ocrx_word' id='word_1_115' title='bbox 2587 1175 2826 1254; x_wconf 82' lang='grc' dir='ltr'>δυνάμει</span> <span class='ocrx_word' id='word_1_116' title='bbox 2871 1174 2934 1236; x_wconf 85' lang='grc' dir='ltr'>δέ</span> <span class='ocrx_word' id='word_1_117' title='bbox 2979 1174 3150 1247; x_wconf 86' lang='grc' dir='ltr'>ἐστιν,</span> 
     </span>
     <span class='ocr_line' id='line_1_10' title="bbox 648 1272 3236 1359; baseline -0.002 -20"><span class='ocrx_word' id='word_1_118' title='bbox 648 1276 835 1345; x_wconf 77' lang='grc' dir='ltr'>οὕτως</span> <span class='ocrx_word' id='word_1_119' title='bbox 880 1276 943 1339; x_wconf 82' lang='grc' dir='ltr'>ὃν</span> <span class='ocrx_word' id='word_1_120' title='bbox 991 1277 1084 1339; x_wconf 86' lang='grc' dir='ltr'>καὶ</span> <span class='ocrx_word' id='word_1_121' title='bbox 1130 1276 1271 1339; x_wconf 81' lang='grc' dir='ltr'>αὐτὸ</span> <span class='ocrx_word' id='word_1_122' title='bbox 1318 1272 1408 1339; x_wconf 85' lang='grc' dir='ltr'>ἐπ’</span> <span class='ocrx_word' id='word_1_123' title='bbox 1461 1275 1639 1339; x_wconf 80' lang='grc' dir='ltr'>αὐτοῦ</span> <span class='ocrx_word' id='word_1_124' title='bbox 1684 1277 1998 1359; x_wconf 77' lang='grc' dir='ltr'>κινήσεται.</span> <span class='ocrx_word' id='word_1_125' title='bbox 2091 1280 2260 1340; x_wconf 78' lang='grc' dir='ltr'>τοῦτο</span> <span class='ocrx_word' id='word_1_126' title='bbox 2306 1278 2370 1339; x_wconf 87' lang='grc' dir='ltr'>δὲ</span> <span class='ocrx_word' id='word_1_127' title='bbox 2415 1276 2665 1357; x_wconf 80' lang='grc' dir='ltr'>ποιήσει,</span> <span class='ocrx_word' id='word_1_128' title='bbox 2727 1277 2778 1338; x_wconf 86' lang='grc' dir='ltr'>εἰ</span> <span class='ocrx_word' id='word_1_129' title='bbox 2824 1276 2906 1359; x_wconf 86' lang='grc' dir='ltr'>μὴ</span> <span class='ocrx_word' id='word_1_130' title='bbox 2955 1280 3037 1345; x_wconf 82' lang='grc' dir='ltr'>ὡς</span> <span class='ocrx_word' id='word_1_131' title='bbox 3079 1279 3153 1338; x_wconf 87' lang='grc' dir='ltr'>δι·</span> <span class='ocrx_word' id='word_1_132' title='bbox 3183 1294 3236 1334; x_wconf 84' lang='grc' dir='ltr'>ιο</span> 
     </span>
    </p>

    <p class='ocr_par' dir='ltr' id='par_1_5' title="bbox 548 1377 3229 1870">
     <span class='ocr_line' id='line_1_11' title="bbox 548 1377 3150 1463; baseline -0.001 -20"><span class='ocrx_word' id='word_1_133' title='bbox 548 1396 611 1444; x_wconf 88' lang='grc'>10</span> <span class='ocrx_word' id='word_1_134' title='bbox 645 1383 843 1462; x_wconf 83' lang='grc' dir='ltr'>αιροῢν</span> <span class='ocrx_word' id='word_1_135' title='bbox 890 1378 1030 1441; x_wconf 82' lang='grc' dir='ltr'>αὐτὸ</span> <span class='ocrx_word' id='word_1_136' title='bbox 1064 1382 1275 1441; x_wconf 77' lang='grc' dir='ltr'>κινοῖτο</span> <span class='ocrx_word' id='word_1_137' title='bbox 1320 1378 1417 1441; x_wconf 83' lang='grc' dir='ltr'>καὶ</span> <span class='ocrx_word' id='word_1_138' title='bbox 1465 1378 1721 1460; x_wconf 80' lang='grc' dir='ltr'>ἐνεργείᾳ</span> <span class='ocrx_word' id='word_1_139' title='bbox 1766 1384 1970 1441; x_wconf 81' lang='grc' dir='ltr'>ποιοῦν</span> <span class='ocrx_word' id='word_1_140' title='bbox 2003 1377 2280 1461; x_wconf 80' lang='grc' dir='ltr'>πρότερόν</span> <span class='ocrx_word' id='word_1_141' title='bbox 2326 1402 2378 1441; x_wconf 91' lang='grc' dir='ltr'>τι</span> <span class='ocrx_word' id='word_1_142' title='bbox 2423 1378 2484 1440; x_wconf 94' lang='grc' dir='ltr'>ἐν</span> <span class='ocrx_word' id='word_1_143' title='bbox 2515 1377 2678 1461; x_wconf 79' lang='grc' dir='ltr'>αὐτῷ’</span> <span class='ocrx_word' id='word_1_144' title='bbox 2726 1378 2820 1439; x_wconf 86' lang='grc' dir='ltr'>καὶ</span> <span class='ocrx_word' id='word_1_145' title='bbox 2865 1379 3150 1463; x_wconf 80' lang='grc' dir='ltr'>δεύτερον,</span> 
     </span>
     <span class='ocr_line' id='line_1_12' title="bbox 647 1479 3153 1565; baseline 0 -22"><span class='ocrx_word' id='word_1_146' title='bbox 647 1481 982 1563; x_wconf 78' lang='grc' dir='ltr'>κινούμενον</span> <span class='ocrx_word' id='word_1_147' title='bbox 1028 1480 1091 1542; x_wconf 84' lang='grc' dir='ltr'>δὲ</span> <span class='ocrx_word' id='word_1_148' title='bbox 1137 1480 1341 1553; x_wconf 80' lang='grc' dir='ltr'>οὕτως,</span> <span class='ocrx_word' id='word_1_149' title='bbox 1388 1479 1524 1543; x_wconf 82' lang='grc' dir='ltr'>ὅταν</span> <span class='ocrx_word' id='word_1_150' title='bbox 1570 1480 1787 1563; x_wconf 79' lang='grc' dir='ltr'>κινηθῇ</span> <span class='ocrx_word' id='word_1_151' title='bbox 1834 1481 1929 1543; x_wconf 86' lang='grc' dir='ltr'>ἐπὶ</span> <span class='ocrx_word' id='word_1_152' title='bbox 1975 1485 2077 1543; x_wconf 86' lang='grc' dir='ltr'>τοῦ</span> <span class='ocrx_word' id='word_1_153' title='bbox 2110 1481 2414 1563; x_wconf 79' lang='grc' dir='ltr'>μεγέθους,</span> <span class='ocrx_word' id='word_1_154' title='bbox 2463 1484 2546 1549; x_wconf 83' lang='grc' dir='ltr'>ὡς</span> <span class='ocrx_word' id='word_1_155' title='bbox 2589 1480 2749 1565; x_wconf 79' lang='grc' dir='ltr'>εἶχεν</span> <span class='ocrx_word' id='word_1_156' title='bbox 2795 1481 2860 1543; x_wconf 81' lang='grc' dir='ltr'>τὸ</span> <span class='ocrx_word' id='word_1_157' title='bbox 2907 1481 3153 1562; x_wconf 80' lang='grc' dir='ltr'>μέγεθος</span> 
     </span>
     <span class='ocr_line' id='line_1_13' title="bbox 643 1580 3229 1666; baseline -0.002 -21"><span class='ocrx_word' id='word_1_158' title='bbox 643 1584 715 1645; x_wconf 79' lang='grc' dir='ltr'>τὰ</span> <span class='ocrx_word' id='word_1_159' title='bbox 759 1583 1013 1666; x_wconf 85' lang='grc' dir='ltr'>πρότερα</span> <span class='ocrx_word' id='word_1_160' title='bbox 1056 1581 1147 1644; x_wconf 81' lang='grc' dir='ltr'>ἐπ’</span> <span class='ocrx_word' id='word_1_161' title='bbox 1184 1580 1440 1666; x_wconf 84' lang='grc' dir='ltr'>ἄπειρον,</span> <span class='ocrx_word' id='word_1_162' title='bbox 1487 1582 1671 1651; x_wconf 75' lang='grc' dir='ltr'>οὕτως</span> <span class='ocrx_word' id='word_1_163' title='bbox 1714 1580 1874 1644; x_wconf 86' lang='grc' dir='ltr'>ἔσται</span> <span class='ocrx_word' id='word_1_164' title='bbox 1921 1584 2016 1645; x_wconf 88' lang='grc' dir='ltr'>καὶ</span> <span class='ocrx_word' id='word_1_165' title='bbox 2061 1582 2204 1645; x_wconf 79' lang='grc' dir='ltr'>αὐτὸ</span> <span class='ocrx_word' id='word_1_166' title='bbox 2249 1582 2622 1665; x_wconf 84' lang='grc' dir='ltr'>κεκινημένον</span> <span class='ocrx_word' id='word_1_167' title='bbox 2656 1582 2820 1645; x_wconf 84' lang='grc' dir='ltr'>αὐτά.</span> <span class='ocrx_word' id='word_1_168' title='bbox 2913 1585 3148 1663; x_wconf 83' lang='grc' dir='ltr'>δυνάμει</span> <span class='ocrx_word' id='word_1_169' title='bbox 3177 1600 3229 1641; x_wconf 75' lang='lat'>15</span> 
     </span>
     <span class='ocr_line' id='line_1_14' title="bbox 644 1682 3137 1769; baseline 0.001 -23"><span class='ocrx_word' id='word_1_170' title='bbox 644 1685 709 1747; x_wconf 86' lang='grc' dir='ltr'>δὲ</span> <span class='ocrx_word' id='word_1_171' title='bbox 752 1683 912 1769; x_wconf 81' lang='grc' dir='ltr'>εἶχεν</span> <span class='ocrx_word' id='word_1_172' title='bbox 958 1684 1145 1747; x_wconf 85' lang='grc' dir='ltr'>ἐκεῖνο</span> <span class='ocrx_word' id='word_1_173' title='bbox 1192 1682 1282 1745; x_wconf 85' lang='grc' dir='ltr'>ἐπ’</span> <span class='ocrx_word' id='word_1_174' title='bbox 1339 1682 1575 1765; x_wconf 83' lang='grc' dir='ltr'>ἄπειρον</span> <span class='ocrx_word' id='word_1_175' title='bbox 1620 1684 1692 1747; x_wconf 80' lang='grc' dir='ltr'>τὰ</span> <span class='ocrx_word' id='word_1_176' title='bbox 1738 1684 2016 1769; x_wconf 84' lang='grc' dir='ltr'>πρότερα,</span> <span class='ocrx_word' id='word_1_177' title='bbox 2070 1686 2168 1747; x_wconf 90' lang='grc' dir='ltr'>καὶ</span> <span class='ocrx_word' id='word_1_178' title='bbox 2215 1682 2368 1748; x_wconf 77' lang='grc' dir='ltr'>τοῦτ’</span> <span class='ocrx_word' id='word_1_179' title='bbox 2425 1683 2586 1747; x_wconf 85' lang='grc' dir='ltr'>ἔσται</span> <span class='ocrx_word' id='word_1_180' title='bbox 2643 1684 2714 1747; x_wconf 84' lang='grc' dir='ltr'>τὰ</span> <span class='ocrx_word' id='word_1_181' title='bbox 2759 1686 2999 1768; x_wconf 88' lang='grc' dir='ltr'>δυνάμει</span> <span class='ocrx_word' id='word_1_182' title='bbox 3045 1686 3137 1748; x_wconf 84' lang='grc' dir='ltr'>ἐπ’</span> 
     </span>
     <span class='ocr_line' id='line_1_15' title="bbox 644 1785 3148 1870; baseline 0.001 -21"><span class='ocrx_word' id='word_1_183' title='bbox 644 1786 879 1870; x_wconf 82' lang='grc' dir='ltr'>ἄπειρον</span> <span class='ocrx_word' id='word_1_184' title='bbox 934 1788 1183 1870; x_wconf 83' lang='grc' dir='ltr'>πρότερα</span> <span class='ocrx_word' id='word_1_185' title='bbox 1239 1786 1610 1868; x_wconf 82' lang='grc' dir='ltr'>διεληλυθός,</span> <span class='ocrx_word' id='word_1_186' title='bbox 1667 1786 1698 1849; x_wconf 91' lang='grc' dir='ltr'>ὃ</span> <span class='ocrx_word' id='word_1_187' title='bbox 1754 1786 1865 1850; x_wconf 88' lang='grc' dir='ltr'>οὐκ</span> <span class='ocrx_word' id='word_1_188' title='bbox 1917 1785 1990 1868; x_wconf 76' lang='grc' dir='ltr'>ἦν</span> <span class='ocrx_word' id='word_1_189' title='bbox 2042 1788 2343 1850; x_wconf 79' lang='grc' dir='ltr'>ἀδύνατον.</span> <span class='ocrx_word' id='word_1_190' title='bbox 2433 1786 2500 1849; x_wconf 84' lang='grc' dir='ltr'>οὐ</span> <span class='ocrx_word' id='word_1_191' title='bbox 2543 1787 2654 1869; x_wconf 83' lang='grc' dir='ltr'>γὰρ</span> <span class='ocrx_word' id='word_1_192' title='bbox 2707 1786 2894 1850; x_wconf 83' lang='grc' dir='ltr'>ἔκειτο</span> <span class='ocrx_word' id='word_1_193' title='bbox 2940 1788 3010 1849; x_wconf 84' lang='grc' dir='ltr'>τὰ</span> <span class='ocrx_word' id='word_1_194' title='bbox 3055 1790 3148 1851; x_wconf 82' lang='grc' dir='ltr'>δυ·</span> 
     </span>
    </p>

    <p class='ocr_par' dir='ltr' id='par_1_6' title="bbox 542 1888 3232 2075">
     <span class='ocr_line' id='line_1_16' title="bbox 542 1888 3232 1973; baseline 0 -22"><span class='ocrx_word' id='word_1_195' title='bbox 542 1909 602 1957; x_wconf 87' lang='lat'>15</span> <span class='ocrx_word' id='word_1_196' title='bbox 642 1892 809 1971; x_wconf 88' lang='grc' dir='ltr'>νάμει</span> <span class='ocrx_word' id='word_1_197' title='bbox 855 1888 1066 1971; x_wconf 83' lang='grc' dir='ltr'>ἄπειρα</span> <span class='ocrx_word' id='word_1_198' title='bbox 1110 1888 1433 1971; x_wconf 77' lang='grc' dir='ltr'>α’διεξίτητα</span> <span class='ocrx_word' id='word_1_199' title='bbox 1478 1888 1652 1964; x_wconf 79' lang='grc' dir='ltr'>εἶναι,</span> <span class='ocrx_word' id='word_1_200' title='bbox 1707 1890 1857 1952; x_wconf 84' lang='grc' dir='ltr'>ἀλλὰ</span> <span class='ocrx_word' id='word_1_201' title='bbox 1903 1889 1973 1952; x_wconf 80' lang='grc' dir='ltr'>τὰ</span> <span class='ocrx_word' id='word_1_202' title='bbox 2021 1890 2298 1973; x_wconf 73' lang='grc' dir='ltr'>ἐνεργείᾳ.</span> <span class='ocrx_word' id='word_1_203' title='bbox 2389 1891 2602 1973; x_wconf 83' lang='grc' dir='ltr'>διαιρεῖ</span> <span class='ocrx_word' id='word_1_204' title='bbox 2644 1891 2708 1953; x_wconf 85' lang='grc' dir='ltr'>δὲ</span> <span class='ocrx_word' id='word_1_205' title='bbox 2755 1892 2848 1953; x_wconf 88' lang='grc' dir='ltr'>καὶ</span> <span class='ocrx_word' id='word_1_206' title='bbox 2895 1892 2926 1953; x_wconf 83' lang='grc' dir='ltr'><strong><em>ὃ</em></strong></span> <span class='ocrx_word' id='word_1_207' title='bbox 2975 1891 3146 1959; x_wconf 80' lang='grc' dir='ltr'>ἀξιῶν</span> <span class='ocrx_word' id='word_1_208' title='bbox 3174 1909 3232 1951; x_wconf 75' lang='grc' dir='ltr'>ευ</span> 
     </span>
     <span class='ocr_line' id='line_1_17' title="bbox 642 1990 2219 2075; baseline 0 -21"><span class='ocrx_word' id='word_1_209' title='bbox 642 1992 911 2075; x_wconf 82' lang='grc' dir='ltr'>ἀριθμεῖν</span> <span class='ocrx_word' id='word_1_210' title='bbox 954 1990 1025 2053; x_wconf 83' lang='grc' dir='ltr'>τὰ</span> <span class='ocrx_word' id='word_1_211' title='bbox 1070 1990 1321 2074; x_wconf 79' lang='grc' dir='ltr'>πρότερα</span> <span class='ocrx_word' id='word_1_212' title='bbox 1366 1990 1405 2053; x_wconf 86' lang='grc' dir='ltr'><strong>ἃ</strong></span> <span class='ocrx_word' id='word_1_213' title='bbox 1449 1990 1707 2059; x_wconf 77' lang='grc' dir='ltr'>διέξεισιν</span> <span class='ocrx_word' id='word_1_214' title='bbox 1752 1993 1816 2054; x_wconf 88' lang='grc' dir='ltr'>τὸ</span> <span class='ocrx_word' id='word_1_215' title='bbox 1865 1992 2219 2074; x_wconf 77' lang='grc' dir='ltr'>κινούμενον.</span> 
     </span>
    </p>
   </div>
   <div class='ocr_carea' id='block_1_3' title="bbox 640 2265 3149 2453">
    <p class='ocr_par' dir='ltr' id='par_1_7' title="bbox 640 2265 3149 2453">
     <span class='ocr_line' id='line_1_18' title="bbox 640 2265 3149 2353; baseline 0.002 -24"><span class='ocrx_word' id='word_1_216' title='bbox 640 2266 875 2330; x_wconf 89' lang='lat' dir='ltr'>XXIII.</span> <span class='ocrx_word' id='word_1_217' title='bbox 973 2265 1128 2334; x_wconf 83' lang='grc' dir='ltr'>Πῶς</span> <span class='ocrx_word' id='word_1_218' title='bbox 1188 2265 1250 2327; x_wconf 82' lang='grc' dir='ltr'>εἰ</span> <span class='ocrx_word' id='word_1_219' title='bbox 1315 2266 1591 2350; x_wconf 88' lang='grc' dir='ltr'>φθαρτὴ</span> <span class='ocrx_word' id='word_1_220' title='bbox 1658 2267 1695 2349; x_wconf 82' lang='grc' dir='ltr'>ἡ</span> <span class='ocrx_word' id='word_1_221' title='bbox 1749 2272 1862 2350; x_wconf 85' lang='grc' dir='ltr'>γῆ,</span> <span class='ocrx_word' id='word_1_222' title='bbox 1931 2266 2052 2329; x_wconf 82' lang='grc' dir='ltr'>οὐκ</span> <span class='ocrx_word' id='word_1_223' title='bbox 2119 2266 2490 2352; x_wconf 83' lang='grc' dir='ltr'>ἐνδέχεται</span> <span class='ocrx_word' id='word_1_224' title='bbox 2559 2268 2770 2351; x_wconf 82' lang='grc' dir='ltr'>αὐτὴν</span> <span class='ocrx_word' id='word_1_225' title='bbox 2825 2271 2938 2332; x_wconf 86' lang='grc' dir='ltr'>καὶ</span> <span class='ocrx_word' id='word_1_226' title='bbox 3006 2272 3149 2353; x_wconf 74' lang='grc' dir='ltr'>ἅμα</span> 
     </span>
     <span class='ocr_line' id='line_1_19' title="bbox 1596 2370 2194 2453; baseline 0.005 -23"><span class='ocrx_word' id='word_1_227' title='bbox 1596 2370 1766 2431; x_wconf 85' lang='grc' dir='ltr'>ποτὲ</span> <span class='ocrx_word' id='word_1_228' title='bbox 1810 2370 2194 2453; x_wconf 76' lang='grc' dir='ltr'>φθαρῆναι.</span> 
     </span>
    </p>
   </div>
   <div class='ocr_carea' id='block_1_4' title="bbox 532 2522 3255 3343">
    <p class='ocr_par' dir='ltr' id='par_1_8' title="bbox 810 2522 3230 2623">
     <span class='ocr_line' id='line_1_20' title="bbox 810 2522 3230 2623; baseline 0 -21"><span class='ocrx_word' id='word_1_229' title='bbox 810 2536 883 2603; x_wconf 79' lang='grc' dir='ltr'>Εἰ</span> <span class='ocrx_word' id='word_1_230' title='bbox 912 2538 1210 2623; x_wconf 83' lang='grc' dir='ltr'>ἐνδέχεται</span> <span class='ocrx_word' id='word_1_231' title='bbox 1256 2536 1426 2619; x_wconf 81' lang='grc' dir='ltr'>τήνδε</span> <span class='ocrx_word' id='word_1_232' title='bbox 1470 2539 1574 2621; x_wconf 87' lang='grc' dir='ltr'>τὴν</span> <span class='ocrx_word' id='word_1_233' title='bbox 1616 2538 1805 2623; x_wconf 88' lang='grc' dir='ltr'>βῶλον</span> <span class='ocrx_word' id='word_1_234' title='bbox 1858 2540 2156 2623; x_wconf 78' lang='grc' dir='ltr'>φθαρῆναι</span> <span class='ocrx_word' id='word_1_235' title='bbox 2201 2540 2348 2602; x_wconf 84' lang='grc' dir='ltr'>κατὰ</span> <span class='ocrx_word' id='word_1_236' title='bbox 2393 2539 2558 2603; x_wconf 79' lang='grc' dir='ltr'>τόνδε</span> <span class='ocrx_word' id='word_1_237' title='bbox 2603 2542 2698 2604; x_wconf 89' lang='grc' dir='ltr'>τὸν</span> <span class='ocrx_word' id='word_1_238' title='bbox 2731 2522 3007 2617; x_wconf 74' lang='grc' dir='ltr'>κολωνόν,</span> <span class='ocrx_word' id='word_1_239' title='bbox 3053 2546 3146 2608; x_wconf 90' lang='grc' dir='ltr'>καὶ</span> <span class='ocrx_word' id='word_1_240' title='bbox 3175 2560 3230 2602; x_wconf 72' lang='grc' dir='ltr'>εει</span> 
     </span>
    </p>

    <p class='ocr_par' dir='ltr' id='par_1_9' title="bbox 534 2641 3255 2935">
     <span class='ocr_line' id='line_1_21' title="bbox 534 2641 3255 2729; baseline 0.001 -22"><span class='ocrx_word' id='word_1_241' title='bbox 534 2662 601 2709; x_wconf 82' lang='lat'>20</span> <span class='ocrx_word' id='word_1_242' title='bbox 638 2643 792 2705; x_wconf 79' lang='grc' dir='ltr'>οὕτω</span> <span class='ocrx_word' id='word_1_243' title='bbox 838 2641 1135 2709; x_wconf 73' lang='grc' dir='ltr'>διεξιοῦσιν</span> <span class='ocrx_word' id='word_1_244' title='bbox 1190 2642 1285 2702; x_wconf 84' lang='grc' dir='ltr'>ἐπὶ</span> <span class='ocrx_word' id='word_1_245' title='bbox 1340 2642 1568 2723; x_wconf 71' lang='grc' dir='ltr'>πανξτὸς</span> <span class='ocrx_word' id='word_1_246' title='bbox 1630 2642 1841 2724; x_wconf 82' lang='grc' dir='ltr'>μέρους</span> <span class='ocrx_word' id='word_1_247' title='bbox 1895 2648 1999 2724; x_wconf 83' lang='grc' dir='ltr'>τῆς</span> <span class='ocrx_word' id='word_1_248' title='bbox 2052 2647 2160 2725; x_wconf 81' lang='grc' dir='ltr'>γῆς</span> <span class='ocrx_word' id='word_1_249' title='bbox 2217 2642 2438 2725; x_wconf 79' lang='grc' dir='ltr'>ἀληθὲς</span> <span class='ocrx_word' id='word_1_250' title='bbox 2489 2644 2554 2706; x_wconf 86' lang='grc' dir='ltr'>τὸ</span> <span class='ocrx_word' id='word_1_251' title='bbox 2608 2644 2956 2729; x_wconf 82' lang='grc' dir='ltr'>ἐνδέχεσθαι</span> <span class='ocrx_word' id='word_1_252' title='bbox 3007 2648 3148 2710; x_wconf 85' lang='grc' dir='ltr'>αὐτὸ</span> <span class='ocrx_word' id='word_1_253' title='bbox 3189 2656 3255 2711; x_wconf 79' lang='grc'>72</span> 
     </span>
     <span class='ocr_line' id='line_1_22' title="bbox 638 2741 3149 2829; baseline 0.002 -22"><span class='ocrx_word' id='word_1_254' title='bbox 638 2746 962 2829; x_wconf 77' lang='grc' dir='ltr'>φθαρῆναι,</span> <span class='ocrx_word' id='word_1_255' title='bbox 1008 2743 1303 2828; x_wconf 86' lang='grc' dir='ltr'>ἐνδέχοιτο</span> <span class='ocrx_word' id='word_1_256' title='bbox 1352 2741 1419 2805; x_wconf 80' lang='grc' dir='ltr'>ἂν</span> <span class='ocrx_word' id='word_1_257' title='bbox 1464 2744 1561 2806; x_wconf 90' lang='grc' dir='ltr'>καὶ</span> <span class='ocrx_word' id='word_1_258' title='bbox 1608 2747 1797 2806; x_wconf 82' lang='grc' dir='ltr'>πᾶσαν</span> <span class='ocrx_word' id='word_1_259' title='bbox 1845 2745 1948 2827; x_wconf 82' lang='grc' dir='ltr'>τὴν</span> <span class='ocrx_word' id='word_1_260' title='bbox 1995 2749 2104 2828; x_wconf 91' lang='grc' dir='ltr'>γῆν</span> <span class='ocrx_word' id='word_1_261' title='bbox 2151 2746 2468 2828; x_wconf 86' lang='grc' dir='ltr'>φθαρῆναι.</span> <span class='ocrx_word' id='word_1_262' title='bbox 2557 2746 2607 2809; x_wconf 84' lang='grc' dir='ltr'>εἰ</span> <span class='ocrx_word' id='word_1_263' title='bbox 2653 2748 2718 2809; x_wconf 84' lang='grc' dir='ltr'>δὲ</span> <span class='ocrx_word' id='word_1_264' title='bbox 2763 2752 2952 2823; x_wconf 84' lang='grc' dir='ltr'>τοῦτο,</span> <span class='ocrx_word' id='word_1_265' title='bbox 2999 2750 3149 2813; x_wconf 84' lang='grc' dir='ltr'>ἐνδέ-</span> 
     </span>
     <span class='ocr_line' id='line_1_23' title="bbox 634 2844 3146 2935; baseline 0.002 -26"><span class='ocrx_word' id='word_1_266' title='bbox 634 2870 803 2932; x_wconf 88' lang='grc' dir='ltr'>χοιτο</span> <span class='ocrx_word' id='word_1_267' title='bbox 851 2846 919 2909; x_wconf 82' lang='grc' dir='ltr'>ἂν</span> <span class='ocrx_word' id='word_1_268' title='bbox 953 2847 1035 2929; x_wconf 88' lang='grc' dir='ltr'>μὴ</span> <span class='ocrx_word' id='word_1_269' title='bbox 1082 2846 1227 2907; x_wconf 76' lang='grc' dir='ltr'>εἶναι</span> <span class='ocrx_word' id='word_1_270' title='bbox 1271 2851 1398 2929; x_wconf 82' lang='grc' dir='ltr'>γῆν,</span> <span class='ocrx_word' id='word_1_271' title='bbox 1445 2844 1590 2929; x_wconf 82' lang='grc' dir='ltr'>ὅπερ</span> <span class='ocrx_word' id='word_1_272' title='bbox 1637 2846 1938 2909; x_wconf 80' lang='grc' dir='ltr'>ἀδύνατον.</span> <span class='ocrx_word' id='word_1_273' title='bbox 2011 2846 2149 2909; x_wconf 82' lang='grc' dir='ltr'>οὐδὲ</span> <span class='ocrx_word' id='word_1_274' title='bbox 2193 2848 2301 2929; x_wconf 84' lang='grc' dir='ltr'>γὰρ</span> <span class='ocrx_word' id='word_1_275' title='bbox 2347 2848 2380 2909; x_wconf 83' lang='grc' dir='ltr'>ὁ</span> <span class='ocrx_word' id='word_1_276' title='bbox 2425 2846 2645 2930; x_wconf 79' lang='grc' dir='ltr'>κόσμος</span> <span class='ocrx_word' id='word_1_277' title='bbox 2689 2848 2782 2933; x_wconf 78' lang='grc' dir='ltr'>εἴη</span> <span class='ocrx_word' id='word_1_278' title='bbox 2827 2849 2950 2935; x_wconf 62' lang='lat' dir='ltr'>(dv)</span> <span class='ocrx_word' id='word_1_279' title='bbox 2994 2852 3146 2914; x_wconf 79' lang='grc' dir='ltr'>ἀναι·</span> 
     </span>
    </p>

    <p class='ocr_par' dir='ltr' id='par_1_10' title="bbox 532 2947 3230 3237">
     <span class='ocr_line' id='line_1_24' title="bbox 638 2947 3230 3037; baseline 0.002 -27"><span class='ocrx_word' id='word_1_280' title='bbox 638 2949 919 3032; x_wconf 83' lang='grc' dir='ltr'>ρουμένου</span> <span class='ocrx_word' id='word_1_281' title='bbox 966 2954 1067 3013; x_wconf 79' lang='grc' dir='ltr'>τοῦ</span> <span class='ocrx_word' id='word_1_282' title='bbox 1115 2950 1241 3031; x_wconf 84' lang='grc' dir='ltr'>περὶ</span> <span class='ocrx_word' id='word_1_283' title='bbox 1298 2948 1331 3009; x_wconf 84' lang='grc' dir='ltr'>ὃ</span> <span class='ocrx_word' id='word_1_284' title='bbox 1378 2949 1414 3030; x_wconf 76' lang='grc' dir='ltr'>ἡ</span> <span class='ocrx_word' id='word_1_285' title='bbox 1464 2948 1615 3031; x_wconf 81' lang='grc' dir='ltr'>φορὰ</span> <span class='ocrx_word' id='word_1_286' title='bbox 1662 2948 1848 3032; x_wconf 79' lang='grc' dir='ltr'>αὐτῷ’.</span> <span class='ocrx_word' id='word_1_287' title='bbox 1941 2949 1980 3030; x_wconf 83' lang='grc' dir='ltr'><strong>ἢ</strong></span> <span class='ocrx_word' id='word_1_288' title='bbox 2026 2947 2142 3033; x_wconf 82' lang='grc' dir='ltr'>οὐχ</span> <span class='ocrx_word' id='word_1_289' title='bbox 2186 2950 2386 3012; x_wconf 79' lang='grc' dir='ltr'>ἕπεται</span> <span class='ocrx_word' id='word_1_290' title='bbox 2429 2954 2516 3034; x_wconf 79' lang='grc' dir='ltr'>τῷ</span> <span class='ocrx_word' id='word_1_291' title='bbox 2565 2956 2757 3014; x_wconf 81' lang='grc' dir='ltr'>πᾶσαν</span> <span class='ocrx_word' id='word_1_292' title='bbox 2803 2952 3148 3037; x_wconf 84' lang='grc' dir='ltr'>ἐνδέχεσθαι</span> <span class='ocrx_word' id='word_1_293' title='bbox 3202 2972 3230 3014; x_wconf 72' lang='grc' dir='ltr'><strong>ὅ</strong></span> 
     </span>
     <span class='ocr_line' id='line_1_25' title="bbox 636 3050 3147 3142; baseline 0.003 -29"><span class='ocrx_word' id='word_1_294' title='bbox 636 3052 931 3135; x_wconf 88' lang='grc' dir='ltr'>φθαρῆναι</span> <span class='ocrx_word' id='word_1_295' title='bbox 976 3053 1080 3134; x_wconf 87' lang='grc' dir='ltr'>τὴν</span> <span class='ocrx_word' id='word_1_296' title='bbox 1125 3055 1231 3133; x_wconf 87' lang='grc' dir='ltr'>γῆν</span> <span class='ocrx_word' id='word_1_297' title='bbox 1275 3051 1339 3112; x_wconf 82' lang='grc' dir='ltr'>τὸ</span> <span class='ocrx_word' id='word_1_298' title='bbox 1371 3051 1467 3112; x_wconf 85' lang='grc' dir='ltr'>καὶ</span> <span class='ocrx_word' id='word_1_299' title='bbox 1514 3050 1655 3132; x_wconf 81' lang='grc' dir='ltr'>ἅμα.</span> <span class='ocrx_word' id='word_1_300' title='bbox 1747 3056 1916 3113; x_wconf 83' lang='grc' dir='ltr'>τοῦτο</span> <span class='ocrx_word' id='word_1_301' title='bbox 1961 3050 2068 3134; x_wconf 80' lang='grc' dir='ltr'>γὰρ</span> <span class='ocrx_word' id='word_1_302' title='bbox 2114 3052 2414 3127; x_wconf 80' lang='grc' dir='ltr'>ἀδύνατον,</span> <span class='ocrx_word' id='word_1_303' title='bbox 2459 3054 2512 3115; x_wconf 75' lang='grc' dir='ltr'>εἰ</span> <span class='ocrx_word' id='word_1_304' title='bbox 2553 3054 2670 3116; x_wconf 85' lang='grc' dir='ltr'>ἀπὸ</span> <span class='ocrx_word' id='word_1_305' title='bbox 2703 3059 2805 3137; x_wconf 87' lang='grc' dir='ltr'>τῆς</span> <span class='ocrx_word' id='word_1_306' title='bbox 2836 3059 2950 3117; x_wconf 84' lang='grc' dir='ltr'>τῶν</span> <span class='ocrx_word' id='word_1_307' title='bbox 2983 3057 3147 3142; x_wconf 83' lang='grc' dir='ltr'>οὐρα-</span> 
     </span>
     <span class='ocr_line' id='line_1_26' title="bbox 532 3150 3142 3237; baseline 0.001 -18"><span class='ocrx_word' id='word_1_308' title='bbox 532 3172 596 3221; x_wconf 81' lang='grc'>25</span> <span class='ocrx_word' id='word_1_309' title='bbox 633 3155 765 3216; x_wconf 86' lang='grc' dir='ltr'>νίων</span> <span class='ocrx_word' id='word_1_310' title='bbox 798 3157 1102 3237; x_wconf 78' lang='grc' dir='ltr'>κινήσεως,</span> <span class='ocrx_word' id='word_1_311' title='bbox 1145 3151 1277 3236; x_wconf 56' lang='lat' dir='ltr'>(dm)</span> <span class='ocrx_word' id='word_1_312' title='bbox 1306 3152 1372 3213; x_wconf 89' lang='grc' dir='ltr'>ἐκ</span> <span class='ocrx_word' id='word_1_313' title='bbox 1401 3158 1506 3235; x_wconf 79' lang='grc' dir='ltr'>γῆς</span> <span class='ocrx_word' id='word_1_314' title='bbox 1540 3152 1621 3219; x_wconf 86' lang='grc' dir='ltr'>εἰς</span> <span class='ocrx_word' id='word_1_315' title='bbox 1652 3150 1792 3213; x_wconf 84' lang='grc' dir='ltr'>ἄλλο</span> <span class='ocrx_word' id='word_1_316' title='bbox 1826 3174 1879 3213; x_wconf 90' lang='grc' dir='ltr'>τι</span> <span class='ocrx_word' id='word_1_317' title='bbox 1909 3152 2120 3233; x_wconf 84' lang='grc' dir='ltr'>γίνεται</span> <span class='ocrx_word' id='word_1_318' title='bbox 2153 3154 2468 3237; x_wconf 78' lang='grc' dir='ltr'>μεταβολή,</span> <span class='ocrx_word' id='word_1_319' title='bbox 2503 3156 2689 3224; x_wconf 73' lang='grc' dir='ltr'>οὕτως</span> <span class='ocrx_word' id='word_1_320' title='bbox 2727 3160 2821 3220; x_wconf 85' lang='grc' dir='ltr'>καὶ</span> <span class='ocrx_word' id='word_1_321' title='bbox 2864 3158 2924 3227; x_wconf 77' lang='grc' dir='ltr'>ἐξ</span> <span class='ocrx_word' id='word_1_322' title='bbox 2963 3158 3142 3223; x_wconf 83' lang='grc' dir='ltr'>ἄλλου</span> 
     </span>
    </p>

    <p class='ocr_par' dir='ltr' id='par_1_11' title="bbox 635 3250 3228 3343">
     <span class='ocr_line' id='line_1_27' title="bbox 635 3250 3228 3343; baseline 0.002 -26"><span class='ocrx_word' id='word_1_323' title='bbox 635 3256 785 3325; x_wconf 82' lang='grc' dir='ltr'>τινὸς</span> <span class='ocrx_word' id='word_1_324' title='bbox 829 3258 911 3324; x_wconf 81' lang='grc' dir='ltr'>εἰς</span> <span class='ocrx_word' id='word_1_325' title='bbox 954 3260 1081 3337; x_wconf 86' lang='grc' dir='ltr'>γῆν.</span> <span class='ocrx_word' id='word_1_326' title='bbox 1170 3255 1266 3317; x_wconf 86' lang='grc' dir='ltr'>καὶ</span> <span class='ocrx_word' id='word_1_327' title='bbox 1310 3250 1401 3315; x_wconf 82' lang='grc' dir='ltr'>ἐπ’</span> <span class='ocrx_word' id='word_1_328' title='bbox 1461 3254 1791 3336; x_wconf 81' lang='grc' dir='ltr'>ἀνθρώπων</span> <span class='ocrx_word' id='word_1_329' title='bbox 1847 3255 1910 3315; x_wconf 82' lang='grc' dir='ltr'>δὲ</span> <span class='ocrx_word' id='word_1_330' title='bbox 1957 3256 1988 3316; x_wconf 83' lang='grc' dir='ltr'>ὁ</span> <span class='ocrx_word' id='word_1_331' title='bbox 2034 3255 2207 3322; x_wconf 82' lang='grc' dir='ltr'>αὐτὸς</span> <span class='ocrx_word' id='word_1_332' title='bbox 2253 3254 2440 3339; x_wconf 80' lang='grc' dir='ltr'>λόγος.</span> <span class='ocrx_word' id='word_1_333' title='bbox 2532 3256 2600 3319; x_wconf 83' lang='grc' dir='ltr'>οὐ</span> <span class='ocrx_word' id='word_1_334' title='bbox 2643 3262 2784 3343; x_wconf 88' lang='grc' dir='ltr'>γάρ,</span> <span class='ocrx_word' id='word_1_335' title='bbox 2839 3260 2892 3323; x_wconf 81' lang='grc' dir='ltr'>εἰ</span> <span class='ocrx_word' id='word_1_336' title='bbox 2935 3263 3142 3332; x_wconf 79' lang='grc' dir='ltr'>πάντες</span> <span class='ocrx_word' id='word_1_337' title='bbox 3171 3282 3228 3322; x_wconf 83' lang='grc' dir='ltr'>ιο</span> 
     </span>
    </p>
   </div>
   <div class='ocr_carea' id='block_1_5' title="bbox 522 3557 3250 4949">
    <p class='ocr_par' dir='ltr' id='par_1_12' title="bbox 535 3557 3178 3641">
     <span class='ocr_line' id='line_1_28' title="bbox 535 3557 3178 3641; baseline 0.005 -30"><span class='ocrx_word' id='word_1_338' title='bbox 535 3561 554 3611; x_wconf 91' lang='grc'>1</span> <span class='ocrx_word' id='word_1_339' title='bbox 600 3560 631 3628; x_wconf 81' lang='grc' dir='ltr'>ἢ</span> <span class='ocrx_word' id='word_1_340' title='bbox 658 3558 847 3615; x_wconf 75' lang='lat' dir='ltr'><strong>V²BSa</strong></span> <span class='ocrx_word' id='word_1_341' title='bbox 872 3561 985 3628; x_wconf 89' lang='lat' dir='ltr'>Sp.:</span> <span class='ocrx_word' id='word_1_342' title='bbox 1024 3561 1173 3631; x_wconf 48' lang='lat' dir='ltr'>fiV&#39;:</span> <span class='ocrx_word' id='word_1_343' title='bbox 1214 3562 1245 3631; x_wconf 83' lang='grc' dir='ltr'>ἡ</span> <span class='ocrx_word' id='word_1_344' title='bbox 1274 3565 1316 3613; x_wconf 88' lang='lat' dir='ltr'>L</span> <span class='ocrx_word' id='word_1_345' title='bbox 1482 3561 1543 3630; x_wconf 72' lang='grc' dir='ltr'>ἦν</span> <span class='ocrx_word' id='word_1_346' title='bbox 1569 3560 1710 3613; x_wconf 66' lang='lat' dir='ltr'>WB:</span> <span class='ocrx_word' id='word_1_347' title='bbox 1748 3557 2046 3632; x_wconf 61' lang='lat' dir='ltr'>fiV¹GFSa</span> <span class='ocrx_word' id='word_1_348' title='bbox 2069 3562 2182 3631; x_wconf 84' lang='lat' dir='ltr'>Sp.:</span> <span class='ocrx_word' id='word_1_349' title='bbox 2221 3563 2252 3631; x_wconf 81' lang='grc' dir='ltr'>ἢ</span> <span class='ocrx_word' id='word_1_350' title='bbox 2281 3568 2324 3616; x_wconf 92' lang='lat' dir='ltr'>L</span> <span class='ocrx_word' id='word_1_351' title='bbox 2501 3562 2606 3619; x_wconf 74' lang='grc' dir='ltr'>ἔστ’</span> <span class='ocrx_word' id='word_1_352' title='bbox 2629 3566 2689 3619; x_wconf 81' lang='grc' dir='ltr'>ἂν</span> <span class='ocrx_word' id='word_1_353' title='bbox 2724 3564 2757 3639; x_wconf 71' lang='grc' dir='ltr'><strong><em>ᾗ</em></strong></span> <span class='ocrx_word' id='word_1_354' title='bbox 2785 3570 2894 3621; x_wconf 79' lang='lat' dir='ltr'><strong>sivo</strong></span> <span class='ocrx_word' id='word_1_355' title='bbox 2919 3566 2988 3620; x_wconf 76' lang='grc' dir='ltr'>ἔτ’</span> <span class='ocrx_word' id='word_1_356' title='bbox 3015 3568 3076 3622; x_wconf 75' lang='grc' dir='ltr'>ἂν</span> <span class='ocrx_word' id='word_1_357' title='bbox 3101 3570 3178 3641; x_wconf 81' lang='grc' dir='ltr'>εἴη</span> 
     </span>
    </p>

    <p class='ocr_par' dir='ltr' id='par_1_13' title="bbox 522 3647 3250 4949">
     <span class='ocr_line' id='line_1_29' title="bbox 530 3647 3250 3731; baseline 0.005 -33"><span class='ocrx_word' id='word_1_358' title='bbox 530 3648 561 3698; x_wconf 80' lang='grc'><strong><em>2</em></strong></span> <span class='ocrx_word' id='word_1_359' title='bbox 608 3648 651 3699; x_wconf 81' lang='grc' dir='ltr'>εἰ</span> <span class='ocrx_word' id='word_1_360' title='bbox 694 3647 755 3716; x_wconf 74' lang='grc' dir='ltr'>ἡν</span> <span class='ocrx_word' id='word_1_361' title='bbox 796 3647 947 3699; x_wconf 69' lang='lat' dir='ltr'>WB:</span> <span class='ocrx_word' id='word_1_362' title='bbox 1004 3648 1080 3718; x_wconf 71' lang='grc' dir='ltr'>εἴη</span> <span class='ocrx_word' id='word_1_363' title='bbox 1131 3648 1190 3700; x_wconf 82' lang='grc' dir='ltr'>ἂν</span> <span class='ocrx_word' id='word_1_364' title='bbox 1227 3650 1538 3701; x_wconf 77' lang='lat' dir='ltr'>v¹FGSLa2</span> <span class='ocrx_word' id='word_1_365' title='bbox 1596 3648 1638 3701; x_wconf 82' lang='grc' dir='ltr'>εἰ</span> <span class='ocrx_word' id='word_1_366' title='bbox 1686 3648 1762 3717; x_wconf 78' lang='grc' dir='ltr'>εἴη</span> <span class='ocrx_word' id='word_1_367' title='bbox 1816 3652 1952 3703; x_wconf 90' lang='lat' dir='ltr'>coni.</span> <span class='ocrx_word' id='word_1_368' title='bbox 1991 3650 2078 3718; x_wconf 88' lang='lat' dir='ltr'>Sp.</span> <span class='ocrx_word' id='word_1_369' title='bbox 2267 3652 2300 3705; x_wconf 88' lang='lat'><strong>3</strong></span> <span class='ocrx_word' id='word_1_370' title='bbox 2349 3650 2560 3721; x_wconf 84' lang='grc' dir='ltr'>μέγεθος</span> <span class='ocrx_word' id='word_1_371' title='bbox 2605 3653 2772 3725; x_wconf 66' lang='grc' dir='ltr'>τούτῳ</span> <span class='ocrx_word' id='word_1_372' title='bbox 2811 3656 2898 3707; x_wconf 80' lang='grc' dir='ltr'>ἔν·</span> <span class='ocrx_word' id='word_1_373' title='bbox 2954 3658 3005 3710; x_wconf 74' lang='grc' dir='ltr'>εἰ</span> <span class='ocrx_word' id='word_1_374' title='bbox 3051 3660 3142 3731; x_wconf 70' lang='grc' dir='ltr'>γὰρ</span> <span class='ocrx_word' id='word_1_375' title='bbox 3186 3659 3250 3731; x_wconf 79' lang='grc' dir='ltr'>ἦν</span> 
     </span>
     <span class='ocr_line' id='line_1_30' title="bbox 529 3733 3248 3817; baseline 0.005 -32"><span class='ocrx_word' id='word_1_376' title='bbox 529 3733 826 3804; x_wconf 67' lang='grc' dir='ltr'>διῃρημένον</span> <span class='ocrx_word' id='word_1_377' title='bbox 865 3734 1148 3787; x_wconf 79' lang='lat' dir='ltr'><strong>Schwartz:</strong></span> <span class='ocrx_word' id='word_1_378' title='bbox 1187 3733 1400 3804; x_wconf 85' lang='grc' dir='ltr'>μέγεθος</span> <span class='ocrx_word' id='word_1_379' title='bbox 1436 3734 1625 3804; x_wconf 73' lang='grc' dir='ltr'>τοΰτῳ·</span> <span class='ocrx_word' id='word_1_380' title='bbox 1674 3736 1742 3787; x_wconf 78' lang='grc' dir='ltr'>ἑνὶ</span> <span class='ocrx_word' id='word_1_381' title='bbox 1780 3737 1872 3806; x_wconf 78' lang='grc' dir='ltr'>γὰρ</span> <span class='ocrx_word' id='word_1_382' title='bbox 1911 3736 1972 3805; x_wconf 78' lang='grc' dir='ltr'>ἦν</span> <span class='ocrx_word' id='word_1_383' title='bbox 2011 3737 2306 3808; x_wconf 71' lang='grc' dir='ltr'>διῃρημένον</span> <span class='ocrx_word' id='word_1_384' title='bbox 2344 3742 2572 3793; x_wconf 79' lang='lat' dir='ltr'>v¹s¹GF</span> <span class='ocrx_word' id='word_1_385' title='bbox 2579 3744 2644 3792; x_wconf 85' lang='lat' dir='ltr'>L:</span> <span class='ocrx_word' id='word_1_386' title='bbox 2684 3741 2892 3809; x_wconf 79' lang='grc' dir='ltr'>μέγεθος</span> <span class='ocrx_word' id='word_1_387' title='bbox 2928 3745 3119 3816; x_wconf 74' lang='grc' dir='ltr'>ἐπινοίᾳ</span> <span class='ocrx_word' id='word_1_388' title='bbox 3155 3750 3248 3817; x_wconf 77' lang='grc' dir='ltr'>γὰρ</span> 
     </span>
     <span class='ocr_line' id='line_1_31' title="bbox 527 3820 3247 3900; baseline 0.006 -30"><span class='ocrx_word' id='word_1_389' title='bbox 527 3821 590 3891; x_wconf 77' lang='grc' dir='ltr'>ἦν</span> <span class='ocrx_word' id='word_1_390' title='bbox 638 3820 934 3891; x_wconf 68' lang='grc' dir='ltr'>διῃρημένον</span> <span class='ocrx_word' id='word_1_391' title='bbox 970 3821 1063 3873; x_wconf 79' lang='lat'>13¹:</span> <span class='ocrx_word' id='word_1_392' title='bbox 1122 3820 1333 3890; x_wconf 80' lang='grc' dir='ltr'>μέγεθος</span> <span class='ocrx_word' id='word_1_393' title='bbox 1377 3822 1568 3893; x_wconf 75' lang='grc' dir='ltr'>ἐπινοίᾳ</span> <span class='ocrx_word' id='word_1_394' title='bbox 1613 3825 1705 3892; x_wconf 79' lang='grc' dir='ltr'>γὰρ</span> <span class='ocrx_word' id='word_1_395' title='bbox 1748 3823 1809 3891; x_wconf 78' lang='grc' dir='ltr'>ἦν</span> <span class='ocrx_word' id='word_1_396' title='bbox 1849 3824 2147 3893; x_wconf 77' lang='grc' dir='ltr'>διῃρημένον</span> <span class='ocrx_word' id='word_1_397' title='bbox 2185 3826 2352 3895; x_wconf 69' lang='grc' dir='ltr'>τοὺ-τῳ</span> <span class='ocrx_word' id='word_1_398' title='bbox 2398 3828 2502 3879; x_wconf 81' lang='grc' dir='ltr'>ἔστι</span> <span class='ocrx_word' id='word_1_399' title='bbox 2548 3830 2766 3900; x_wconf 80' lang='grc' dir='ltr'>συνεχές.</span> <span class='ocrx_word' id='word_1_400' title='bbox 2839 3830 2880 3882; x_wconf 72' lang='grc' dir='ltr'>εἰ</span> <span class='ocrx_word' id='word_1_401' title='bbox 2917 3832 2991 3897; x_wconf 82' lang='grc' dir='ltr'>(ἐν</span> <span class='ocrx_word' id='word_1_402' title='bbox 3027 3850 3074 3894; x_wconf 80' lang='grc' dir='ltr'>ιι,</span> <span class='ocrx_word' id='word_1_403' title='bbox 3121 3848 3247 3885; x_wconf 82' lang='lat' dir='ltr'>corr.</span> 
     </span>
     <span class='ocr_line' id='line_1_32' title="bbox 527 3908 3244 3987; baseline 0.005 -28"><span class='ocrx_word' id='word_1_404' title='bbox 527 3908 687 3973; x_wconf 80' lang='lat' dir='ltr'>vict.)</span> <span class='ocrx_word' id='word_1_405' title='bbox 726 3911 816 3977; x_wconf 82' lang='grc' dir='ltr'>γὰρ</span> <span class='ocrx_word' id='word_1_406' title='bbox 864 3908 926 3976; x_wconf 80' lang='grc' dir='ltr'>ῆν</span> <span class='ocrx_word' id='word_1_407' title='bbox 966 3909 1180 3979; x_wconf 75' lang='grc' dir='ltr'>ἐνεργείᾳ</span> <span class='ocrx_word' id='word_1_408' title='bbox 1218 3909 1515 3979; x_wconf 82' lang='grc' dir='ltr'>διῃρημένον</span> <span class='ocrx_word' id='word_1_409' title='bbox 1554 3910 1719 3961; x_wconf 78' lang='lat' dir='ltr'>B²S²a</span> <span class='ocrx_word' id='word_1_410' title='bbox 1744 3910 1832 3977; x_wconf 91' lang='lat' dir='ltr'>Sp.</span> <span class='ocrx_word' id='word_1_411' title='bbox 2049 3912 2098 3965; x_wconf 85' lang='lat'>7.</span> <span class='ocrx_word' id='word_1_412' title='bbox 2135 3913 2169 3965; x_wconf 83' lang='lat'>8</span> <span class='ocrx_word' id='word_1_413' title='bbox 2214 3914 2455 3983; x_wconf 81' lang='grc' dir='ltr'>πρότερον</span> <span class='ocrx_word' id='word_1_414' title='bbox 2492 3916 2728 3984; x_wconf 84' lang='grc' dir='ltr'>πρότερον</span> <span class='ocrx_word' id='word_1_415' title='bbox 2767 3916 3008 3981; x_wconf 76' lang='lat' dir='ltr'>(altorum</span> <span class='ocrx_word' id='word_1_416' title='bbox 3051 3921 3106 3971; x_wconf 86' lang='lat' dir='ltr'>in</span> <span class='ocrx_word' id='word_1_417' title='bbox 3143 3920 3244 3987; x_wconf 83' lang='lat' dir='ltr'>lit.)</span> 
     </span>
     <span class='ocr_line' id='line_1_33' title="bbox 526 3996 3240 4071; baseline 0.005 -26"><span class='ocrx_word' id='word_1_418' title='bbox 526 3998 647 4046; x_wconf 87' lang='lat' dir='ltr'>VB:</span> <span class='ocrx_word' id='word_1_419' title='bbox 686 3996 901 4047; x_wconf 80' lang='lat' dir='ltr'><strong>alterum</strong></span> <span class='ocrx_word' id='word_1_420' title='bbox 939 4011 1037 4047; x_wconf 89' lang='lat' dir='ltr'>om.</span> <span class='ocrx_word' id='word_1_421' title='bbox 1060 3999 1269 4048; x_wconf 75' lang='lat' dir='ltr'>FSGLa</span> <span class='ocrx_word' id='word_1_422' title='bbox 1294 3997 1383 4063; x_wconf 82' lang='lat' dir='ltr'>Sp.</span> <span class='ocrx_word' id='word_1_423' title='bbox 1544 3996 1577 4047; x_wconf 83' lang='lat'>8</span> <span class='ocrx_word' id='word_1_424' title='bbox 1616 3998 1971 4065; x_wconf 81' lang='grc' dir='ltr'>καὶ-μεγέθει</span> <span class='ocrx_word' id='word_1_425' title='bbox 2009 4003 2170 4051; x_wconf 74' lang='lat' dir='ltr'>otu-F</span> <span class='ocrx_word' id='word_1_426' title='bbox 2331 3999 2382 4052; x_wconf 84' lang='grc' dir='ltr'>δέ</span> <span class='ocrx_word' id='word_1_427' title='bbox 2420 4004 2549 4053; x_wconf 85' lang='grc' dir='ltr'>ἐστιν</span> <span class='ocrx_word' id='word_1_428' title='bbox 2573 4002 2686 4053; x_wconf 80' lang='lat' dir='ltr'>V²B</span> <span class='ocrx_word' id='word_1_429' title='bbox 2713 4004 2844 4055; x_wconf 82' lang='lat' dir='ltr'>vict.</span> <span class='ocrx_word' id='word_1_430' title='bbox 2867 4004 2982 4071; x_wconf 87' lang='lat' dir='ltr'>Sp.:</span> <span class='ocrx_word' id='word_1_431' title='bbox 3021 4008 3074 4059; x_wconf 72' lang='grc' dir='ltr'>τί</span> <span class='ocrx_word' id='word_1_432' title='bbox 3112 4008 3240 4061; x_wconf 81' lang='grc' dir='ltr'>ἐστιν</span> 
     </span>
     <span class='ocr_line' id='line_1_34' title="bbox 527 4082 3180 4160; baseline 0.006 -28"><span class='ocrx_word' id='word_1_433' title='bbox 527 4082 688 4135; x_wconf 85' lang='lat' dir='ltr'>V¹GS</span> <span class='ocrx_word' id='word_1_434' title='bbox 728 4082 840 4147; x_wconf 81' lang='lat' dir='ltr'>(sed</span> <span class='ocrx_word' id='word_1_435' title='bbox 879 4100 932 4134; x_wconf 79' lang='grc' dir='ltr'>τε</span> <span class='ocrx_word' id='word_1_436' title='bbox 973 4084 1029 4133; x_wconf 88' lang='lat' dir='ltr'>in</span> <span class='ocrx_word' id='word_1_437' title='bbox 1064 4082 1143 4133; x_wconf 84' lang='lat' dir='ltr'>lit.</span> <span class='ocrx_word' id='word_1_438' title='bbox 1181 4084 1265 4147; x_wconf 70' lang='lat'>8¹)</span> <span class='ocrx_word' id='word_1_439' title='bbox 1294 4087 1361 4134; x_wconf 90' lang='lat' dir='ltr'>L:</span> <span class='ocrx_word' id='word_1_440' title='bbox 1400 4084 1454 4134; x_wconf 86' lang='grc' dir='ltr'>τέ</span> <span class='ocrx_word' id='word_1_441' title='bbox 1493 4084 1625 4135; x_wconf 81' lang='grc' dir='ltr'>ἐστιν</span> <span class='ocrx_word' id='word_1_442' title='bbox 1664 4083 1793 4135; x_wconf 75' lang='grc' dir='ltr'>ἔστιν</span> <span class='ocrx_word' id='word_1_443' title='bbox 1821 4102 1853 4135; x_wconf 82' lang='lat' dir='ltr'><strong>a</strong></span> <span class='ocrx_word' id='word_1_444' title='bbox 2047 4086 2080 4137; x_wconf 83' lang='lat'>8</span> <span class='ocrx_word' id='word_1_445' title='bbox 2125 4094 2242 4154; x_wconf 84' lang='lat' dir='ltr'>post</span> <span class='ocrx_word' id='word_1_446' title='bbox 2279 4090 2408 4141; x_wconf 84' lang='grc' dir='ltr'>ἐστιν</span> <span class='ocrx_word' id='word_1_447' title='bbox 2445 4091 2561 4141; x_wconf 77' lang='lat' dir='ltr'>add.</span> <span class='ocrx_word' id='word_1_448' title='bbox 2588 4090 2640 4140; x_wconf 85' lang='grc' dir='ltr'>ἐν</span> <span class='ocrx_word' id='word_1_449' title='bbox 2677 4092 2755 4158; x_wconf 73' lang='grc' dir='ltr'>τῷ</span> <span class='ocrx_word' id='word_1_450' title='bbox 2792 4090 2990 4160; x_wconf 81' lang='grc' dir='ltr'>μεγέθει</span> <span class='ocrx_word' id='word_1_451' title='bbox 3015 4093 3180 4147; x_wconf 74' lang='lat' dir='ltr'>S¹B²a</span> 
     </span>
     <span class='ocr_line' id='line_1_35' title="bbox 526 4166 3087 4242; baseline 0.005 -23"><span class='ocrx_word' id='word_1_452' title='bbox 526 4166 581 4219; x_wconf 82' lang='grc' dir='ltr'>ὃν</span> <span class='ocrx_word' id='word_1_453' title='bbox 624 4169 869 4221; x_wconf 59' lang='lat' dir='ltr'>vQSLa:</span> <span class='ocrx_word' id='word_1_454' title='bbox 910 4168 997 4221; x_wconf 79' lang='grc' dir='ltr'>οὖν</span> <span class='ocrx_word' id='word_1_455' title='bbox 1040 4169 1107 4219; x_wconf 78' lang='lat' dir='ltr'>V²</span> <span class='ocrx_word' id='word_1_456' title='bbox 1145 4170 1280 4221; x_wconf 79' lang='lat' dir='ltr'>vict.</span> <span class='ocrx_word' id='word_1_457' title='bbox 1320 4169 1409 4237; x_wconf 88' lang='lat' dir='ltr'>Sp.</span> <span class='ocrx_word' id='word_1_458' title='bbox 1634 4172 1683 4221; x_wconf 87' lang='lat' dir='ltr'>ll</span> <span class='ocrx_word' id='word_1_459' title='bbox 1729 4171 1809 4222; x_wconf 73' lang='grc' dir='ltr'>ἐπὶ</span> <span class='ocrx_word' id='word_1_460' title='bbox 1836 4172 1981 4225; x_wconf 78' lang='lat' dir='ltr'><strong>vs²a</strong></span> <span class='ocrx_word' id='word_1_461' title='bbox 2015 4173 2129 4242; x_wconf 87' lang='lat' dir='ltr'>Sp.:</span> <span class='ocrx_word' id='word_1_462' title='bbox 2170 4174 2266 4227; x_wconf 72' lang='grc' dir='ltr'>ὑπὸ</span> <span class='ocrx_word' id='word_1_463' title='bbox 2293 4179 2418 4227; x_wconf 60' lang='grc' dir='ltr'>ΕΜ.</span> <span class='ocrx_word' id='word_1_464' title='bbox 2637 4177 2698 4229; x_wconf 76' lang='lat'>12</span> <span class='ocrx_word' id='word_1_465' title='bbox 2736 4178 2860 4231; x_wconf 73' lang='grc' dir='ltr'>αι’πὸ</span> <span class='ocrx_word' id='word_1_466' title='bbox 2897 4196 2938 4233; x_wconf 83' lang='grc'>8.</span> <span class='ocrx_word' id='word_1_467' title='bbox 2969 4197 3012 4232; x_wconf 87' lang='lat' dir='ltr'>v.</span> <span class='ocrx_word' id='word_1_468' title='bbox 3043 4184 3087 4232; x_wconf 86' lang='lat' dir='ltr'>V</span> 
     </span>
     <span class='ocr_line' id='line_1_36' title="bbox 524 4252 3243 4337; baseline 0.006 -32"><span class='ocrx_word' id='word_1_469' title='bbox 524 4252 651 4305; x_wconf 74' lang='grc' dir='ltr'>αὐτά</span> <span class='ocrx_word' id='word_1_470' title='bbox 688 4254 855 4307; x_wconf 78' lang='lat' dir='ltr'>B²s²a</span> <span class='ocrx_word' id='word_1_471' title='bbox 898 4256 1011 4323; x_wconf 87' lang='lat' dir='ltr'>Sp.:</span> <span class='ocrx_word' id='word_1_472' title='bbox 1068 4254 1191 4307; x_wconf 73' lang='grc' dir='ltr'>αὐτό</span> <span class='ocrx_word' id='word_1_473' title='bbox 1230 4257 1378 4307; x_wconf 84' lang='lat' dir='ltr'>VB¹:</span> <span class='ocrx_word' id='word_1_474' title='bbox 1434 4272 1534 4307; x_wconf 87' lang='lat' dir='ltr'>om.</span> <span class='ocrx_word' id='word_1_475' title='bbox 1582 4259 1731 4309; x_wconf 78' lang='lat' dir='ltr'>S‘LF</span> <span class='ocrx_word' id='word_1_476' title='bbox 1917 4260 1978 4312; x_wconf 86' lang='lat'>13</span> <span class='ocrx_word' id='word_1_477' title='bbox 2034 4261 2200 4315; x_wconf 77' lang='grc' dir='ltr'>ἐκεῖνα</span> <span class='ocrx_word' id='word_1_478' title='bbox 2251 4264 2385 4315; x_wconf 88' lang='lat' dir='ltr'>coni.</span> <span class='ocrx_word' id='word_1_479' title='bbox 2437 4265 2524 4331; x_wconf 83' lang='lat' dir='ltr'>Sp.</span> <span class='ocrx_word' id='word_1_480' title='bbox 2737 4265 2955 4337; x_wconf 83' lang='grc' dir='ltr'>πρότερα</span> <span class='ocrx_word' id='word_1_481' title='bbox 2990 4266 3070 4319; x_wconf 68' lang='grc' dir='ltr'>ἐπ’</span> <span class='ocrx_word' id='word_1_482' title='bbox 3106 4268 3243 4321; x_wconf 77' lang='grc' dir='ltr'>ἄπει-</span> 
     </span>
     <span class='ocr_line' id='line_1_37' title="bbox 526 4342 3246 4421; baseline 0.006 -28"><span class='ocrx_word' id='word_1_483' title='bbox 526 4358 612 4409; x_wconf 84' lang='grc' dir='ltr'>ρον</span> <span class='ocrx_word' id='word_1_484' title='bbox 661 4359 694 4391; x_wconf 83' lang='lat' dir='ltr'><strong>a</strong></span> <span class='ocrx_word' id='word_1_485' title='bbox 740 4342 829 4409; x_wconf 88' lang='lat' dir='ltr'>Sp.</span> <span class='ocrx_word' id='word_1_486' title='bbox 1022 4343 1084 4394; x_wconf 76' lang='lat'>14</span> <span class='ocrx_word' id='word_1_487' title='bbox 1140 4343 1248 4395; x_wconf 80' lang='grc' dir='ltr'>ἐκεῖ</span> <span class='ocrx_word' id='word_1_488' title='bbox 1290 4342 1349 4395; x_wconf 85' lang='grc' dir='ltr'>τὸ</span> <span class='ocrx_word' id='word_1_489' title='bbox 1393 4344 1459 4394; x_wconf 93' lang='lat' dir='ltr'>V¹</span> <span class='ocrx_word' id='word_1_490' title='bbox 1502 4345 1651 4409; x_wconf 84' lang='lat' dir='ltr'>(corr.</span> <span class='ocrx_word' id='word_1_491' title='bbox 1692 4344 1786 4411; x_wconf 71' lang='lat' dir='ltr'>V2)</span> <span class='ocrx_word' id='word_1_492' title='bbox 1826 4350 1870 4398; x_wconf 91' lang='lat' dir='ltr'>L</span> <span class='ocrx_word' id='word_1_493' title='bbox 2088 4348 2167 4400; x_wconf 88' lang='lat'>17.</span> <span class='ocrx_word' id='word_1_494' title='bbox 2211 4350 2272 4401; x_wconf 89' lang='grc'>18</span> <span class='ocrx_word' id='word_1_495' title='bbox 2317 4350 2769 4421; x_wconf 77' lang='grc' dir='ltr'>πῶς-φθαρῆναι</span> <span class='ocrx_word' id='word_1_496' title='bbox 2807 4354 3085 4420; x_wconf 81' lang='lat' dir='ltr'>repetitum</span> <span class='ocrx_word' id='word_1_497' title='bbox 3125 4360 3246 4408; x_wconf 76' lang='lat' dir='ltr'><strong>anto</strong></span> 
     </span>
     <span class='ocr_line' id='line_1_38' title="bbox 524 4428 3244 4500; baseline 0.006 -22"><span class='ocrx_word' id='word_1_498' title='bbox 524 4428 566 4479; x_wconf 79' lang='grc' dir='ltr'>εἰ</span> <span class='ocrx_word' id='word_1_499' title='bbox 603 4430 711 4491; x_wconf 88' lang='grc'>(19)</span> <span class='ocrx_word' id='word_1_500' title='bbox 748 4431 789 4480; x_wconf 85' lang='grc' dir='ltr'>Β</span> <span class='ocrx_word' id='word_1_501' title='bbox 1010 4429 1072 4479; x_wconf 87' lang='grc'>19</span> <span class='ocrx_word' id='word_1_502' title='bbox 1110 4430 1203 4499; x_wconf 80' lang='grc' dir='ltr'>τὴν</span> <span class='ocrx_word' id='word_1_503' title='bbox 1243 4444 1343 4481; x_wconf 90' lang='lat' dir='ltr'>om.</span> <span class='ocrx_word' id='word_1_504' title='bbox 1372 4434 1582 4484; x_wconf 74' lang='lat' dir='ltr'>GFSLa</span> <span class='ocrx_word' id='word_1_505' title='bbox 1618 4432 1707 4500; x_wconf 91' lang='lat' dir='ltr'>Sp.</span> <span class='ocrx_word' id='word_1_506' title='bbox 1923 4434 1991 4485; x_wconf 76' lang='lat'>20</span> <span class='ocrx_word' id='word_1_507' title='bbox 2028 4434 2164 4487; x_wconf 77' lang='grc' dir='ltr'>οὕτω</span> <span class='ocrx_word' id='word_1_508' title='bbox 2203 4434 2459 4496; x_wconf 73' lang='grc' dir='ltr'>διεξιοῦσιν</span> <span class='ocrx_word' id='word_1_509' title='bbox 2498 4441 2566 4490; x_wconf 87' lang='lat' dir='ltr'>B:</span> <span class='ocrx_word' id='word_1_510' title='bbox 2623 4436 2759 4490; x_wconf 81' lang='grc' dir='ltr'>οὕτω</span> <span class='ocrx_word' id='word_1_511' title='bbox 2797 4438 2860 4491; x_wconf 82' lang='grc' dir='ltr'>δι’</span> <span class='ocrx_word' id='word_1_512' title='bbox 2897 4438 3105 4500; x_wconf 75' lang='grc' dir='ltr'>ἐξιοῦσιν</span> <span class='ocrx_word' id='word_1_513' title='bbox 3143 4440 3244 4495; x_wconf 74' lang='lat' dir='ltr'>V’:</span> 
     </span>
     <span class='ocr_line' id='line_1_39' title="bbox 524 4512 3245 4598; baseline 0.007 -33"><span class='ocrx_word' id='word_1_514' title='bbox 524 4512 693 4567; x_wconf 74' lang='grc' dir='ltr'>οὕτωσ</span> <span class='ocrx_word' id='word_1_515' title='bbox 730 4516 772 4567; x_wconf 80' lang='grc' dir='ltr'>εἰ</span> <span class='ocrx_word' id='word_1_516' title='bbox 810 4514 998 4575; x_wconf 75' lang='grc' dir='ltr'>ἕξουσιν</span> <span class='ocrx_word' id='word_1_517' title='bbox 1038 4518 1134 4568; x_wconf 84' lang='lat' dir='ltr'>V&#39;:</span> <span class='ocrx_word' id='word_1_518' title='bbox 1183 4516 1369 4569; x_wconf 72' lang='grc' dir='ltr'>οὑτωσὶ</span> <span class='ocrx_word' id='word_1_519' title='bbox 1406 4516 1594 4576; x_wconf 75' lang='grc' dir='ltr'>ἕξουσιν</span> <span class='ocrx_word' id='word_1_520' title='bbox 1623 4522 1833 4572; x_wconf 83' lang='lat' dir='ltr'>GFSLa</span> <span class='ocrx_word' id='word_1_521' title='bbox 1871 4520 1958 4587; x_wconf 86' lang='lat' dir='ltr'>Sp.</span> <span class='ocrx_word' id='word_1_522' title='bbox 2175 4524 2240 4573; x_wconf 79' lang='lat'>22</span> <span class='ocrx_word' id='word_1_523' title='bbox 2279 4524 2338 4576; x_wconf 77' lang='grc' dir='ltr'>ἂν</span> <span class='ocrx_word' id='word_1_524' title='bbox 2377 4524 2494 4576; x_wconf 79' lang='lat' dir='ltr'>add.</span> <span class='ocrx_word' id='word_1_525' title='bbox 2533 4524 2624 4592; x_wconf 90' lang='lat' dir='ltr'>Sp.</span> <span class='ocrx_word' id='word_1_526' title='bbox 2861 4526 2927 4580; x_wconf 81' lang='lat'>23</span> <span class='ocrx_word' id='word_1_527' title='bbox 2966 4531 3098 4598; x_wconf 79' lang='grc' dir='ltr'>φορὰ</span> <span class='ocrx_word' id='word_1_528' title='bbox 3132 4528 3245 4583; x_wconf 81' lang='lat' dir='ltr'>BS²</span> 
     </span>
     <span class='ocr_line' id='line_1_40' title="bbox 522 4601 3246 4681; baseline 0.006 -28"><span class='ocrx_word' id='word_1_529' title='bbox 522 4602 635 4668; x_wconf 88' lang='lat' dir='ltr'>Sp.:</span> <span class='ocrx_word' id='word_1_530' title='bbox 675 4601 841 4671; x_wconf 85' lang='grc' dir='ltr'>φθορὰ</span> <span class='ocrx_word' id='word_1_531' title='bbox 880 4602 935 4668; x_wconf 80' lang='grc' dir='ltr'>(θ</span> <span class='ocrx_word' id='word_1_532' title='bbox 970 4604 1195 4669; x_wconf 82' lang='lat' dir='ltr'>erasum)</span> <span class='ocrx_word' id='word_1_533' title='bbox 1234 4605 1522 4659; x_wconf 80' lang='lat' dir='ltr'>VGFS¹La</span> <span class='ocrx_word' id='word_1_534' title='bbox 1736 4608 1801 4659; x_wconf 80' lang='lat'>24</span> <span class='ocrx_word' id='word_1_535' title='bbox 1839 4609 1897 4661; x_wconf 83' lang='grc' dir='ltr'>τὸ</span> <span class='ocrx_word' id='word_1_536' title='bbox 1937 4612 2023 4661; x_wconf 79' lang='grc' dir='ltr'>καὶ</span> <span class='ocrx_word' id='word_1_537' title='bbox 2063 4614 2136 4661; x_wconf 87' lang='lat' dir='ltr'>V:</span> <span class='ocrx_word' id='word_1_538' title='bbox 2184 4630 2239 4663; x_wconf 88' lang='grc' dir='ltr'>τε</span> <span class='ocrx_word' id='word_1_539' title='bbox 2277 4614 2363 4663; x_wconf 83' lang='grc' dir='ltr'>καὶ</span> <span class='ocrx_word' id='word_1_540' title='bbox 2401 4612 2660 4665; x_wconf 60' lang='lat' dir='ltr'>Glisma:</span> <span class='ocrx_word' id='word_1_541' title='bbox 2699 4613 2760 4666; x_wconf 82' lang='grc' dir='ltr'>τὸ</span> <span class='ocrx_word' id='word_1_542' title='bbox 2797 4614 2904 4667; x_wconf 79' lang='lat' dir='ltr'>S²B</span> <span class='ocrx_word' id='word_1_543' title='bbox 2941 4614 3054 4681; x_wconf 87' lang='lat' dir='ltr'>Sp.:</span> <span class='ocrx_word' id='word_1_544' title='bbox 3093 4634 3148 4668; x_wconf 79' lang='grc' dir='ltr'>τε</span> <span class='ocrx_word' id='word_1_545' title='bbox 3183 4616 3246 4668; x_wconf 86' lang='grc' dir='ltr'>τὸ</span> 
     </span>
     <span class='ocr_line' id='line_1_41' title="bbox 522 4686 3246 4773; baseline 0.007 -35"><span class='ocrx_word' id='word_1_546' title='bbox 522 4705 554 4738; x_wconf 81' lang='lat' dir='ltr'><strong>a</strong></span> <span class='ocrx_word' id='word_1_547' title='bbox 590 4686 679 4755; x_wconf 88' lang='lat' dir='ltr'>Sp.</span> <span class='ocrx_word' id='word_1_548' title='bbox 866 4687 1128 4757; x_wconf 72' lang='grc' dir='ltr'>ἀδύνατον,</span> <span class='ocrx_word' id='word_1_549' title='bbox 1166 4691 1217 4743; x_wconf 77' lang='grc' dir='ltr'>εἰ</span> <span class='ocrx_word' id='word_1_550' title='bbox 1255 4692 1372 4743; x_wconf 82' lang='grc' dir='ltr'>ἀπὸ</span> <span class='ocrx_word' id='word_1_551' title='bbox 1412 4696 1622 4760; x_wconf 79' lang='lat' dir='ltr'>scripsi:</span> <span class='ocrx_word' id='word_1_552' title='bbox 1662 4692 1904 4747; x_wconf 73' lang='grc' dir='ltr'>ἀδΰνατον</span> <span class='ocrx_word' id='word_1_553' title='bbox 1943 4696 2022 4749; x_wconf 75' lang='grc' dir='ltr'>διὰ</span> <span class='ocrx_word' id='word_1_554' title='bbox 2057 4698 2116 4750; x_wconf 87' lang='grc' dir='ltr'>τὸ</span> <span class='ocrx_word' id='word_1_555' title='bbox 2139 4700 2436 4753; x_wconf 82' lang='lat' dir='ltr'>v¹GFS¹L:</span> <span class='ocrx_word' id='word_1_556' title='bbox 2477 4698 2721 4752; x_wconf 74' lang='grc' dir='ltr'>ἀδΰνατον</span> <span class='ocrx_word' id='word_1_557' title='bbox 2757 4702 2800 4754; x_wconf 73' lang='grc' dir='ltr'>εἰ</span> <span class='ocrx_word' id='word_1_558' title='bbox 2835 4704 2928 4773; x_wconf 77' lang='grc' dir='ltr'>γὰρ</span> <span class='ocrx_word' id='word_1_559' title='bbox 2967 4704 3126 4755; x_wconf 81' lang='grc' dir='ltr'>πάντα</span> <span class='ocrx_word' id='word_1_560' title='bbox 3164 4702 3246 4755; x_wconf 74' lang='grc' dir='ltr'>διὰ</span> 
     </span>
     <span class='ocr_line' id='line_1_42' title="bbox 522 4774 3246 4861; baseline 0.007 -36"><span class='ocrx_word' id='word_1_561' title='bbox 522 4774 577 4826; x_wconf 84' lang='grc' dir='ltr'>τὸ</span> <span class='ocrx_word' id='word_1_562' title='bbox 628 4774 706 4839; x_wconf 85' lang='grc' dir='ltr'>(τὸ</span> <span class='ocrx_word' id='word_1_563' title='bbox 758 4776 855 4827; x_wconf 73' lang='lat' dir='ltr'>del.</span> <span class='ocrx_word' id='word_1_564' title='bbox 896 4776 969 4825; x_wconf 56' lang='grc' dir='ltr'>Ψ</span> <span class='ocrx_word' id='word_1_565' title='bbox 1005 4777 1092 4845; x_wconf 84' lang='lat' dir='ltr'>Sp.</span> <span class='ocrx_word' id='word_1_566' title='bbox 1142 4796 1240 4831; x_wconf 88' lang='lat' dir='ltr'>om.</span> <span class='ocrx_word' id='word_1_567' title='bbox 1279 4782 1342 4841; x_wconf 89' lang='lat' dir='ltr'>B)</span> <span class='ocrx_word' id='word_1_568' title='bbox 1398 4780 1629 4833; x_wconf 74' lang='lat' dir='ltr'>v²BS²a</span> <span class='ocrx_word' id='word_1_569' title='bbox 1664 4781 1753 4850; x_wconf 84' lang='lat' dir='ltr'>Sp.</span> <span class='ocrx_word' id='word_1_570' title='bbox 1993 4784 2059 4837; x_wconf 77' lang='lat'>25</span> <span class='ocrx_word' id='word_1_571' title='bbox 2117 4786 2187 4843; x_wconf 81' lang='grc' dir='ltr'>ὡς</span> <span class='ocrx_word' id='word_1_572' title='bbox 2233 4787 2406 4839; x_wconf 83' lang='lat' dir='ltr'>addidi</span> <span class='ocrx_word' id='word_1_573' title='bbox 2621 4792 2714 4859; x_wconf 83' lang='grc' dir='ltr'>γῆς</span> <span class='ocrx_word' id='word_1_574' title='bbox 2751 4790 2820 4847; x_wconf 79' lang='grc' dir='ltr'>εἰς</span> <span class='ocrx_word' id='word_1_575' title='bbox 2861 4792 2974 4844; x_wconf 84' lang='lat' dir='ltr'>GF:</span> <span class='ocrx_word' id='word_1_576' title='bbox 3029 4794 3123 4861; x_wconf 83' lang='grc' dir='ltr'>τῆσ</span> <span class='ocrx_word' id='word_1_577' title='bbox 3171 4790 3246 4843; x_wconf 83' lang='grc' dir='ltr'>εἰσ</span> 
     </span>
     <span class='ocr_line' id='line_1_43' title="bbox 522 4862 2947 4949; baseline 0.006 -36"><span class='ocrx_word' id='word_1_578' title='bbox 522 4862 791 4918; x_wconf 77' lang='lat' dir='ltr'>VS¹B¹L=</span> <span class='ocrx_word' id='word_1_579' title='bbox 830 4868 923 4937; x_wconf 81' lang='grc' dir='ltr'>τῆς</span> <span class='ocrx_word' id='word_1_580' title='bbox 968 4883 1099 4927; x_wconf 82' lang='grc' dir='ltr'>τινος</span> <span class='ocrx_word' id='word_1_581' title='bbox 1145 4868 1214 4925; x_wconf 74' lang='grc' dir='ltr'>εἰς</span> <span class='ocrx_word' id='word_1_582' title='bbox 1259 4870 1439 4921; x_wconf 56' lang='lat'><strong>&amp;²3²2</strong></span> <span class='ocrx_word' id='word_1_583' title='bbox 1490 4872 1579 4939; x_wconf 78' lang='lat' dir='ltr'>Sp.</span> <span class='ocrx_word' id='word_1_584' title='bbox 1796 4872 2052 4944; x_wconf 73' lang='grc' dir='ltr'>μεταβολή</span> <span class='ocrx_word' id='word_1_585' title='bbox 2093 4876 2279 4927; x_wconf 75' lang='lat' dir='ltr'>S&#39;FL:</span> <span class='ocrx_word' id='word_1_586' title='bbox 2319 4874 2601 4949; x_wconf 81' lang='grc' dir='ltr'>μεταβολῆς</span> <span class='ocrx_word' id='word_1_587' title='bbox 2631 4878 2822 4932; x_wconf 54' lang='lat' dir='ltr'>vuffa</span> <span class='ocrx_word' id='word_1_588' title='bbox 2857 4878 2947 4947; x_wconf 83' lang='lat' dir='ltr'>Sp.</span> 
     </span>
    </p>
   </div>
  </div>
 </body>
</html>
