3684 5567
1403 232 1688 290 BIBAION
1727 231 2005 290 ΠΡΩΤΟΝ
2052 237 2317 289 lla—111>
3139 236 3223 298 23

609 409 690 490 μὴ
743 405 750 492 Ι
801 409 1100 491 ὁμογενεῖς
1153 408 1295 485 εἶεν,
1353 409 1601 472 ἑκάστου
1656 408 1856 492 γένους
1908 415 2104 494 ψυχῆς
2160 407 2300 478 ἴδιος
2358 407 2537 472 ἔσται.
2634 409 2699 470 τὸ
2753 409 2861 491 γὰρ
2919 407 3106 469 κοινὸν
3145 413 3219 470 48

607 515 806 594 ψυχῆς
852 508 1040 593 ὄνομα
1087 511 1260 592 μόνον
1291 511 1465 580 ἐστίν,
1511 511 1704 574 οὐκέτι
1750 513 1814 574 δὲ
1861 513 1955 574 καὶ
2000 511 2239 594 πρᾶγμά
2281 535 2354 572 τι.
2424 510 2644 579 δεικνὺς
2691 511 2755 573 δὲ
2801 515 2927 578 πῶς
2974 508 3113 578 ἴδιος

608 613 890 696 ἑκάστης,
935 614 1390 697 παραδείγμασιν
1437 613 1738 698 ἐχρήσατο
1786 614 1897 675 ὑπὸ
1945 613 2005 675 ἓν
2054 612 2215 694 γένος
2258 612 2448 687 οὖσιν,
2495 613 2527 676 ὃ
2574 615 2672 676 καὶ
2718 612 3113 695 ἀσαφέστερον
3166 628 3195 670 5

603 715 669 778 τὸ
710 713 1023 797 λεγόμενον
1071 715 1367 798 ἐποίησεν.
1456 716 1508 778 εἰ
1553 717 1660 798 γὰρ
1705 714 1799 798 εἴη
1846 717 2030 778 ταῦτά
2072 736 2215 798 φησι
2265 718 2345 798 μὴ
2392 717 2673 798 ὁμογενῆ,
2720 716 2753 776 ό
2798 716 2971 783 ἵππος
3017 716 3111 778 καὶ

532 837 563 884 5
602 819 633 880 ὁ
678 815 834 878 κύων
882 819 978 880 καὶ
1029 818 1060 880 ὁ
1102 815 1413 900 ἄνθρωπος
1457 818 1552 880 καὶ
1597 818 1628 879 ὃ
1669 816 1827 892 θεός,
1876 821 1958 886 ὡς
1999 817 2162 899 γένος
2206 817 2399 880 αὐτῶν
2445 818 2509 880 τὸ
2560 822 2711 900 ζῷον
2758 815 2921 892 εἶναι,
2970 815 3110 886 ἴδιος
3176 895 3179 898 ᾗ

601 919 849 982 ἑκάστου
895 918 1088 981 αὐτῶν
1135 920 1304 1000 λόγος
1348 917 1530 994 ἔσται,
1576 920 1642 982 τὸ
1689 920 1752 982 δὲ
1800 923 1953 1003 ζῴον
1998 921 2064 982 τὸ
2110 924 2315 988 κοινῶς
2362 917 2483 982 κατ’
2528 920 2719 982 αὐτῶν
2767 918 3109 1002 κατηγορού-

601 1044 772 1101 μενον
827 1021 956 1104 ἤτοι
1000 1021 1274 1104 οὐδεμίαν
1329 1021 1546 1084 οἰκείαν
1600 1023 1869 1105 σημαίνει
1922 1021 2120 1106 φύσιν,
2180 1018 2300 1084 ἀλλ’
2357 1020 2517 1085 ἔσται
2572 1023 2918 1104 ὁμώνυμον,
2974 1022 3011 1104 ἢ
3058 1022 3108 1083 εἰ
3138 1039 3191 1080 ιο

601 1125 696 1186 καὶ
743 1125 1037 1208 σημαίνει,
1081 1121 1262 1207 (ἔχει)
1309 1127 1391 1192 ὥς
1433 1125 1598 1186 δοκεῖ
1637 1121 1799 1208 ἔχειν
1846 1125 1942 1187 ἐπὶ
1988 1130 2103 1187 τῶν
2150 1127 2466 1210 πολλαχῶς
2512 1123 2839 1207 λεγομένων
2884 1128 2999 1185 τῶν
3046 1124 3107 1186 ἐν

600 1227 686 1294 οἷς
741 1226 864 1289 ἐστι
914 1227 982 1288 τὸ
1028 1225 1306 1310 πρότερον
1363 1227 1456 1288 καὶ
1515 1226 1770 1310 ὕστερον.
1860 1229 1926 1290 τὸ
1971 1226 2080 1310 γὰρ
2125 1233 2334 1296 κοινῶς
2390 1227 2449 1288 ἐν
2504 1231 2624 1294 τοῖς
2674 1226 2859 1295 οὕτως
2904 1225 3107 1311 ἔχουσι

498 1349 562 1394 10
597 1329 1095 1413 κατηγορούμενον
1138 1328 1406 1412 σημαίνει
1451 1327 1554 1410 μέν
1599 1352 1722 1391 τινα
1767 1330 1957 1414 φύσιν,
2004 1329 2071 1392 οὐ
2119 1331 2233 1412 μὴν
2281 1329 2339 1392 ἐν
2372 1333 2542 1391 πᾶσιν
2590 1329 2809 1410 ὁμοίως
2854 1328 3105 1414 ἔχουσαν
3139 1347 3188 1389 15

597 1437 716 1500 τοῖς
763 1434 845 1494 ὧν
893 1435 1322 1516 κατηγορεῖται·
1370 1433 1458 1494 διὸ
1507 1431 1741 1513 ὕστερον
1797 1437 1967 1494 τοῦτο
2022 1437 2135 1494 τῶν
2196 1429 2291 1492 ὑπ’
2347 1430 2513 1493 αὐτό.
2599 1432 2665 1493 τὸ
2723 1433 2827 1514 μὲν
2872 1432 2979 1515 γὰρ
3027 1439 3109 1502 ὡς

595 1534 761 1616 γένος
812 1540 980 1598 τινῶν
1037 1535 1535 1618 κατηγορούμενον
1591 1533 2001 1618 ἀναιρούμενον
2048 1535 2378 1616 συναναιρεῖ
2428 1531 2587 1618 αὐτῷ
2644 1535 2827 1596 πάντα
2877 1535 2950 1597 τὰ
2997 1534 3093 1620 ὑφ’

597 1637 773 1711 αύτό,
821 1640 902 1700 ὧν
948 1637 1138 1700 οὐδενὶ
1183 1636 1612 1720 ἀναιρουμένων
1659 1641 2107 1718 συναναιρεῖται,
2164 1639 2251 1699 διὸ
2299 1642 2526 1720 πρῶτον
2572 1641 2645 1719 τῇ
2694 1637 2883 1721 φύσει,
2932 1640 2995 1700 τὸ
3044 1637 3091 1700 δ’
3131 1656 3187 1697 so

597 1739 656 1801 ἐν
702 1740 788 1808 οἷς
831 1741 897 1802 τὸ
944 1741 1224 1823 πρότερον
1280 1740 1374 1801 καὶ
1421 1737 1656 1821 ὕστερόν
1705 1739 1889 1813 ἐστιν,
1945 1739 2347 1822 ἀναιρουμένῳ
2400 1744 2485 1823 τῷ
2532 1742 2750 1822 πρώτῳ
2797 1737 2993 1824 ἔχοντι
3038 1743 3103 1804 τὸ

495 1861 556 1909 15
595 1839 692 1904 ὑπ’
757 1841 934 1904 αὐτοῦ
1003 1840 1429 1924 σημαινόμενον
1487 1845 1933 1923 συναναιρεῖται,
2000 1842 2089 1903 διὸ
2156 1841 2347 1904 οὐκέτι
2408 1847 2637 1926 πρῶτον
2692 1840 2810 1904 ἀλλ’
2868 1843 3102 1926 ὕστερον

595 1947 828 2027 γίνεται.
895 1947 1148 2006 τοιοῦτον
1195 1944 1260 2006 δὲ
1305 1942 1476 2012 δείξει
1520 1944 1614 2005 καὶ
1658 1943 1763 2025 τὴν
1805 1944 1999 2026 ψυχὴν
2048 1941 2133 2004 ὅν.
2200 1945 2287 2006 διὸ
2335 1943 2575 2014 εἰκότως
2622 1947 2953 2029 προτίθεται
2998 1949 3101 2030 τὴν
3130 1965 3185 2007 95

597 2048 728 2131 περὶ
774 2044 950 2109 αὐτοῦ
1001 2046 1271 2129 ζήτησιν,
1329 2046 1718 2128 ποιησάμενος
1773 2046 1838 2106 δὲ
1884 2045 1980 2106 τὸν
2034 2047 2203 2126 λόγον
2246 2045 2341 2108 ἐπὶ
2389 2046 2574 2130 ζῴου,
2630 2049 2757 2112 ἐπεὶ
2802 2051 2885 2112 ὧν
2932 2051 3103 2132 ἐμνη-

598 2148 874 2233 μόνευσεν
923 2149 1034 2212 ὑπὸ
1065 2149 1132 2210 τὸ
1166 2151 1320 2231 ζῷον
1349 2145 1441 2231 ἧν,
1488 2147 1854 2231 προσέθηκεν
1901 2148 1965 2208 τὸ
2000 2149 2261 2228 ὁμοίως
2312 2147 2319 2231 ,Ι
2368 2151 2439 2211 δὲ
2484 2149 2606 2214 κᾶν
2653 2150 2818 2214 εἴτι
2864 2155 3096 2215 κοινὸν
3134 2162 3207 2217 49

595 2251 762 2315 ἄλλο
809 2255 1302 2334 κατηγοροῖτο,
1347 2250 1570 2318 δεικνὺς
1614 2249 1702 2313 ὅτι
1745 2253 1881 2322 πᾶν,
1928 2249 2069 2312 εἴτι
2100 2251 2285 2318 οὕτως
2315 2255 2522 2319 κοινῶς
2562 2257 2731 2316 τινῶν
2773 2259 3103 2339 κατηγορεῖ-

485 2373 554 2422 20
591 2379 680 2418 ται
725 2358 805 2424 ὡς
853 2355 934 2436 μὴ
990 2351 1135 2414 εἶναι
1177 2351 1343 2433 γένος
1386 2352 1608 2428 αὐτῶν,
1666 2353 1704 2435 ἢ
1761 2351 1929 2414 οὐδὲν
1984 2349 2143 2415 ἔσται
2201 2353 2239 2435 ἢ
2287 2354 2551 2437 ὕστερον,
2618 2358 2699 2424 ὡς
2743 2359 3095 2441 προείρηται.

591 2461 760 2520 τοῦτο
807 2457 911 2538 μὲν
957 2454 1056 2518 οὖν
1101 2455 1161 2517 ἐν
1207 2455 1410 2539 ἐκείνῳ
1457 2455 1705 2539 εἴρηται.
1779 2452 1966 2516 ἔνεστι
2015 2453 2209 2536 μέντοι
2254 2457 2319 2518 τὸ
2362 2457 2667 2540 εἰρημένον
2714 2460 2809 2521 καὶ
2858 2459 2953 2522 ἐπὶ
2999 2465 3100 2522 τοῦ
3155 2476 3183 2518 ὅ

591 2556 747 2642 ζῴου
793 2561 890 2622 καὶ
943 2559 1039 2622 ἐπὶ
1089 2561 1206 2621 τῶν
1261 2558 1475 2642 κυρίως
1531 2562 1712 2638 γενῶν
1773 2555 1955 2619 ὄντων
2012 2557 2341 2642 ἐφαρμόζον
2396 2559 2595 2628 δεῖξαι.
2684 2561 2811 2624 ἐπεὶ
2866 2562 2973 2644 γὰρ
3027 2563 3099 2624 τὰ

587 2661 724 2744 γένη
770 2660 1052 2736 καθόλου,
1097 2660 1162 2722 τὸ
1209 2661 1274 2722 δὲ
1319 2660 1576 2723 καθόλου
1625 2664 1792 2722 τινῶν
1840 2657 1933 2734 ὄν,
1989 2657 2051 2721 ὄν
2099 2681 2150 2722 τι
2195 2660 2451 2723 καθόλου
2496 2661 2669 2724 ἐστίν.
2758 2663 2825 2725 οὐ
2871 2665 2977 2747 γὰρ
3026 2665 3097 2747 δὴ

591 2763 770 2846 μηδέν
815 2787 868 2825 τι
925 2763 987 2826 ὃν
1034 2762 1296 2826 καθόλου
1351 2762 1414 2824 τέ
1459 2763 1580 2824 ἐστι
1634 2763 1730 2824 καὶ
1783 2761 1948 2842 γένος
2001 2762 2095 2824 καὶ
2152 2763 2503 2844 συνωνύμως
2557 2772 2959 2848 κατηγορεῖται
3006 2769 3097 2850 [ὃν
3130 2785 3182 2826 1⁰

481 2884 550 2932 25
589 2863 692 2946 μέν
738 2889 789 2927 τι
835 2867 900 2928 τὸ
950 2865 1144 2948 γένος,
1197 2863 1260 2927 ὂν
1309 2863 1502 2945 μέντοι
1546 2863 1709 2925 τόνδε
1757 2865 1855 2926 τὸν
1900 2863 2162 2946 τρόπον].
2248 2865 2313 2926 τὸ
2362 2866 2463 2947 μὲν
2512 2867 2884 2950 ὑποκείμενον
2930 2867 2981 2954 ᾦ
3033 2872 3097 2933 τὸ

586 2967 844 3031 καθόλου
893 2965 1229 3052 συμβέβηκε
1273 2969 1514 3050 πρᾶγμά
1555 2966 1617 3029 τί
1655 2967 1796 3040 ἐστι,
1844 2967 1909 3029 τὸ
1956 2967 2021 3027 δὲ
2066 2967 2326 3029 καθόλου
2376 2968 2441 3030 τὸ
2475 2967 2679 3053 ἐκείνῳ
2727 2972 3096 3057 συμβεβηκὸς

587 3069 654 3132 οὐ
701 3071 940 3152 πρᾶγμά
997 3092 1048 3131 τι
1101 3067 1240 3132 καθ’
1297 3067 1440 3130 αὑτό
1496 3067 1678 3144 ἐστιν,
1742 3069 1891 3131 ἀλλὰ
1945 3069 2318 3153 συμβεβηκός
2371 3093 2424 3132 τι
2476 3069 2713 3154 ἐκείνῳ,
2775 3073 2895 3134 οἷον
2942 3078 3095 3156 ζῷον
3127 3093 3178 3134 15

586 3174 825 3256 πρᾶγμά
872 3174 924 3235 τί
969 3172 1090 3235 ἐστι
1135 3171 1232 3234 καὶ
1264 3157 1496 3253 φύσεώς
1543 3193 1690 3239 τινος
1737 3170 2080 3254 δηλωτικόν,
2134 3172 2399 3254 σημαίνει
2444 3171 2552 3255 γὰρ
2598 3174 2796 3237 οὐσίαν
2828 3173 3092 3263 ἔμψυχον

583 3273 960 3358 αἰσθητικήν,
1021 3273 1054 3336 ὃ
1099 3271 1246 3336 κατὰ
1303 3273 1407 3354 μὲν
1460 3272 1565 3354 τὴν
1611 3273 1789 3336 αὑτοῦ
1847 3273 2017 3358 φύσιν
2072 3273 2179 3336 οὐκ
2234 3272 2357 3336 ἔστι
2402 3273 2686 3337 καθόλου.
2772 3277 2939 3340 οὐδὲν
2984 3280 3093 3364 γὰρ

475 3397 546 3444 30
583 3377 752 3460 ἧττον
801 3374 990 3452 ἔσται,
1045 3376 1142 3438 καὶ
1195 3376 1247 3437 εἰ
1291 3373 1352 3436 ἓν
1407 3373 1532 3436 κατ’
1590 3375 1838 3459 ἀριθμὸν
1897 3376 2205 3458 ύποτεθείη
2264 3380 2417 3459 ζῷον
2470 3376 2639 3440 εἶναι.
2730 3380 2983 3466 ὑπάρχει
3028 3384 3093 3445 δὲ

581 3479 741 3562 αὐτῷ
791 3477 909 3541 ὄντι
954 3477 1200 3560 τοιούτῳ
1247 3478 1308 3540 ἐν
1353 3476 1611 3540 πλείοσιν
1657 3476 1804 3540 εἶναι
1856 3478 1952 3540 καὶ
2006 3476 2132 3540 κατ’
2188 3477 2341 3547 εἶδος
2386 3479 2657 3564 ἀλλήλων
2703 3482 3091 3566 διαφέρουσιν.
3118 3504 3175 3545 20

580 3581 944 3667 συμβέβηκεν
1001 3577 1101 3642 οὖν
1155 3578 1315 3663 αὐτῷ
1375 3583 1566 3642 τοῦτο.
1657 3581 1689 3644 ὃ
1746 3581 1856 3664 γὰρ
1914 3582 1995 3663 μὴ
2052 3581 2111 3643 ἐν
2165 3585 2239 3665 τῇ
2296 3581 2466 3664 οὐσία
2522 3585 2671 3652 τινὸς
2728 3584 2790 3648 ὃν
2839 3587 3091 3675 ὑπάρχει

475 3867 496 3918 1
550 3865 680 3918 ἐστιν
727 3866 830 3918 Εὸῑ
1048 3863 1080 3915 2
1127 3863 1336 3932 ὀνόματι
1374 3866 1444 3918 V²
1654 3868 1859 3936 πρᾶγμά
1904 3885 1951 3918 τι
1991 3867 2106 3934 Sp.:
2146 3868 2396 3938 πράγματι
2442 3867 2561 3920 libri
2777 3871 2808 3923 3
2853 3871 3071 3928 fortasse
3110 3893 3194 3928 σα-

471 3955 709 4022 φέστερον
896 3951 928 4005 5
967 3952 1140 4004 κύνων
1179 3971 1210 4003 a
1408 3952 1478 4010 ὡς
1520 3957 1681 4006 VFB:
1737 3953 1871 4006 ὥστε
1909 3957 2025 4008 Gsa
2056 3956 2171 4022 Sp.:
2228 3955 2349 4024 φησὶ
2384 3960 2428 4008 L
2622 3958 2651 4009 7
2702 3959 2836 4028 ἤτοι]
2892 3960 3003 4030 ἤτοι
3051 3961 3195 4016 οὐδέν

469 4041 600 4092 ἐστιν
633 4043 863 4094 GFSLa:
905 4039 1018 4109 ἤτοι
1055 4037 1196 4092 οὺδέν
1236 4040 1366 4091 ἐστιν
1404 4041 1490 4092 καὶ
1509 4041 1644 4092 vict.
1672 4041 1758 4108 Sp.
1905 4043 1937 4094 8
1974 4042 2121 4114 <ἔχει>
2160 4043 2231 4100 ὡς
2268 4045 2477 4112 scripsi:
2516 4045 2695 4108 (ἔσται)
2734 4046 2806 4104 ὡς
2840 4047 3007 4101 B²S²a
3032 4049 3121 4116 Sp.

469 4125 546 4195 ἐν]
585 4128 672 4180 καὶ
709 4145 740 4178 a
923 4127 985 4178 12
1021 4131 1140 4193 post
1177 4125 1532 4196 ἀναιρούμενον
1570 4127 1669 4179 del.
1711 4127 1794 4180 m⁹
1831 4131 2280 4199 συναναιρούμενον
2310 4136 2355 4183 V
2534 4131 2672 4201 αύτῷ
2703 4133 2775 4185 V2
2958 4135 3019 4188 13
3057 4136 3193 4189 ἀναι-

467 4215 695 4284 ρουμένῳ
723 4233 756 4266 a
779 4214 866 4281 Sp.
1014 4214 1076 4264 14
1114 4215 1200 4265 καὶ
1235 4213 1294 4266 τὸ
1319 4235 1352 4266 a
1377 4215 1466 4281 Sp.
1617 4216 1678 4268 15
1717 4217 2077 4284 σημαινόμενον
2115 4218 2173 4269 ού
2211 4227 2572 4290 συναναιρεῖται
2604 4219 2673 4271 13²
2820 4219 2879 4271 16
2935 4217 2984 4273 δ’
3042 4221 3193 4284 ἔδειξε

468 4303 602 4353 coni.
638 4301 726 4369 Sp.
875 4300 937 4352 17
979 4301 1082 4353 ἐπεὶ
1109 4300 1182 4352 ὧν
1205 4305 1322 4352 VB:
1363 4301 1518 4354 ἐπιὼν
1541 4306 1657 4355 GL:
1697 4305 1777 4355 ἐπὶ
1813 4304 1889 4356 ὧν
1915 4308 2030 4357 FSa
2049 4306 2137 4371 Sp.
2282 4304 2357 4358 ὅτι
2394 4305 2490 4357 ὑπὸ
2520 4307 2655 4358 coni.
2677 4307 2765 4373 Sp.
2912 4308 2971 4360 21
3015 4313 3190 4376 τοῦτο]

462 4387 522 4439 τὸ
549 4405 581 4439 a
721 4388 772 4440 ἐν
799 4403 899 4441 om.
927 4407 958 4440 a
1101 4388 1278 4458 ἐκείνῳ
1303 4392 1394 4441 VB
1422 4390 1536 4442 scil.
1563 4389 1887 4458 ὑπομνήματι
1914 4391 1975 4443 cf.
2005 4393 2183 4456 2236:
2224 4393 2432 4450 ἐκείνοις
2449 4397 2661 4448 LGFSa
2685 4395 2773 4463 Sp.
2920 4395 2986 4446 22
3026 4395 3189 4451 ὄντων

464 4481 622 4542 γενῶν
645 4491 806 4544 supra
947 4475 1016 4528 23
1043 4475 1116 4541 ὄν,
1155 4474 1210 4527 ὄν
1239 4475 1306 4543 τι]
1336 4475 1406 4527 ὄν.
1446 4475 1548 4528 ὄντι
1571 4481 1688 4529 VB:
1729 4477 1834 4529 ὄντι
1853 4481 2087 4532 SGFLa:
2129 4479 2290 4532 ὄντων
2310 4481 2444 4532 Vict.
2471 4481 2557 4548 Sp.
2702 4481 2769 4533 24
2808 4482 2943 4536 ἔσται
2968 4502 3001 4536 ο,
3028 4485 3117 4552 Sp.

467 4561 549 4614 24.
585 4561 650 4615 25
689 4561 746 4614 ὃν
784 4565 876 4631 μέν
913 4563 1235 4633 τι-τρόπον
1273 4565 1651 4631 circumscripsi
1692 4569 1745 4616 et
1783 4565 1973 4618 desunt
2010 4566 2181 4632 2231,
2220 4569 2308 4620 ubi
2348 4567 2413 4620 cf.
2452 4583 2585 4636 quae
2622 4568 2885 4621 adduntur
3027 4570 3093 4624 25
3132 4571 3187 4624 ὃν

465 4649 632 4714 μέντοι
669 4650 945 4705 VS¹GFL=
1004 4649 1116 4703 οὐδέ
1163 4669 1210 4702 τι
1247 4651 1366 4704 S²az
1424 4649 1479 4703 ὃν
1517 4649 1568 4702 δέ
1605 4670 1652 4702 τι
1699 4653 1769 4718 (τι
1815 4651 1911 4706 del.
1952 4653 2057 4719 112²)
2097 4656 2138 4705 Β
2184 4654 2313 4706 Vict.
2342 4654 2433 4723 Sp.
2609 4655 2667 4707 τὸ
2706 4656 3086 4726 μὲν-ἐκείνῳ]
3122 4659 3187 4712 cf.

466 4735 630 4801 21,22
647 4767 702 4774 —·
726 4737 792 4790 24
938 4736 1004 4788 26
1045 4739 1250 4806 πρᾶγμά
1277 4757 1322 4790 τι
1348 4739 1463 4806 Sp.:
1503 4745 1706 4808 πρᾶγμα
1731 4759 1788 4791 a:
1829 4743 2081 4810 πράγματι
2107 4740 2225 4793 libri
2369 4743 2432 4794 27
2473 4761 2725 4815 πραγματι
2750 4745 2821 4794 V¹
2848 4745 3000 4810 (corr.
3026 4746 3117 4813 V‘·¹)

465 4826 594 4876 κατὰ
629 4823 951 4895 συμβεβηκός
976 4842 1006 4876 a
1032 4824 1120 4893 Sp.
1337 4825 1406 4878 30
1449 4834 1676 4898 κρεῖττον
1715 4829 1865 4878 FS¹L
