3684 5567
523 243 609 308 92
1502 240 1808 300 ΑΠΟΡΙΩΝ
1849 240 1968 297 ΚΑΙ
2005 240 2272 297 ΛΥΣΕΩΝ

635 413 819 496 ἄλλῃ,
888 415 1067 485 ἔδειξε
1112 416 1207 480 διὰ
1258 420 1359 480 τοῦ
1416 418 1651 484 πλείους
1704 414 1946 479 ἔσεσθαι
1991 419 2094 478 τοῦ
2139 414 2318 479 αὐτοῦ
2364 414 3023 500 αἰσθητοῦναίσθήσεις,
3085 413 3139 475 εἰ

628 516 740 598 γὰρ
807 517 957 601 ἄλλη
1012 542 1093 587 τις
1158 516 1347 591 ἔσται,
1414 514 1454 603 ᾖ
1518 523 1619 581 τοῦ
1684 518 1825 601 ὁρᾶν
1895 515 2301 599 αἰσθανόμεθα
2363 518 2459 580 καὶ
2514 516 2595 599 μὴ
2663 517 2702 598 ἡ
2766 514 2917 599 αὐτὴ
2985 512 3133 597 ὄψις,
3161 530 3218 571 2⁰

636 613 731 701 (ᾖ)
783 617 1047 702 ὁρῶμεν,
1103 618 1265 684 ἔσται
1310 622 1347 703 ἡ
1393 624 1497 683 τοῦ
1542 622 1681 704 ὁρᾶν
1725 618 2119 701 αἰσθανομένη
2175 618 2299 702 ἅμα
2353 620 2448 681 καὶ
2492 619 2828 703 χρωμάτων
2873 616 3139 680 αἰσθανο·

633 719 797 801 μένη.
880 722 917 804 ἡ
965 721 1071 805 γὰρ
1116 726 1220 805 τῆς
1276 722 1559 806 ἐνεργείας
1612 726 1717 805 τῆς
1768 722 1897 803 περὶ
1949 722 2020 783 τὰ
2073 720 2331 805 αἰσθητὰ
2387 720 2690 803 γινομένης
2740 717 3134 800 αἰσθανομένη

558 840 590 889 5
627 821 963 885 αἰσθάνοιτο
987 820 1108 907 (ἂν)
1140 825 1234 886 καὶ
1285 822 1292 909 Ι
1340 824 1581 898 τούτων,
1628 824 1755 907 περὶ
1801 823 1841 885 ἃ
1885 824 1922 905 ἡ
1970 822 2224 907 ἐνέργεια
2269 824 2308 906 ἢ
2354 822 2502 885 κατὰ
2545 824 2610 884 τὸ
2657 822 2817 905 ὁρᾶν,
2865 817 2984 883 ἔστι
3031 819 3096 881 δὲ
3140 824 3235 882 175

629 928 810 987 ταῦτα
853 925 923 988 τὰ
956 927 1265 1008 χρώματα.
1334 924 1401 988 οὗ
1446 926 1554 1009 γάρ
1600 924 1722 988 ἐστι
1766 925 1831 986 τὸ
1879 926 2018 1008 ὁρᾶν
2065 923 2209 987 ἄλλο
2251 947 2305 987 τι
2349 924 2387 1007 ἢ
2428 924 2676 1007 ἐνεργεῖν
2721 928 2796 1005 τῇ
2830 920 2964 1006 ὄψει
3007 922 3136 1003 περὶ

630 1026 703 1087 τὰ
748 1028 948 1108 ὁρατά,
996 1026 1149 1090 ὥσθ’
1191 1029 1231 1110 ἡ
1277 1030 1379 1090 τοῦ
1425 1028 1565 1110 ὁρᾶν
1609 1026 1884 1110 αἴσθησις
1926 1025 2201 1110 αἴσθησίς
2245 1026 2368 1090 ἐστι
2411 1031 2516 1109 τῆς
2559 1024 2862 1108 γινομένης
2907 1023 3138 1107 περὶτὰ

632 1126 813 1210 ὁρατὰ
858 1127 1148 1211 ἐνεργείας
1193 1129 1304 1191 ὑπὸ
1351 1132 1454 1210 τῆς
1500 1129 1771 1213 ὁρατικῆς
1827 1129 2182 1209 αἰσθήσεως.
2273 1127 2388 1212 οὐχ
2432 1126 2553 1191 οἷόν
2607 1150 2670 1189 τε
2715 1128 2782 1189 δὲ
2823 1126 3140 1190 αἰσθέσθαι
3191 1142 3220 1184 ι

636 1232 740 1309 τῆς
785 1230 915 1312 περὶ
960 1230 1098 1293 τάδε
1146 1229 1271 1293 τινὰ
1316 1230 1603 1314 ἐνεργείας
1649 1230 1729 1312 μὴ
1778 1232 1878 1294 καὶ
1921 1232 2104 1294 τῶνδε
2147 1228 2592 1313 αἰσθανόμενον,
2645 1230 2776 1313 περὶ
2820 1228 2858 1292 ἃ
2901 1230 2941 1309 ἡ
2988 1227 3138 1312 ἐνέρ-

540 1350 600 1397 io
635 1352 760 1411 γεια
804 1332 1036 1412 γίνεται.
1126 1330 1257 1395 ἀλλ’
1312 1332 1367 1395 εἰ
1411 1336 1599 1407 τοῦτο,
1656 1330 1883 1395 ἔσονται
1926 1336 2042 1395 τῶν
2087 1330 2390 1414 αἰσθητῶν
2435 1332 2664 1400 πλείους
2707 1332 3030 1415 αἰσθήσεις,
3075 1330 3145 1392 αἵ

634 1454 697 1495 τε
749 1432 1171 1516 αἰσθανόμεναι
1214 1432 1408 1497 αὐτῶν
1464 1434 1920 1518 προηγουμένως
1971 1435 2069 1497 καὶ
2122 1434 2182 1497 αἱ
2227 1438 2343 1497 τῶν
2389 1434 2686 1517 ἐνεργειῶν
2729 1438 2847 1497 τῶν
2893 1432 3022 1515 περὶ
3067 1430 3138 1494 τὰ
3165 1446 3220 1490 ιο

630 1536 887 1618 αἰσθητὰ
946 1540 1062 1599 τῶν
1116 1536 1455 1619 αἰσθήσεων
1510 1535 1946 1619 αἰσθανόμεναι.
2037 1540 2208 1599 τοῦτο
2261 1535 2311 1599 δ’
2367 1535 2584 1599 ἄτοπον
2642 1537 2710 1599 τὸ
2761 1535 2837 1598 τὰ
2892 1532 3007 1597 ἴδια
3055 1534 3137 1596 αἰ-

632 1636 826 1720 σθητὰ
872 1638 1092 1723 ἑκάστῃ
1138 1640 1411 1723 αἰσθήσει
1455 1638 1710 1702 πλείοσιν
1754 1640 2096 1723 αἰσθήσεσιν
2141 1638 2398 1721 αἰσθητὰ
2441 1637 2587 1701 εἶναι
2630 1638 2834 1721 λέγειν.
2903 1634 3139 1719 προσέτι

625 1761 689 1800 τε
734 1740 786 1801 εἰ
834 1739 929 1825 [ἡ]
977 1740 1128 1824 ἄλλη
1177 1740 1281 1823 μέν
1326 1741 1479 1805 ἐστιν
1526 1742 1566 1824 ἡ
1608 1739 2035 1823 αἰσθανομένη,
2092 1738 2244 1825 άλλη
2299 1741 2364 1805 δὲ
2409 1739 2546 1805 καθ’
2602 1740 2674 1823 ἢν
2727 1737 3136 1819 αἰσθανόμεθα
3161 1752 3216 1795 15

528 1860 589 1908 15
628 1842 855 1905 ἑαυτῶν
899 1842 1374 1926 αἰσθανομένων,
1431 1842 1527 1906 ἐπ’
1584 1842 1817 1926 ἄπειρον
1876 1841 2306 1926 προελεύσεται.
2393 1841 2491 1906 καὶ
2532 1840 2642 1925 γὰρ
2693 1846 2797 1925 τῆς
2848 1844 2949 1904 τοῦ
2997 1842 3135 1925 ὁρᾶν

627 1945 964 2029 αἰσθήσεως
1007 1947 1180 2009 πάλιν
1226 1943 1386 2009 ἔσται
1422 1944 1811 2029 ’συναίσθησις
1864 1946 2004 2029 ἡμῖν
2057 1942 2128 2007 δι’
2185 1942 2369 2028 ἄλλης
2421 1945 2570 2013 τινὸς
2622 1944 2986 2025 αἰσθήσεως,
3040 1942 3136 2005 κά·

625 2048 785 2129 κείνη
840 2049 1031 2123 πάλιν,
1086 2046 1156 2111 οὖ
1202 2047 1598 2133 αἰσθανομένη
1644 2050 1805 2110 ποιεῖ
1844 2048 1949 2130 τὴν
2003 2047 2412 2130 συναίσθησιν,
2470 2045 2654 2129 ἀλλην
2708 2046 2833 2109 τινὰ
2875 2046 2988 2115 ἕξει
3032 2046 3136 2127 τὴν
3163 2060 3220 2103 2⁰

629 2148 1088 2233 αἰσθανομένην,
1134 2151 1230 2213 καὶ
1275 2146 1428 2213 τοῦτ’
1484 2150 1567 2218 εἰς
1610 2147 1882 2231 ἄπειρον,
1927 2150 2302 2212 ἀτοπώτατον
2349 2148 2415 2211 δὲ
2459 2152 2646 2211 τοῦτο.
2735 2148 3140 2212 καταλείπεται

632 2250 700 2312 τὸ
744 2255 819 2333 τῇ
868 2250 1021 2335 αὐτῇ
1068 2254 1183 2314 τῶν
1230 2274 1293 2315 τε
1322 2251 1621 2333 αἰσθητῶν
1667 2250 2054 2314 αἰσθάνεσθαι
2099 2252 2258 2333 ἡμᾶς
2300 2250 2398 2313 καὶ
2443 2254 2546 2333 τῆς
2591 2251 2721 2333 περὶ
2765 2250 2838 2313 τὰ
2881 2250 3136 2333 αἰσθητὰ

526 2372 593 2419 20
630 2352 857 2415 ἑαυτῶν
904 2354 1213 2437 ἐνεργείας.
1289 2352 1407 2417 ἀλλ’
1451 2354 1503 2417 εἰ
1546 2350 1700 2418 ἔστιν
1745 2352 2003 2437 ἐνέργεια
2047 2356 2153 2436 τῆς
2197 2353 2470 2436 ὁρατικῆς
2514 2354 2818 2435 δυνάμεως
2861 2354 2927 2415 τὸ
2973 2352 3136 2437 ὁρᾶν,
3161 2368 3218 2411 2⁵

624 2455 785 2519 ἔσται
836 2458 875 2538 ἡ
936 2453 1065 2539 ὄψις
1124 2459 1239 2519 τῶν
1296 2478 1357 2517 τε
1417 2457 1752 2539 χρωμάτων
1816 2454 2354 2540 ἀντιλαμβανομένη
2417 2455 2512 2517 καὶ
2573 2453 2753 2516 αὐτοῦ
2807 2459 2908 2517 τοῦ
2970 2456 3130 2539 ὁρᾶν.

625 2556 745 2619 ἀλλ’
802 2557 855 2620 εἰ
911 2556 981 2621 οὔ
1038 2558 1188 2621 ἐστιν
1243 2559 1283 2641 ἡ
1339 2555 1466 2641 ὄψις
1521 2556 1866 2641 αἰσθητική,
1923 2554 2082 2619 τοῦτ’
2138 2557 2360 2639 ἀνάγκη
2417 2557 2787 2640 κεχρῶσθαι,
2837 2556 2844 2641 Ι
2894 2559 2990 2620 καὶ
3033 2557 3099 2620 τὸ
3143 2563 3240 2620 176

625 2662 795 2743 ὁρᾶν,
852 2660 905 2722 εἰ
960 2658 1113 2723 ἔστιν
1159 2649 1365 2744 ὁρατόν
1422 2683 1495 2735 τι,
1564 2659 1995 2745 κεχρωσμένον.
2085 2661 2321 2743 πρώτην
2375 2660 2529 2722 λύων
2597 2659 2842 2743 ἀπορίαν
2909 2662 3136 2743 πρῶτον

624 2762 726 2843 μὲν
773 2763 1071 2847 ἐχρήσατο
1115 2768 1201 2847 τῷ
1250 2763 1355 2846 τὴν
1405 2762 1533 2846 ὄψιν
1581 2764 1663 2848 μὴ
1712 2762 1885 2845 μόνον
1939 2764 2272 2847 χρωμάτων
2321 2763 2356 2846 ἢ
2403 2762 2835 2847 κεχρωσμένων
2879 2762 3136 2845 αἰσθητι-

516 2884 581 2932 25
620 2866 728 2948 κὴν
773 2864 949 2939 εἶναι,
1010 2865 1159 2928 ἀλλὰ
1205 2866 1299 2928 καὶ
1354 2869 1460 2948 τῆς
1505 2868 1835 2951 στερήσεως
1893 2864 2107 2928 αὐτῶν.
2197 2864 2444 2950 ἐδείχθη
2491 2866 2600 2950 γὰρ
2658 2869 2820 2951 πᾶσα
2863 2863 3136 2950 αἴσθησις
3189 2880 3218 2923 ε

623 2967 1023 3051 αἰσθανομένη
1069 2966 1165 3030 καὶ
1212 2971 1315 3049 τῆς
1347 2970 1675 3052 στερήσεως
1719 2973 1835 3031 τῶν
1881 2968 2181 3051 αἰσθητῶν
2227 2970 2265 3051 ἡ
2311 2968 2480 3051 αὐτή.
2556 2973 2632 3053 τῇ
2679 2972 2818 3052 γοῦν
2863 2966 2995 3053 ὄψει
3037 2970 3134 3033 καὶ

620 3070 816 3154 φωτὸς
868 3070 963 3131 καὶ
1016 3067 1257 3137 σκότους
1310 3068 1737 3151 αἰσθανόμεθα.
1828 3072 2098 3155 δεύτερον
2153 3068 2390 3154 ἔλαβεν,
2455 3070 2542 3133 ὅτι
2596 3072 2692 3134 καὶ
2747 3072 2813 3134 τὸ
2855 3071 3000 3155 ὁρᾶν
3043 3072 3132 3134 κέ-

621 3174 883 3255 χρωσταί
928 3194 1083 3247 πως,
1139 3170 1200 3233 εἴ
1236 3192 1301 3253 γε
1354 3172 1421 3233 τὸ
1468 3172 1608 3255 ὁρᾶν
1653 3172 1866 3254 γίνεται
1917 3177 2019 3237 τοῦ
2071 3172 2456 3257 αἰσθητηρίου
2509 3172 2825 3255 δεξαμένου
2869 3174 2935 3236 τὸ
2981 3173 3134 3244 εἶδος
3163 3190 3216 3232 ιο

622 3277 724 3335 τοῦ
770 3274 1057 3357 αἰσθητοῦ
1103 3274 1288 3359 χωρὶς
1331 3278 1437 3355 τῆς
1468 3274 1610 3356 ὕλης
1653 3281 1758 3359 τῆς
1789 3274 2172 3359 ὑποκειμένης
2217 3274 2405 3360 αὐτῷ,
2451 3274 2520 3339 οὔ
2554 3280 2796 3361 σημεῖον
2839 3276 3130 3360 παρέθετο

516 3396 585 3444 30
622 3378 898 3445 πολλάκις
928 3374 1306 3439 ἀπελθόντων
1353 3380 1469 3439 τῶν
1502 3378 1815 3460 ὁρωμένων
1861 3376 1945 3440 ἔτι
1985 3378 2047 3440 ἐν
2092 3382 2218 3448 ταῖς
2247 3378 2594 3461 αἰσθήσεσιν
2629 3378 2934 3460 ὑπομένειν
2978 3380 3133 3448 τινὰς

623 3478 815 3542 αὐτῶν
859 3477 1169 3561 αἰσθήσεις
1212 3502 1274 3541 τε
1319 3479 1417 3542 καὶ
1446 3479 1779 3562 φαντασίας.
1848 3476 2006 3542 ταῦτ’
2049 3480 2230 3542 εἰπὼν
2275 3480 2357 3550 εἰς
2387 3480 2548 3544 λύσιν
2593 3485 2709 3543 τῶν
2739 3480 3126 3566 ἠπορημένων

618 3580 713 3643 διὰ
743 3584 857 3642 τῶν
889 3578 1023 3663 ἑξῆς
1069 3579 1392 3666 [ἐχρήσατο
1438 3581 1521 3649 εἰς
1563 3582 1722 3645 λύσιν
1756 3584 1859 3663 τῆς
1891 3580 2186 3666 ἀπορίας],
2233 3581 2320 3645 ὅτι
2349 3583 2560 3665 γίνεται
2604 3585 2699 3646 καὶ
2731 3588 2859 3653 πῶς
2898 3585 3131 3667 γίνεται,
3159 3600 3214 3641 1⁵

622 3683 921 3746 δείκνυσιν.
1011 3682 1166 3765 λέγει
1211 3684 1315 3767 τὴν
1359 3688 1461 3747 τοῦ
1508 3684 1791 3767 αἰσθητοῦ
1838 3684 2129 3768 ἐνέργειαν
2176 3686 2272 3748 καὶ
2319 3686 2423 3769 τὴν
2469 3691 2573 3769 τῆς
2615 3686 2955 3771 αἰσθήσεως
2999 3687 3130 3768 μίαν

619 3784 764 3848 εἶναι
818 3784 968 3848 κατὰ
1022 3786 1120 3848 τὸν
1164 3783 1333 3867 λόγον
1389 3786 1562 3867 μόνον
1616 3787 2028 3871 διαφερούσας,
2088 3786 2178 3849 ὅτι
2231 3792 2307 3871 τῇ
2367 3787 2470 3869 μὲν
2525 3785 2654 3851 κατ’
2707 3786 2994 3872 ἐνέργειαν
3047 3789 3128 3853 αἰ-

521 3906 598 3957 35
636 3890 848 3971 σθήσει
888 3887 955 3949 τὸ
1000 3886 1151 3951 εἶναί
1188 3886 1339 3951 ἐστιν
1385 3887 1446 3950 ἐν
1478 3892 1567 3975 τῷ
1610 3884 1767 3973 ἔχειν
1813 3890 1880 3952 τὸ
1927 3888 2078 3958 εἶδος
2122 3892 2225 3952 τοῦ
2263 3889 2550 3973 αἰσθητοῦ
2593 3892 2779 3975 χωρὶς
2823 3896 2926 3976 τῆς
2971 3893 3130 3977 ῦλης,
3159 3909 3216 3951 ευ

512 4127 544 4178 2
581 4125 697 4196 γὰρ]
736 4125 799 4178 cf.
827 4126 941 4178 lnd.
1084 4125 1212 4197 ἄλλη
1250 4126 1323 4185 τίς
1358 4128 1449 4195 Sp.
1593 4129 1679 4179 καὶ
1718 4127 1815 4181 G²z
1855 4127 1898 4178 εἰ
1934 4125 2056 4179 libri
2197 4128 2229 4197 ἡ
2269 4126 2424 4197 αὑτὴ]
2463 4127 2591 4199 αὐτὴ
2629 4130 2662 4199 ἡ
2699 4132 2868 4185 FGsa
2904 4131 2992 4197 Sp.
3133 4130 3167 4183 3
3203 4128 3237 4202 ᾖ

510 4215 629 4266 add.
657 4215 794 4266 vict.
927 4213 961 4265 4
996 4212 1053 4283 ἡ]
1092 4215 1179 4266 καὶ
1202 4216 1335 4267 Vict.
1356 4214 1444 4283 Sp.
1574 4217 1622 4265 4.
1652 4214 1683 4267 5
1722 4210 2058 4284 αἰσθανομένη
2085 4212 2370 4267 αἰσθάνοιτο
2385 4216 2518 4268 vict.
2545 4216 2658 4283 Sp.=
2687 4216 3039 4287 αἰσθανόμενοι
3064 4216 3240 4271 αἰσθά-

511 4318 675 4353 νοιντο
711 4300 830 4353 libri
956 4302 987 4355 5
1026 4300 1084 4353 ἂν
1110 4302 1229 4354 add.
1257 4302 1346 4370 Sp.
1474 4302 1507 4355 8
1546 4300 1825 4370 αἰσθέσθαι]
1867 4317 1943 4369 pr.
1971 4316 1999 4352 σ
2027 4316 2069 4353 ε.
2091 4318 2137 4354 v.
2161 4306 2206 4353 V
2335 4304 2365 4354 9
2401 4302 2565 4356 τῶνδε
2592 4303 2708 4373 Sp.:
2746 4304 2878 4374 τῷδε
2915 4307 3036 4359 libri
3163 4308 3236 4359 αἰ·

513 4386 817 4457 σθανόμενον
856 4388 1141 4442 Schwartzz
1178 4388 1529 4457 αἰσθανόμενοι
1566 4390 1685 4441 libri
1832 4388 1912 4440 10.
1945 4390 2002 4440 11
2043 4388 2099 4441 αἵ
2128 4408 2184 4441 τε
2221 4391 2437 4458 scripsi:
2477 4390 2624 4445 αὗται
2659 4391 2780 4445 libri
2819 4393 2988 4459 (αυται
3027 4394 3097 4459 V)

520 4478 598 4528 11.
629 4478 688 4528 12
714 4477 975 4541 τά-τῶν]
996 4476 1059 4528 τὰ
1084 4474 1234 4545 αἰσθη
1261 4488 1313 4530 et
1337 4482 1441 4529 τῶν
1469 4478 1523 4529 in
1550 4476 1628 4527 lit.
1650 4480 1697 4525 V
1812 4476 1875 4527 14
1901 4476 1944 4528 εἰ
1965 4477 2080 4543 Sp.:
2107 4477 2150 4529 εἰ
2173 4478 2287 4547 ἠνε
2313 4477 2390 4547 εἴη
2411 4481 2483 4530 Sa.
2594 4478 2656 4529 17
2683 4478 2780 4541 ἔξει
2799 4478 2914 4548 Sp.:
2939 4478 3038 4540 ἕξιν
3063 4482 3184 4533 libri

516 4566 579 4614 18
605 4570 723 4631 post
744 4568 895 4615 τοῦτο
923 4566 1245 4630 interpunxi.
1286 4564 1596 4631 Spengelius
1622 4570 1741 4630 post
1767 4563 1970 4633 ἄπειρον
2103 4564 2164 4614 19
2191 4563 2278 4616 οὖν
2302 4565 2361 4617 τὸ
2383 4568 2472 4619 GF
2591 4567 2661 4637 τῇ·
2683 4566 2932 4637 αὒτῆὸρ.;
2957 4568 3053 4637 τὴν
3077 4566 3237 4637 αὐτὴν

511 4650 631 4701 libri
741 4650 805 4701 22
843 4652 929 4702 καὶ
966 4650 1023 4703 τὸ
1043 4651 1159 4718 Sp.:
1196 4668 1252 4702 τε
1293 4652 1380 4702 καὶ
1406 4651 1525 4703 libri
1647 4650 1713 4701 23
1752 4668 1798 4701 τι
1834 4652 2050 4716 scripsi:
2087 4651 2144 4703 τὸ
2171 4652 2312 4705 libri:
2337 4652 2580 4721 ἔσταιδρ.
2709 4653 2776 4705 24
2803 4656 2878 4723 τῷ
2898 4654 3004 4724 Sp.:
3041 4658 3110 4726 τῇ
3131 4662 3237 4709 τῶν

510 4736 631 4788 libri
740 4737 821 4788 27.
848 4738 915 4789 28
941 4737 1365 4807 κέχρωσταίὃρ.ι
1401 4734 1692 4809 κεχρῶσθαι
1718 4738 1837 4791 libri
1949 4738 2018 4790 30
2053 4738 2298 4791 πολλακισ
2323 4744 2364 4789 V
2475 4740 2541 4792 32
2579 4740 3113 4814 ἐχρήσατο-ἀπορίας
3139 4744 3234 4795 cir-

511 4825 817 4890 cumscripsi
962 4824 1029 4876 33
1066 4822 1337 4893 δείκνυσιν]
1376 4842 1402 4875 ν
1442 4825 1499 4876 in
1536 4825 1611 4877 lit.
1634 4828 1681 4876 V
1815 4824 1883 4877 34
1921 4824 2251 4897 διαφέρουσαν
2280 4828 2416 4879 coni.
2439 4826 2528 4896 Sp.
2655 4828 2724 4881 35
2761 4829 2884 4881 εἶναι
2910 4830 3007 4881 del.
3031 4829 3167 4883 vict.
