<?xml version="1.0" encoding="UTF-8"?>
<!DOCTYPE html PUBLIC "-//W3C//DTD XHTML 1.0 Transitional//EN"
    "http://www.w3.org/TR/xhtml1/DTD/xhtml1-transitional.dtd">
<html xmlns="http://www.w3.org/1999/xhtml" xml:lang="en" lang="en">
 <head>
  <title>
</title>
<meta http-equiv="Content-Type" content="text/html;charset=utf-8" />
  <meta name='ocr-system' content='tesseract 3.04.00' />
  <meta name='ocr-capabilities' content='ocr_page ocr_carea ocr_par ocr_line ocrx_word'/>
</head>
<body>
  <div class='ocr_page' id='page_1' title='image "./supplementumari00wissgoog_0242.png"; bbox 0 0 3684 5567; ppageno 0'>
   <div class='ocr_carea' id='block_1_1' title="bbox 498 280 2328 347">
    <p class='ocr_par' dir='ltr' id='par_1_1' title="bbox 498 280 2328 347">
     <span class='ocr_line' id='line_1_1' title="bbox 498 280 2328 347; baseline -0.003 -2"><span class='ocrx_word' id='word_1_1' title='bbox 498 282 620 347; x_wconf 86' lang='grc'>166</span> <span class='ocrx_word' id='word_1_2' title='bbox 1380 280 1838 341; x_wconf 76' lang='grc' dir='ltr'>ΑΛΕΞΑΝΔΡΟΥ</span> <span class='ocrx_word' id='word_1_3' title='bbox 1877 280 2328 339; x_wconf 81' lang='grc' dir='ltr'>ΑΦΡΟΔΙΣΙΕΩΣ</span> 
     </span>
    </p>
   </div>
   <div class='ocr_carea' id='block_1_2' title="bbox 492 454 3300 3401">
    <p class='ocr_par' dir='ltr' id='par_1_2' title="bbox 492 454 3300 3401">
     <span class='ocr_line' id='line_1_2' title="bbox 603 454 3194 541; baseline 0.002 -27"><span class='ocrx_word' id='word_1_4' title='bbox 603 454 710 535; x_wconf 87' lang='grc' dir='ltr'>τὴν</span> <span class='ocrx_word' id='word_1_5' title='bbox 755 454 885 537; x_wconf 83' lang='grc' dir='ltr'>περὶ</span> <span class='ocrx_word' id='word_1_6' title='bbox 929 459 1033 537; x_wconf 80' lang='grc' dir='ltr'>τῆς</span> <span class='ocrx_word' id='word_1_7' title='bbox 1076 454 1429 539; x_wconf 73' lang='grc' dir='ltr'>εἱμαρμένης</span> <span class='ocrx_word' id='word_1_8' title='bbox 1472 454 1641 523; x_wconf 77' lang='grc' dir='ltr'>δόξαν</span> <span class='ocrx_word' id='word_1_9' title='bbox 1688 456 2132 541; x_wconf 80' lang='grc' dir='ltr'>μεταφέρουσιν.</span> <span class='ocrx_word' id='word_1_10' title='bbox 2223 456 2352 520; x_wconf 85' lang='grc' dir='ltr'>ὅσοι</span> <span class='ocrx_word' id='word_1_11' title='bbox 2399 457 2502 538; x_wconf 85' lang='grc' dir='ltr'>μὲν</span> <span class='ocrx_word' id='word_1_12' title='bbox 2533 456 2642 539; x_wconf 83' lang='grc' dir='ltr'>γὰρ</span> <span class='ocrx_word' id='word_1_13' title='bbox 2686 456 2880 519; x_wconf 85' lang='grc' dir='ltr'>αὐτῶν</span> <span class='ocrx_word' id='word_1_14' title='bbox 2927 458 3194 519; x_wconf 63' lang='grc' dir='ltr'>πάνταιε</span> 
     </span>
     <span class='ocr_line' id='line_1_3' title="bbox 602 554 3108 643; baseline 0.002 -26"><span class='ocrx_word' id='word_1_15' title='bbox 602 554 741 617; x_wconf 77' lang='grc' dir='ltr'>καθ’</span> <span class='ocrx_word' id='word_1_16' title='bbox 796 556 1149 639; x_wconf 83' lang='grc' dir='ltr'>εἱμαρμένην</span> <span class='ocrx_word' id='word_1_17' title='bbox 1194 557 1453 638; x_wconf 79' lang='grc' dir='ltr'>γίνεσθαι</span> <span class='ocrx_word' id='word_1_18' title='bbox 1496 557 1781 637; x_wconf 84' lang='grc' dir='ltr'>λέγουσιν,</span> <span class='ocrx_word' id='word_1_19' title='bbox 1826 559 1932 642; x_wconf 80' lang='grc' dir='ltr'>τὴν</span> <span class='ocrx_word' id='word_1_20' title='bbox 1963 558 2320 643; x_wconf 82' lang='grc' dir='ltr'>εἱμαρμένην</span> <span class='ocrx_word' id='word_1_21' title='bbox 2351 559 2854 641; x_wconf 79' lang='grc' dir='ltr'>ὑπολαμβάνουσιν</span> <span class='ocrx_word' id='word_1_22' title='bbox 2886 559 3108 641; x_wconf 82' lang='grc' dir='ltr'>ἀπαρά-</span> 
     </span>
     <span class='ocr_line' id='line_1_4' title="bbox 604 658 3108 744; baseline 0.001 -23"><span class='ocrx_word' id='word_1_23' title='bbox 604 658 776 741; x_wconf 88' lang='grc' dir='ltr'>βατόν</span> <span class='ocrx_word' id='word_1_24' title='bbox 820 682 945 721; x_wconf 89' lang='grc' dir='ltr'>τινα</span> <span class='ocrx_word' id='word_1_25' title='bbox 988 659 1173 722; x_wconf 84' lang='grc' dir='ltr'>αἰτίαν</span> <span class='ocrx_word' id='word_1_26' title='bbox 1218 658 1363 721; x_wconf 78' lang='grc' dir='ltr'>εἶναι</span> <span class='ocrx_word' id='word_1_27' title='bbox 1417 660 1513 721; x_wconf 87' lang='grc' dir='ltr'>καὶ</span> <span class='ocrx_word' id='word_1_28' title='bbox 1560 658 2016 743; x_wconf 84' lang='grc' dir='ltr'>άναπόδραστον,</span> <span class='ocrx_word' id='word_1_29' title='bbox 2083 662 2195 724; x_wconf 81' lang='grc' dir='ltr'>εἰσὶ</span> <span class='ocrx_word' id='word_1_30' title='bbox 2239 660 2293 725; x_wconf 85' lang='grc' dir='ltr'>δ’</span> <span class='ocrx_word' id='word_1_31' title='bbox 2357 661 2445 729; x_wconf 82' lang='grc' dir='ltr'>οἶς</span> <span class='ocrx_word' id='word_1_32' title='bbox 2504 660 2572 723; x_wconf 85' lang='grc' dir='ltr'>οὐ</span> <span class='ocrx_word' id='word_1_33' title='bbox 2619 661 2804 724; x_wconf 86' lang='grc' dir='ltr'>πάντα</span> <span class='ocrx_word' id='word_1_34' title='bbox 2847 660 2920 724; x_wconf 82' lang='grc' dir='ltr'>τὰ</span> <span class='ocrx_word' id='word_1_35' title='bbox 2961 661 3108 744; x_wconf 87' lang='grc' dir='ltr'>γινό-</span> 
     </span>
     <span class='ocr_line' id='line_1_5' title="bbox 604 758 3192 846; baseline 0.001 -25"><span class='ocrx_word' id='word_1_36' title='bbox 604 784 749 841; x_wconf 88' lang='grc' dir='ltr'>μενα</span> <span class='ocrx_word' id='word_1_37' title='bbox 792 760 1051 842; x_wconf 79' lang='grc' dir='ltr'>γίνεσθαι</span> <span class='ocrx_word' id='word_1_38' title='bbox 1096 764 1259 823; x_wconf 83' lang='grc' dir='ltr'>δοκεῖ</span> <span class='ocrx_word' id='word_1_39' title='bbox 1299 758 1432 823; x_wconf 71' lang='grc' dir='ltr'>καθ’</span> <span class='ocrx_word' id='word_1_40' title='bbox 1475 762 1854 845; x_wconf 80' lang='grc' dir='ltr'>εἱμαρμένην,</span> <span class='ocrx_word' id='word_1_41' title='bbox 1901 760 2031 825; x_wconf 78' lang='grc' dir='ltr'>ἀλλ’</span> <span class='ocrx_word' id='word_1_42' title='bbox 2087 762 2237 826; x_wconf 80' lang='grc' dir='ltr'>εἶναί</span> <span class='ocrx_word' id='word_1_43' title='bbox 2272 786 2428 831; x_wconf 89' lang='grc' dir='ltr'>τινας</span> <span class='ocrx_word' id='word_1_44' title='bbox 2459 763 2961 846; x_wconf 77' lang='grc' dir='ltr'>ὑπολαμβάνουσιν</span> <span class='ocrx_word' id='word_1_45' title='bbox 2993 769 3108 825; x_wconf 85' lang='grc' dir='ltr'>τῶν</span> <span class='ocrx_word' id='word_1_46' title='bbox 3133 781 3192 823; x_wconf 73' lang='lat'>2⁰</span> 
     </span>
     <span class='ocr_line' id='line_1_6' title="bbox 528 861 3110 948; baseline 0.002 -25"><span class='ocrx_word' id='word_1_47' title='bbox 528 882 558 930; x_wconf 86' lang='lat'><strong>5</strong></span> <span class='ocrx_word' id='word_1_48' title='bbox 595 861 913 944; x_wconf 85' lang='grc' dir='ltr'>γινομένων</span> <span class='ocrx_word' id='word_1_49' title='bbox 946 864 1040 925; x_wconf 82' lang='grc' dir='ltr'>καὶ</span> <span class='ocrx_word' id='word_1_50' title='bbox 1073 861 1254 930; x_wconf 82' lang='grc' dir='ltr'>ἄλλας</span> <span class='ocrx_word' id='word_1_51' title='bbox 1283 864 1492 930; x_wconf 83' lang='grc' dir='ltr'>αἰτίας·</span> <span class='ocrx_word' id='word_1_52' title='bbox 1544 862 1671 924; x_wconf 81' lang='grc' dir='ltr'>ἀλλ’</span> <span class='ocrx_word' id='word_1_53' title='bbox 1729 862 1868 925; x_wconf 81' lang='grc' dir='ltr'>οὐδὲ</span> <span class='ocrx_word' id='word_1_54' title='bbox 1911 864 2014 947; x_wconf 86' lang='grc' dir='ltr'>τὴν</span> <span class='ocrx_word' id='word_1_55' title='bbox 2061 864 2418 948; x_wconf 83' lang='grc' dir='ltr'>εἱμαρμένην</span> <span class='ocrx_word' id='word_1_56' title='bbox 2461 863 2644 947; x_wconf 81' lang='grc' dir='ltr'>αὐτὴν</span> <span class='ocrx_word' id='word_1_57' title='bbox 2687 865 2753 926; x_wconf 84' lang='grc' dir='ltr'>τὸ</span> <span class='ocrx_word' id='word_1_58' title='bbox 2798 862 3003 946; x_wconf 85' lang='grc' dir='ltr'>πάγιόν</span> <span class='ocrx_word' id='word_1_59' title='bbox 3049 890 3110 928; x_wconf 92' lang='grc' dir='ltr'>τε</span> 
     </span>
     <span class='ocr_line' id='line_1_7' title="bbox 599 962 3108 1049; baseline 0.001 -22"><span class='ocrx_word' id='word_1_60' title='bbox 599 966 697 1028; x_wconf 83' lang='grc' dir='ltr'>καὶ</span> <span class='ocrx_word' id='word_1_61' title='bbox 744 965 1117 1049; x_wconf 83' lang='grc' dir='ltr'>ἀπαράβατον</span> <span class='ocrx_word' id='word_1_62' title='bbox 1164 962 1321 1049; x_wconf 84' lang='grc' dir='ltr'>ἔχειν</span> <span class='ocrx_word' id='word_1_63' title='bbox 1366 966 1641 1040; x_wconf 78' lang='grc' dir='ltr'>τίθενται,</span> <span class='ocrx_word' id='word_1_64' title='bbox 1686 965 1838 1028; x_wconf 82' lang='grc' dir='ltr'>ἀλλὰ</span> <span class='ocrx_word' id='word_1_65' title='bbox 1882 966 2148 1046; x_wconf 77' lang='grc' dir='ltr'>γίνεσθαί</span> <span class='ocrx_word' id='word_1_66' title='bbox 2187 990 2310 1029; x_wconf 88' lang='grc' dir='ltr'>τινα</span> <span class='ocrx_word' id='word_1_67' title='bbox 2355 968 2451 1029; x_wconf 87' lang='grc' dir='ltr'>καὶ</span> <span class='ocrx_word' id='word_1_68' title='bbox 2495 972 2611 1029; x_wconf 85' lang='grc' dir='ltr'>τῶν</span> <span class='ocrx_word' id='word_1_69' title='bbox 2643 964 2780 1029; x_wconf 79' lang='grc' dir='ltr'>καθ’</span> <span class='ocrx_word' id='word_1_70' title='bbox 2834 968 3108 1049; x_wconf 90' lang='grc' dir='ltr'>εἱμαρμέ-</span> 
     </span>
     <span class='ocr_line' id='line_1_8' title="bbox 606 1065 3118 1153; baseline 0.002 -25"><span class='ocrx_word' id='word_1_71' title='bbox 606 1090 709 1151; x_wconf 87' lang='grc' dir='ltr'>νην</span> <span class='ocrx_word' id='word_1_72' title='bbox 754 1067 1015 1149; x_wconf 81' lang='grc' dir='ltr'>γίνεσθαι</span> <span class='ocrx_word' id='word_1_73' title='bbox 1058 1065 1406 1151; x_wconf 80' lang='grc' dir='ltr'>πεφυκότων</span> <span class='ocrx_word' id='word_1_74' title='bbox 1453 1066 1521 1129; x_wconf 80' lang='grc' dir='ltr'>οὐ</span> <span class='ocrx_word' id='word_1_75' title='bbox 1567 1066 1694 1130; x_wconf 87' lang='grc' dir='ltr'>κατ’</span> <span class='ocrx_word' id='word_1_76' title='bbox 1749 1067 1951 1150; x_wconf 81' lang='grc' dir='ltr'>αὐτήν,</span> <span class='ocrx_word' id='word_1_77' title='bbox 1997 1067 2148 1129; x_wconf 82' lang='grc' dir='ltr'>ἀλλὰ</span> <span class='ocrx_word' id='word_1_78' title='bbox 2192 1067 2350 1149; x_wconf 83' lang='grc' dir='ltr'>παρὰ</span> <span class='ocrx_word' id='word_1_79' title='bbox 2397 1073 2618 1152; x_wconf 86' lang='grc' dir='ltr'>μοῖραν,</span> <span class='ocrx_word' id='word_1_80' title='bbox 2666 1073 2746 1138; x_wconf 84' lang='grc' dir='ltr'>ὥς</span> <span class='ocrx_word' id='word_1_81' title='bbox 2791 1070 2844 1131; x_wconf 91' lang='grc' dir='ltr'>οἱ</span> <span class='ocrx_word' id='word_1_82' title='bbox 2879 1070 3118 1153; x_wconf 88' lang='grc' dir='ltr'>ποιηταί</span> 
     </span>
     <span class='ocr_line' id='line_1_9' title="bbox 600 1168 3195 1254; baseline 0 -22"><span class='ocrx_word' id='word_1_83' title='bbox 600 1191 797 1253; x_wconf 88' lang='grc' dir='ltr'>φασιν,</span> <span class='ocrx_word' id='word_1_84' title='bbox 844 1170 939 1233; x_wconf 85' lang='grc' dir='ltr'>καὶ</span> <span class='ocrx_word' id='word_1_85' title='bbox 987 1170 1143 1251; x_wconf 80' lang='grc' dir='ltr'>παρὰ</span> <span class='ocrx_word' id='word_1_86' title='bbox 1186 1169 1291 1254; x_wconf 84' lang='grc' dir='ltr'>τὴν</span> <span class='ocrx_word' id='word_1_87' title='bbox 1332 1170 1705 1253; x_wconf 85' lang='grc' dir='ltr'>εἱμαρμένην.</span> <span class='ocrx_word' id='word_1_88' title='bbox 1794 1168 1918 1233; x_wconf 84' lang='grc' dir='ltr'>ἔστι</span> <span class='ocrx_word' id='word_1_89' title='bbox 1963 1168 2014 1232; x_wconf 80' lang='grc' dir='ltr'>δ’</span> <span class='ocrx_word' id='word_1_90' title='bbox 2063 1170 2147 1239; x_wconf 79' lang='grc' dir='ltr'>οἷς</span> <span class='ocrx_word' id='word_1_91' title='bbox 2191 1170 2332 1232; x_wconf 86' lang='grc' dir='ltr'>ποτὲ</span> <span class='ocrx_word' id='word_1_92' title='bbox 2361 1171 2548 1234; x_wconf 88' lang='grc' dir='ltr'>πάντα</span> <span class='ocrx_word' id='word_1_93' title='bbox 2577 1172 2835 1252; x_wconf 74' lang='grc' dir='ltr'>γίνεσθαι</span> <span class='ocrx_word' id='word_1_94' title='bbox 2863 1171 2936 1234; x_wconf 81' lang='grc' dir='ltr'>τὰ</span> <span class='ocrx_word' id='word_1_95' title='bbox 2965 1172 3111 1253; x_wconf 88' lang='grc' dir='ltr'>γινό-</span> <span class='ocrx_word' id='word_1_96' title='bbox 3138 1189 3195 1233; x_wconf 67' lang='lat'>85</span> 
     </span>
     <span class='ocr_line' id='line_1_10' title="bbox 606 1270 3110 1357; baseline 0.001 -23"><span class='ocrx_word' id='word_1_97' title='bbox 606 1296 751 1354; x_wconf 90' lang='grc' dir='ltr'>μενα</span> <span class='ocrx_word' id='word_1_98' title='bbox 794 1274 957 1334; x_wconf 85' lang='grc' dir='ltr'>δοκεῖ</span> <span class='ocrx_word' id='word_1_99' title='bbox 1009 1270 1143 1334; x_wconf 78' lang='grc' dir='ltr'>καθ’</span> <span class='ocrx_word' id='word_1_100' title='bbox 1206 1272 1563 1355; x_wconf 87' lang='grc' dir='ltr'>εἱμαρμένην</span> <span class='ocrx_word' id='word_1_101' title='bbox 1618 1272 1713 1334; x_wconf 86' lang='grc' dir='ltr'>καὶ</span> <span class='ocrx_word' id='word_1_102' title='bbox 1771 1270 1999 1352; x_wconf 84' lang='grc' dir='ltr'>μάλιστ’</span> <span class='ocrx_word' id='word_1_103' title='bbox 2067 1270 2136 1334; x_wconf 78' lang='grc' dir='ltr'>ἂν</span> <span class='ocrx_word' id='word_1_104' title='bbox 2189 1270 2387 1340; x_wconf 84' lang='grc' dir='ltr'>αὐτοῖς</span> <span class='ocrx_word' id='word_1_105' title='bbox 2439 1272 2512 1335; x_wconf 85' lang='grc' dir='ltr'>τὰ</span> <span class='ocrx_word' id='word_1_106' title='bbox 2571 1278 2678 1357; x_wconf 78' lang='grc' dir='ltr'>τῆς</span> <span class='ocrx_word' id='word_1_107' title='bbox 2729 1274 2914 1357; x_wconf 81' lang='grc' dir='ltr'>τύχης</span> <span class='ocrx_word' id='word_1_108' title='bbox 2965 1274 3110 1337; x_wconf 85' lang='grc' dir='ltr'>ἀντι·</span> 
     </span>
     <span class='ocr_line' id='line_1_11' title="bbox 500 1373 3108 1460; baseline 0.001 -24"><span class='ocrx_word' id='word_1_109' title='bbox 500 1396 562 1441; x_wconf 89' lang='lat'>10</span> <span class='ocrx_word' id='word_1_110' title='bbox 600 1376 801 1457; x_wconf 85' lang='grc' dir='ltr'>πίπτῃ,</span> <span class='ocrx_word' id='word_1_111' title='bbox 847 1376 1263 1457; x_wconf 75' lang='grc' dir='ltr'>κατορθοῦντες</span> <span class='ocrx_word' id='word_1_112' title='bbox 1309 1374 1373 1436; x_wconf 86' lang='grc' dir='ltr'>δὲ</span> <span class='ocrx_word' id='word_1_113' title='bbox 1406 1374 1467 1435; x_wconf 87' lang='grc' dir='ltr'>ἐν</span> <span class='ocrx_word' id='word_1_114' title='bbox 1508 1378 1624 1441; x_wconf 85' lang='grc' dir='ltr'>τοῖς</span> <span class='ocrx_word' id='word_1_115' title='bbox 1666 1373 2071 1457; x_wconf 81' lang='grc' dir='ltr'>προκειμένοις</span> <span class='ocrx_word' id='word_1_116' title='bbox 2099 1374 2310 1442; x_wconf 79' lang='grc' dir='ltr'>αὑτοὺς</span> <span class='ocrx_word' id='word_1_117' title='bbox 2339 1374 2558 1444; x_wconf 82' lang='grc' dir='ltr'>αἰτίους</span> <span class='ocrx_word' id='word_1_118' title='bbox 2588 1374 2734 1438; x_wconf 82' lang='grc' dir='ltr'>εἶναι</span> <span class='ocrx_word' id='word_1_119' title='bbox 2763 1380 2878 1438; x_wconf 84' lang='grc' dir='ltr'>τῶν</span> <span class='ocrx_word' id='word_1_120' title='bbox 2911 1399 3108 1460; x_wconf 85' lang='grc' dir='ltr'>κατορ-</span> 
     </span>
     <span class='ocr_line' id='line_1_12' title="bbox 604 1474 3196 1561; baseline 0 -21"><span class='ocrx_word' id='word_1_121' title='bbox 604 1478 899 1560; x_wconf 77' lang='grc' dir='ltr'>θωμάτων</span> <span class='ocrx_word' id='word_1_122' title='bbox 968 1476 1496 1559; x_wconf 84' lang='grc' dir='ltr'>ὑπολαμβάνουσιν,</span> <span class='ocrx_word' id='word_1_123' title='bbox 1566 1478 1647 1544; x_wconf 81' lang='grc' dir='ltr'>ὡς</span> <span class='ocrx_word' id='word_1_124' title='bbox 1708 1475 1815 1539; x_wconf 81' lang='grc' dir='ltr'>οὐκ</span> <span class='ocrx_word' id='word_1_125' title='bbox 1873 1474 1942 1539; x_wconf 78' lang='grc' dir='ltr'>ἂν</span> <span class='ocrx_word' id='word_1_126' title='bbox 2000 1478 2451 1558; x_wconf 81' lang='grc' dir='ltr'>ἀπαντησάντων</span> <span class='ocrx_word' id='word_1_127' title='bbox 2496 1482 2613 1540; x_wconf 85' lang='grc' dir='ltr'>τῶν</span> <span class='ocrx_word' id='word_1_128' title='bbox 2669 1478 3110 1561; x_wconf 81' lang='grc' dir='ltr'>ἀπηντηκότων,</span> <span class='ocrx_word' id='word_1_129' title='bbox 3137 1498 3196 1541; x_wconf 70' lang='lat' dir='ltr'>ao</span> 
     </span>
     <span class='ocr_line' id='line_1_13' title="bbox 598 1576 3108 1665; baseline -0 -23"><span class='ocrx_word' id='word_1_130' title='bbox 598 1580 650 1642; x_wconf 90' lang='grc' dir='ltr'>εἰ</span> <span class='ocrx_word' id='word_1_131' title='bbox 698 1580 780 1663; x_wconf 85' lang='grc' dir='ltr'>μὴ</span> <span class='ocrx_word' id='word_1_132' title='bbox 826 1579 989 1643; x_wconf 79' lang='grc' dir='ltr'>αὐτοὶ</span> <span class='ocrx_word' id='word_1_133' title='bbox 1034 1580 1173 1641; x_wconf 89' lang='grc' dir='ltr'>τάδε</span> <span class='ocrx_word' id='word_1_134' title='bbox 1216 1581 1434 1660; x_wconf 83' lang='grc' dir='ltr'>μᾶλλον</span> <span class='ocrx_word' id='word_1_135' title='bbox 1476 1576 1725 1661; x_wconf 78' lang='grc' dir='ltr'>ἔπραξαν</span> <span class='ocrx_word' id='word_1_136' title='bbox 1758 1578 1882 1641; x_wconf 84' lang='grc' dir='ltr'>ἀντὶ</span> <span class='ocrx_word' id='word_1_137' title='bbox 1913 1580 2118 1653; x_wconf 86' lang='grc' dir='ltr'>τῶνδε,</span> <span class='ocrx_word' id='word_1_138' title='bbox 2167 1583 2245 1649; x_wconf 81' lang='grc' dir='ltr'>ὡς</span> <span class='ocrx_word' id='word_1_139' title='bbox 2277 1577 2514 1665; x_wconf 86' lang='grc' dir='ltr'>ἔχοντες</span> <span class='ocrx_word' id='word_1_140' title='bbox 2543 1581 2638 1642; x_wconf 88' lang='grc' dir='ltr'>καὶ</span> <span class='ocrx_word' id='word_1_141' title='bbox 2669 1584 2772 1642; x_wconf 89' lang='grc' dir='ltr'>τοῦ</span> <span class='ocrx_word' id='word_1_142' title='bbox 2806 1580 2886 1662; x_wconf 86' lang='grc' dir='ltr'>μὴ</span> <span class='ocrx_word' id='word_1_143' title='bbox 2935 1581 3108 1661; x_wconf 86' lang='grc' dir='ltr'>πράτ-</span> 
     </span>
     <span class='ocr_line' id='line_1_14' title="bbox 600 1677 3110 1765; baseline -0 -21"><span class='ocrx_word' id='word_1_144' title='bbox 600 1704 715 1744; x_wconf 90' lang='grc' dir='ltr'>τειν</span> <span class='ocrx_word' id='word_1_145' title='bbox 760 1681 907 1744; x_wconf 79' lang='grc' dir='ltr'>αὐτὰ</span> <span class='ocrx_word' id='word_1_146' title='bbox 952 1681 1057 1763; x_wconf 80' lang='grc' dir='ltr'>τὴν</span> <span class='ocrx_word' id='word_1_147' title='bbox 1104 1680 1381 1749; x_wconf 78' lang='grc' dir='ltr'>ἐξουσίαν.</span> <span class='ocrx_word' id='word_1_148' title='bbox 1480 1677 1551 1742; x_wconf 82' lang='grc' dir='ltr'>δι’</span> <span class='ocrx_word' id='word_1_149' title='bbox 1608 1681 1679 1762; x_wconf 79' lang='grc' dir='ltr'>ἢν</span> <span class='ocrx_word' id='word_1_150' title='bbox 1725 1682 2042 1764; x_wconf 83' lang='grc' dir='ltr'>διαφωνίαν</span> <span class='ocrx_word' id='word_1_151' title='bbox 2091 1682 2374 1763; x_wconf 86' lang='grc' dir='ltr'>ἀναγκαία</span> <span class='ocrx_word' id='word_1_152' title='bbox 2427 1687 2547 1751; x_wconf 84' lang='grc' dir='ltr'>τοῖς</span> <span class='ocrx_word' id='word_1_153' title='bbox 2599 1684 3016 1765; x_wconf 79' lang='grc' dir='ltr'>φιλοσοφοῦσιν</span> <span class='ocrx_word' id='word_1_154' title='bbox 3071 1684 3110 1765; x_wconf 78' lang='grc' dir='ltr'>ἡ</span> 
     </span>
     <span class='ocr_line' id='line_1_15' title="bbox 605 1781 3107 1867; baseline -0 -21"><span class='ocrx_word' id='word_1_155' title='bbox 605 1785 845 1867; x_wconf 80' lang='grc' dir='ltr'>ζήτησις</span> <span class='ocrx_word' id='word_1_156' title='bbox 889 1808 928 1866; x_wconf 94' lang='grc' dir='ltr'>η</span> <span class='ocrx_word' id='word_1_157' title='bbox 973 1784 1104 1865; x_wconf 82' lang='grc' dir='ltr'>περὶ</span> <span class='ocrx_word' id='word_1_158' title='bbox 1150 1788 1251 1865; x_wconf 78' lang='grc' dir='ltr'>τῆς</span> <span class='ocrx_word' id='word_1_159' title='bbox 1296 1783 1674 1866; x_wconf 81' lang='grc' dir='ltr'>εἱμαρμένης,</span> <span class='ocrx_word' id='word_1_160' title='bbox 1720 1783 1824 1845; x_wconf 86' lang='grc' dir='ltr'>οὐκ</span> <span class='ocrx_word' id='word_1_161' title='bbox 1869 1784 1924 1846; x_wconf 88' lang='grc' dir='ltr'>εἰ</span> <span class='ocrx_word' id='word_1_162' title='bbox 1969 1782 2142 1859; x_wconf 82' lang='grc' dir='ltr'>ἔστιν,</span> <span class='ocrx_word' id='word_1_163' title='bbox 2187 1784 2338 1847; x_wconf 78' lang='grc' dir='ltr'>ἀλλὰ</span> <span class='ocrx_word' id='word_1_164' title='bbox 2383 1784 2440 1847; x_wconf 90' lang='grc' dir='ltr'>τί</span> <span class='ocrx_word' id='word_1_165' title='bbox 2492 1781 2622 1847; x_wconf 89' lang='grc' dir='ltr'>ποτ’</span> <span class='ocrx_word' id='word_1_166' title='bbox 2687 1784 2839 1847; x_wconf 84' lang='grc' dir='ltr'>ἐστὶν</span> <span class='ocrx_word' id='word_1_167' title='bbox 2895 1784 2993 1846; x_wconf 87' lang='grc' dir='ltr'>καὶ</span> <span class='ocrx_word' id='word_1_168' title='bbox 3046 1782 3107 1845; x_wconf 83' lang='grc' dir='ltr'>ἐν</span> 
     </span>
     <span class='ocr_line' id='line_1_16' title="bbox 500 1884 3300 1971; baseline -0.002 -23"><span class='ocrx_word' id='word_1_169' title='bbox 500 1906 559 1955; x_wconf 85' lang='lat'>15</span> <span class='ocrx_word' id='word_1_170' title='bbox 596 1886 739 1949; x_wconf 88' lang='grc' dir='ltr'>τίσιν</span> <span class='ocrx_word' id='word_1_171' title='bbox 784 1892 899 1948; x_wconf 86' lang='grc' dir='ltr'>τῶν</span> <span class='ocrx_word' id='word_1_172' title='bbox 955 1884 1267 1968; x_wconf 78' lang='grc' dir='ltr'>γινομένων</span> <span class='ocrx_word' id='word_1_173' title='bbox 1320 1908 1383 1948; x_wconf 92' lang='grc' dir='ltr'>τε</span> <span class='ocrx_word' id='word_1_174' title='bbox 1435 1887 1530 1948; x_wconf 87' lang='grc' dir='ltr'>καὶ</span> <span class='ocrx_word' id='word_1_175' title='bbox 1589 1884 1770 1948; x_wconf 83' lang='grc' dir='ltr'>ὄντων</span> <span class='ocrx_word' id='word_1_176' title='bbox 1824 1887 1977 1948; x_wconf 79' lang='grc' dir='ltr'>ἐστὶν</span> <span class='ocrx_word' id='word_1_177' title='bbox 2032 1911 2070 1969; x_wconf 95' lang='grc' dir='ltr'>η</span> <span class='ocrx_word' id='word_1_178' title='bbox 2125 1887 2366 1970; x_wconf 78' lang='grc' dir='ltr'>τοιαύτη</span> <span class='ocrx_word' id='word_1_179' title='bbox 2420 1886 2609 1971; x_wconf 81' lang='grc' dir='ltr'>φύσις.</span> <span class='ocrx_word' id='word_1_180' title='bbox 2699 1886 2786 1949; x_wconf 79' lang='grc' dir='ltr'>ὅτι</span> <span class='ocrx_word' id='word_1_181' title='bbox 2843 1888 2946 1969; x_wconf 87' lang='grc' dir='ltr'>μὲν</span> <span class='ocrx_word' id='word_1_182' title='bbox 3001 1884 3099 1948; x_wconf 85' lang='grc' dir='ltr'>οὖν</span> <span class='ocrx_word' id='word_1_183' title='bbox 3140 1894 3174 1949; x_wconf 87' lang='grc'>8</span> <span class='ocrx_word' id='word_1_184' title='bbox 3225 1893 3300 1944; x_wconf 87' lang='lat'>111</span> 
     </span>
     <span class='ocr_line' id='line_1_17' title="bbox 606 1986 3108 2074; baseline -0.001 -22"><span class='ocrx_word' id='word_1_185' title='bbox 606 1989 791 2052; x_wconf 85' lang='grc' dir='ltr'>αἰτίαν</span> <span class='ocrx_word' id='word_1_186' title='bbox 838 1988 961 2051; x_wconf 82' lang='grc' dir='ltr'>τινὰ</span> <span class='ocrx_word' id='word_1_187' title='bbox 1006 1989 1110 2070; x_wconf 82' lang='grc' dir='ltr'>τὴν</span> <span class='ocrx_word' id='word_1_188' title='bbox 1157 1987 1511 2071; x_wconf 84' lang='grc' dir='ltr'>εἱμαρμένην</span> <span class='ocrx_word' id='word_1_189' title='bbox 1567 1993 1687 2056; x_wconf 87' lang='grc' dir='ltr'>τοῖς</span> <span class='ocrx_word' id='word_1_190' title='bbox 1738 1988 2056 2071; x_wconf 80' lang='grc' dir='ltr'>γινομένοις</span> <span class='ocrx_word' id='word_1_191' title='bbox 2113 1986 2240 2074; x_wconf 84' lang='grc' dir='ltr'>[ὧν]</span> <span class='ocrx_word' id='word_1_192' title='bbox 2295 1988 2440 2051; x_wconf 78' lang='grc' dir='ltr'>εἶναι</span> <span class='ocrx_word' id='word_1_193' title='bbox 2493 1989 2758 2070; x_wconf 88' lang='grc' dir='ltr'>λέγουσιν</span> <span class='ocrx_word' id='word_1_194' title='bbox 2789 1990 2998 2057; x_wconf 86' lang='grc' dir='ltr'>πάντες</span> <span class='ocrx_word' id='word_1_195' title='bbox 3053 1990 3108 2051; x_wconf 90' lang='grc' dir='ltr'>οἱ</span> 
     </span>
     <span class='ocr_line' id='line_1_18' title="bbox 602 2089 3109 2175; baseline -0.001 -21"><span class='ocrx_word' id='word_1_196' title='bbox 602 2093 734 2175; x_wconf 86' lang='grc' dir='ltr'>περὶ</span> <span class='ocrx_word' id='word_1_197' title='bbox 765 2091 1117 2175; x_wconf 89' lang='grc' dir='ltr'>εἱμαρμένης</span> <span class='ocrx_word' id='word_1_198' title='bbox 1148 2089 1409 2171; x_wconf 85' lang='grc' dir='ltr'>λέγοντές</span> <span class='ocrx_word' id='word_1_199' title='bbox 1451 2114 1525 2164; x_wconf 87' lang='grc' dir='ltr'>τι,</span> <span class='ocrx_word' id='word_1_200' title='bbox 1570 2093 1856 2173; x_wconf 80' lang='grc' dir='ltr'>γνώριμον</span> <span class='ocrx_word' id='word_1_201' title='bbox 1899 2090 2138 2173; x_wconf 90' lang='grc' dir='ltr'>(ταύτην</span> <span class='ocrx_word' id='word_1_202' title='bbox 2169 2091 2280 2174; x_wconf 79' lang='grc' dir='ltr'>γὰρ</span> <span class='ocrx_word' id='word_1_203' title='bbox 2311 2090 2688 2154; x_wconf 84' lang='grc' dir='ltr'>ἀποδιδόασίν</span> <span class='ocrx_word' id='word_1_204' title='bbox 2719 2114 2782 2153; x_wconf 90' lang='grc' dir='ltr'>τε</span> <span class='ocrx_word' id='word_1_205' title='bbox 2813 2092 2910 2153; x_wconf 91' lang='grc' dir='ltr'>καί</span> <span class='ocrx_word' id='word_1_206' title='bbox 2937 2110 3109 2173; x_wconf 87' lang='grc' dir='ltr'>φασιν</span> 
     </span>
     <span class='ocr_line' id='line_1_19' title="bbox 598 2188 3190 2276; baseline -0.002 -19"><span class='ocrx_word' id='word_1_207' title='bbox 598 2196 785 2258; x_wconf 84' lang='grc' dir='ltr'>αἰτίαν</span> <span class='ocrx_word' id='word_1_208' title='bbox 816 2192 962 2255; x_wconf 78' lang='grc' dir='ltr'>εἶναι</span> <span class='ocrx_word' id='word_1_209' title='bbox 992 2198 1095 2255; x_wconf 89' lang='grc' dir='ltr'>τοῦ</span> <span class='ocrx_word' id='word_1_210' title='bbox 1124 2192 1383 2274; x_wconf 73' lang='grc' dir='ltr'>γίνεσθαι</span> <span class='ocrx_word' id='word_1_211' title='bbox 1428 2192 1501 2255; x_wconf 81' lang='grc' dir='ltr'>τὰ</span> <span class='ocrx_word' id='word_1_212' title='bbox 1545 2188 1814 2273; x_wconf 86' lang='grc' dir='ltr'>γινόμενα</span> <span class='ocrx_word' id='word_1_213' title='bbox 1861 2191 1925 2254; x_wconf 87' lang='grc' dir='ltr'>ὃν</span> <span class='ocrx_word' id='word_1_214' title='bbox 1957 2192 2167 2275; x_wconf 86' lang='grc' dir='ltr'>τρόπον</span> <span class='ocrx_word' id='word_1_215' title='bbox 2197 2192 2466 2276; x_wconf 87' lang='grc' dir='ltr'>γίνεται),</span> <span class='ocrx_word' id='word_1_216' title='bbox 2513 2192 2641 2256; x_wconf 87' lang='grc' dir='ltr'>ἐπεὶ</span> <span class='ocrx_word' id='word_1_217' title='bbox 2671 2194 2736 2255; x_wconf 84' lang='grc' dir='ltr'>δὲ</span> <span class='ocrx_word' id='word_1_218' title='bbox 2767 2197 3109 2275; x_wconf 78' lang='grc' dir='ltr'>πλεοναχῶς</span> <span class='ocrx_word' id='word_1_219' title='bbox 3159 2208 3190 2251; x_wconf 73' lang='grc'><strong><em>6</em></strong></span> 
     </span>
     <span class='ocr_line' id='line_1_20' title="bbox 606 2294 3110 2380; baseline -0.001 -21"><span class='ocrx_word' id='word_1_220' title='bbox 606 2296 835 2377; x_wconf 90' lang='grc' dir='ltr'>λέγεται</span> <span class='ocrx_word' id='word_1_221' title='bbox 880 2295 953 2357; x_wconf 83' lang='grc' dir='ltr'>τὰ</span> <span class='ocrx_word' id='word_1_222' title='bbox 999 2294 1174 2367; x_wconf 81' lang='grc' dir='ltr'>αἴτια,</span> <span class='ocrx_word' id='word_1_223' title='bbox 1222 2295 1530 2376; x_wconf 83' lang='grc' dir='ltr'>ἀναγκαῖον</span> <span class='ocrx_word' id='word_1_224' title='bbox 1592 2299 1711 2363; x_wconf 88' lang='grc' dir='ltr'>τοῖς</span> <span class='ocrx_word' id='word_1_225' title='bbox 1756 2295 1816 2357; x_wconf 88' lang='grc' dir='ltr'>ἐν</span> <span class='ocrx_word' id='word_1_226' title='bbox 1863 2294 2018 2363; x_wconf 74' lang='grc' dir='ltr'>τάξει</span> <span class='ocrx_word' id='word_1_227' title='bbox 2064 2296 2129 2357; x_wconf 86' lang='grc' dir='ltr'>τὸ</span> <span class='ocrx_word' id='word_1_228' title='bbox 2174 2294 2486 2380; x_wconf 84' lang='grc' dir='ltr'>πρόβλημα</span> <span class='ocrx_word' id='word_1_229' title='bbox 2534 2298 2826 2377; x_wconf 83' lang='grc' dir='ltr'>μετιοῦσιν</span> <span class='ocrx_word' id='word_1_230' title='bbox 2880 2300 3110 2377; x_wconf 83' lang='grc' dir='ltr'>πρῶτον</span> 
     </span>
     <span class='ocr_line' id='line_1_21' title="bbox 492 2395 3113 2482; baseline -0.002 -18"><span class='ocrx_word' id='word_1_231' title='bbox 492 2418 560 2465; x_wconf 79' lang='lat'>20</span> <span class='ocrx_word' id='word_1_232' title='bbox 596 2399 813 2482; x_wconf 83' lang='grc' dir='ltr'>λαβεῖν,</span> <span class='ocrx_word' id='word_1_233' title='bbox 876 2398 989 2459; x_wconf 85' lang='grc' dir='ltr'>ὑπὸ</span> <span class='ocrx_word' id='word_1_234' title='bbox 1035 2398 1159 2460; x_wconf 88' lang='grc' dir='ltr'>τίνα</span> <span class='ocrx_word' id='word_1_235' title='bbox 1214 2395 1425 2480; x_wconf 87' lang='grc' dir='ltr'>τρόπον</span> <span class='ocrx_word' id='word_1_236' title='bbox 1480 2402 1595 2459; x_wconf 85' lang='grc' dir='ltr'>τῶν</span> <span class='ocrx_word' id='word_1_237' title='bbox 1650 2398 1848 2459; x_wconf 86' lang='grc' dir='ltr'>αἰτίων</span> <span class='ocrx_word' id='word_1_238' title='bbox 1894 2398 2013 2481; x_wconf 83' lang='grc' dir='ltr'>χρὴ</span> <span class='ocrx_word' id='word_1_239' title='bbox 2071 2395 2290 2460; x_wconf 80' lang='grc' dir='ltr'>τιθέναι</span> <span class='ocrx_word' id='word_1_240' title='bbox 2345 2398 2449 2479; x_wconf 86' lang='grc' dir='ltr'>τὴν</span> <span class='ocrx_word' id='word_1_241' title='bbox 2507 2396 2885 2480; x_wconf 84' lang='grc' dir='ltr'>εἱμαρμένην·</span> <span class='ocrx_word' id='word_1_242' title='bbox 2947 2396 3113 2460; x_wconf 81' lang='grc' dir='ltr'>οὐδὲν</span> 
     </span>
     <span class='ocr_line' id='line_1_22' title="bbox 594 2498 3112 2583; baseline -0.001 -20"><span class='ocrx_word' id='word_1_243' title='bbox 594 2501 707 2583; x_wconf 86' lang='grc' dir='ltr'>γὰρ</span> <span class='ocrx_word' id='word_1_244' title='bbox 752 2504 868 2563; x_wconf 84' lang='grc' dir='ltr'>τῶν</span> <span class='ocrx_word' id='word_1_245' title='bbox 912 2501 1233 2583; x_wconf 86' lang='grc' dir='ltr'>πολλαχῶς</span> <span class='ocrx_word' id='word_1_246' title='bbox 1277 2498 1604 2581; x_wconf 87' lang='grc' dir='ltr'>λεγομένων</span> <span class='ocrx_word' id='word_1_247' title='bbox 1650 2501 1938 2582; x_wconf 85' lang='grc' dir='ltr'>γνώριμον</span> <span class='ocrx_word' id='word_1_248' title='bbox 1985 2500 2170 2583; x_wconf 89' lang='grc' dir='ltr'>χωρὶς</span> <span class='ocrx_word' id='word_1_249' title='bbox 2213 2505 2317 2581; x_wconf 75' lang='grc' dir='ltr'>τῆς</span> <span class='ocrx_word' id='word_1_250' title='bbox 2347 2499 2559 2567; x_wconf 83' lang='grc' dir='ltr'>οἰκείας</span> <span class='ocrx_word' id='word_1_251' title='bbox 2593 2499 2927 2582; x_wconf 78' lang='grc' dir='ltr'>διαιρέσεως</span> <span class='ocrx_word' id='word_1_252' title='bbox 2956 2499 3112 2580; x_wconf 86' lang='grc' dir='ltr'>λεγό-</span> 
     </span>
     <span class='ocr_line' id='line_1_23' title="bbox 600 2600 3196 2686; baseline -0.002 -20"><span class='ocrx_word' id='word_1_253' title='bbox 600 2626 790 2685; x_wconf 89' lang='grc' dir='ltr'>μενον.</span> <span class='ocrx_word' id='word_1_254' title='bbox 881 2605 1180 2686; x_wconf 82' lang='grc' dir='ltr'>διαιρεῖται</span> <span class='ocrx_word' id='word_1_255' title='bbox 1220 2602 1292 2684; x_wconf 84' lang='grc' dir='ltr'>δὴ</span> <span class='ocrx_word' id='word_1_256' title='bbox 1324 2601 1397 2664; x_wconf 82' lang='grc' dir='ltr'>τὰ</span> <span class='ocrx_word' id='word_1_257' title='bbox 1440 2607 1555 2664; x_wconf 86' lang='grc' dir='ltr'>τῶν</span> <span class='ocrx_word' id='word_1_258' title='bbox 1586 2601 1900 2684; x_wconf 88' lang='grc' dir='ltr'>γινομένων</span> <span class='ocrx_word' id='word_1_259' title='bbox 1951 2600 2105 2664; x_wconf 79' lang='grc' dir='ltr'>αἴτια</span> <span class='ocrx_word' id='word_1_260' title='bbox 2148 2602 2230 2670; x_wconf 88' lang='grc' dir='ltr'>εἰς</span> <span class='ocrx_word' id='word_1_261' title='bbox 2275 2602 2522 2684; x_wconf 90' lang='grc' dir='ltr'>τρόπους</span> <span class='ocrx_word' id='word_1_262' title='bbox 2565 2602 2762 2664; x_wconf 88' lang='grc' dir='ltr'>αἰτίων</span> <span class='ocrx_word' id='word_1_263' title='bbox 2807 2600 3110 2684; x_wconf 87' lang='grc' dir='ltr'>τέσσαρας,</span> <span class='ocrx_word' id='word_1_264' title='bbox 3141 2619 3196 2661; x_wconf 84' lang='grc' dir='ltr'>ιο</span> 
     </span>
     <span class='ocr_line' id='line_1_24' title="bbox 598 2700 3112 2789; baseline -0.001 -21"><span class='ocrx_word' id='word_1_265' title='bbox 598 2706 801 2773; x_wconf 76' lang='grc' dir='ltr'>καθὼς</span> <span class='ocrx_word' id='word_1_266' title='bbox 848 2700 1078 2789; x_wconf 88' lang='grc' dir='ltr'>[αἰτίας]</span> <span class='ocrx_word' id='word_1_267' title='bbox 1104 2702 1517 2787; x_wconf 86' lang='grc' dir='ltr'>Ἀριστοτέλης</span> <span class='ocrx_word' id='word_1_268' title='bbox 1562 2704 1839 2788; x_wconf 86' lang='grc' dir='ltr'>δέδειχεν.</span> <span class='ocrx_word' id='word_1_269' title='bbox 1919 2708 2035 2765; x_wconf 80' lang='grc' dir='ltr'>τῶν</span> <span class='ocrx_word' id='word_1_270' title='bbox 2065 2704 2174 2787; x_wconf 83' lang='grc' dir='ltr'>γὰρ</span> <span class='ocrx_word' id='word_1_271' title='bbox 2205 2703 2399 2767; x_wconf 90' lang='grc' dir='ltr'>αἰτίων</span> <span class='ocrx_word' id='word_1_272' title='bbox 2431 2703 2502 2766; x_wconf 82' lang='grc' dir='ltr'>τὰ</span> <span class='ocrx_word' id='word_1_273' title='bbox 2535 2703 2638 2785; x_wconf 89' lang='grc' dir='ltr'>μέν</span> <span class='ocrx_word' id='word_1_274' title='bbox 2671 2702 2792 2767; x_wconf 86' lang='grc' dir='ltr'>ἐστι</span> <span class='ocrx_word' id='word_1_275' title='bbox 2824 2706 3112 2786; x_wconf 83' lang='grc' dir='ltr'>ποιητικά,</span> 
     </span>
     <span class='ocr_line' id='line_1_25' title="bbox 597 2804 3111 2891; baseline -0.002 -20"><span class='ocrx_word' id='word_1_276' title='bbox 597 2808 669 2871; x_wconf 78' lang='grc' dir='ltr'>τὰ</span> <span class='ocrx_word' id='word_1_277' title='bbox 716 2808 780 2871; x_wconf 84' lang='grc' dir='ltr'>δὲ</span> <span class='ocrx_word' id='word_1_278' title='bbox 826 2808 967 2890; x_wconf 82' lang='grc' dir='ltr'>ὕλης</span> <span class='ocrx_word' id='word_1_279' title='bbox 1011 2806 1215 2891; x_wconf 83' lang='grc' dir='ltr'>ἐπέχει</span> <span class='ocrx_word' id='word_1_280' title='bbox 1260 2805 1448 2887; x_wconf 88' lang='grc' dir='ltr'>λόγον,</span> <span class='ocrx_word' id='word_1_281' title='bbox 1495 2804 1618 2869; x_wconf 87' lang='grc' dir='ltr'>ἔστι</span> <span class='ocrx_word' id='word_1_282' title='bbox 1662 2806 1726 2869; x_wconf 87' lang='grc' dir='ltr'>δέ</span> <span class='ocrx_word' id='word_1_283' title='bbox 1756 2830 1839 2875; x_wconf 91' lang='grc' dir='ltr'>τις</span> <span class='ocrx_word' id='word_1_284' title='bbox 1885 2806 1947 2867; x_wconf 87' lang='grc' dir='ltr'>ἐν</span> <span class='ocrx_word' id='word_1_285' title='bbox 1977 2804 2174 2873; x_wconf 84' lang='grc' dir='ltr'>αὐτοῖς</span> <span class='ocrx_word' id='word_1_286' title='bbox 2203 2806 2299 2867; x_wconf 83' lang='grc' dir='ltr'>καὶ</span> <span class='ocrx_word' id='word_1_287' title='bbox 2345 2807 2384 2888; x_wconf 80' lang='grc' dir='ltr'><strong>ἠ</strong></span> <span class='ocrx_word' id='word_1_288' title='bbox 2429 2806 2576 2869; x_wconf 84' lang='grc' dir='ltr'>κατὰ</span> <span class='ocrx_word' id='word_1_289' title='bbox 2621 2807 2687 2868; x_wconf 84' lang='grc' dir='ltr'>τὸ</span> <span class='ocrx_word' id='word_1_290' title='bbox 2733 2804 2886 2874; x_wconf 81' lang='grc' dir='ltr'>εἶδος</span> <span class='ocrx_word' id='word_1_291' title='bbox 2930 2806 3111 2868; x_wconf 87' lang='grc' dir='ltr'>αἰτία·</span> 
     </span>
     <span class='ocr_line' id='line_1_26' title="bbox 498 2906 3198 2994; baseline -0.002 -22"><span class='ocrx_word' id='word_1_292' title='bbox 498 2932 563 2980; x_wconf 82' lang='lat'>25</span> <span class='ocrx_word' id='word_1_293' title='bbox 604 2911 763 2994; x_wconf 83' lang='grc' dir='ltr'>παρὰ</span> <span class='ocrx_word' id='word_1_294' title='bbox 808 2910 874 2972; x_wconf 83' lang='grc' dir='ltr'>δὲ</span> <span class='ocrx_word' id='word_1_295' title='bbox 917 2910 1020 2978; x_wconf 86' lang='grc' dir='ltr'>τὰς</span> <span class='ocrx_word' id='word_1_296' title='bbox 1064 2914 1215 2991; x_wconf 86' lang='grc' dir='ltr'>τρεῖς</span> <span class='ocrx_word' id='word_1_297' title='bbox 1260 2908 1471 2977; x_wconf 88' lang='grc' dir='ltr'>ταύτας</span> <span class='ocrx_word' id='word_1_298' title='bbox 1514 2909 1701 2977; x_wconf 89' lang='grc' dir='ltr'>αἰτίας</span> <span class='ocrx_word' id='word_1_299' title='bbox 1745 2908 1900 2971; x_wconf 87' lang='grc' dir='ltr'>ἐστὶν</span> <span class='ocrx_word' id='word_1_300' title='bbox 1945 2907 2126 2971; x_wconf 80' lang='grc' dir='ltr'>αἴτιον</span> <span class='ocrx_word' id='word_1_301' title='bbox 2172 2907 2232 2969; x_wconf 87' lang='grc' dir='ltr'>ἐν</span> <span class='ocrx_word' id='word_1_302' title='bbox 2279 2909 2475 2976; x_wconf 83' lang='grc' dir='ltr'>αὐτοῖς</span> <span class='ocrx_word' id='word_1_303' title='bbox 2531 2908 2628 2971; x_wconf 80' lang='grc' dir='ltr'>καὶ</span> <span class='ocrx_word' id='word_1_304' title='bbox 2681 2908 2745 2970; x_wconf 86' lang='grc' dir='ltr'>τὸ</span> <span class='ocrx_word' id='word_1_305' title='bbox 2803 2908 2988 2981; x_wconf 85' lang='grc' dir='ltr'>τέλος,</span> <span class='ocrx_word' id='word_1_306' title='bbox 3047 2906 3115 2971; x_wconf 80' lang='grc' dir='ltr'>οὗ</span> <span class='ocrx_word' id='word_1_307' title='bbox 3145 2926 3198 2968; x_wconf 73' lang='grc' dir='ltr'><strong>ιὸ</strong></span> 
     </span>
     <span class='ocr_line' id='line_1_27' title="bbox 606 3010 3114 3097; baseline -0.001 -22"><span class='ocrx_word' id='word_1_308' title='bbox 606 3016 778 3097; x_wconf 87' lang='grc' dir='ltr'>χάριν</span> <span class='ocrx_word' id='word_1_309' title='bbox 826 3012 921 3074; x_wconf 87' lang='grc' dir='ltr'>καὶ</span> <span class='ocrx_word' id='word_1_310' title='bbox 966 3012 1032 3073; x_wconf 84' lang='grc' dir='ltr'>τὸ</span> <span class='ocrx_word' id='word_1_311' title='bbox 1077 3010 1370 3092; x_wconf 88' lang='grc' dir='ltr'>γινόμενον</span> <span class='ocrx_word' id='word_1_312' title='bbox 1416 3010 1648 3091; x_wconf 88' lang='grc' dir='ltr'>γίνεται.</span> <span class='ocrx_word' id='word_1_313' title='bbox 1734 3012 1829 3073; x_wconf 79' lang='grc' dir='ltr'>καὶ</span> <span class='ocrx_word' id='word_1_314' title='bbox 1877 3014 2148 3072; x_wconf 88' lang='grc' dir='ltr'>τοσαῦται</span> <span class='ocrx_word' id='word_1_315' title='bbox 2195 3011 2298 3091; x_wconf 89' lang='grc' dir='ltr'>μὲν</span> <span class='ocrx_word' id='word_1_316' title='bbox 2343 3011 2402 3073; x_wconf 88' lang='grc' dir='ltr'>αἱ</span> <span class='ocrx_word' id='word_1_317' title='bbox 2448 3014 2564 3072; x_wconf 83' lang='grc' dir='ltr'>τῶν</span> <span class='ocrx_word' id='word_1_318' title='bbox 2594 3010 2794 3073; x_wconf 86' lang='grc' dir='ltr'>αἰτίων</span> <span class='ocrx_word' id='word_1_319' title='bbox 2825 3011 3114 3093; x_wconf 86' lang='grc' dir='ltr'>διαφοραί.</span> 
     </span>
     <span class='ocr_line' id='line_1_28' title="bbox 610 3110 3114 3197; baseline -0.001 -20"><span class='ocrx_word' id='word_1_320' title='bbox 610 3114 698 3177; x_wconf 82' lang='grc' dir='ltr'>ὅτι</span> <span class='ocrx_word' id='word_1_321' title='bbox 760 3114 871 3197; x_wconf 81' lang='grc' dir='ltr'>γὰρ</span> <span class='ocrx_word' id='word_1_322' title='bbox 942 3111 1011 3175; x_wconf 78' lang='grc' dir='ltr'>ἂν</span> <span class='ocrx_word' id='word_1_323' title='bbox 1074 3110 1251 3174; x_wconf 76' lang='grc' dir='ltr'>αἴτιον</span> <span class='ocrx_word' id='word_1_324' title='bbox 1306 3110 1348 3193; x_wconf 76' lang='grc' dir='ltr'><strong>ᾗ</strong></span> <span class='ocrx_word' id='word_1_325' title='bbox 1403 3135 1583 3191; x_wconf 90' lang='grc' dir='ltr'>τινος,</span> <span class='ocrx_word' id='word_1_326' title='bbox 1642 3113 1753 3175; x_wconf 84' lang='grc' dir='ltr'>ὑπὸ</span> <span class='ocrx_word' id='word_1_327' title='bbox 1800 3112 2018 3175; x_wconf 89' lang='grc' dir='ltr'>τούτων</span> <span class='ocrx_word' id='word_1_328' title='bbox 2064 3136 2116 3175; x_wconf 91' lang='grc' dir='ltr'>τι</span> <span class='ocrx_word' id='word_1_329' title='bbox 2171 3118 2289 3175; x_wconf 87' lang='grc' dir='ltr'>τῶν</span> <span class='ocrx_word' id='word_1_330' title='bbox 2343 3113 2538 3176; x_wconf 88' lang='grc' dir='ltr'>αἰτίων</span> <span class='ocrx_word' id='word_1_331' title='bbox 2594 3112 2658 3175; x_wconf 83' lang='grc' dir='ltr'>ὂν</span> <span class='ocrx_word' id='word_1_332' title='bbox 2712 3112 3114 3195; x_wconf 77' lang='grc' dir='ltr'>εὑρεθήσεται.</span> 
     </span>
     <span class='ocr_line' id='line_1_29' title="bbox 612 3214 3119 3299; baseline -0.001 -20"><span class='ocrx_word' id='word_1_333' title='bbox 612 3218 708 3280; x_wconf 86' lang='grc' dir='ltr'>καὶ</span> <span class='ocrx_word' id='word_1_334' title='bbox 762 3214 871 3299; x_wconf 83' lang='grc' dir='ltr'>γὰρ</span> <span class='ocrx_word' id='word_1_335' title='bbox 926 3215 977 3277; x_wconf 97' lang='grc' dir='ltr'>εἰ</span> <span class='ocrx_word' id='word_1_336' title='bbox 1032 3215 1113 3297; x_wconf 87' lang='grc' dir='ltr'>μὴ</span> <span class='ocrx_word' id='word_1_337' title='bbox 1167 3215 1354 3277; x_wconf 86' lang='grc' dir='ltr'>πάντα</span> <span class='ocrx_word' id='word_1_338' title='bbox 1408 3214 1479 3277; x_wconf 81' lang='grc' dir='ltr'>τὰ</span> <span class='ocrx_word' id='word_1_339' title='bbox 1532 3214 1801 3295; x_wconf 86' lang='grc' dir='ltr'>γινόμενα</span> <span class='ocrx_word' id='word_1_340' title='bbox 1857 3214 2147 3277; x_wconf 89' lang='grc' dir='ltr'>τοσούτων</span> <span class='ocrx_word' id='word_1_341' title='bbox 2203 3214 2402 3278; x_wconf 89' lang='grc' dir='ltr'>αἰτίων</span> <span class='ocrx_word' id='word_1_342' title='bbox 2459 3216 2659 3291; x_wconf 85' lang='grc' dir='ltr'>δεῖται,</span> <span class='ocrx_word' id='word_1_343' title='bbox 2727 3214 2876 3277; x_wconf 80' lang='grc' dir='ltr'>ἀλλὰ</span> <span class='ocrx_word' id='word_1_344' title='bbox 2930 3215 3003 3277; x_wconf 89' lang='grc' dir='ltr'>τά</span> <span class='ocrx_word' id='word_1_345' title='bbox 3051 3238 3119 3295; x_wconf 86' lang='grc' dir='ltr'>γε</span> 
     </span>
     <span class='ocr_line' id='line_1_30' title="bbox 611 3314 3202 3401; baseline -0.002 -20"><span class='ocrx_word' id='word_1_346' title='bbox 611 3318 894 3381; x_wconf 85' lang='grc' dir='ltr'>πλείστων</span> <span class='ocrx_word' id='word_1_347' title='bbox 941 3314 1189 3398; x_wconf 87' lang='grc' dir='ltr'>δεόμενα</span> <span class='ocrx_word' id='word_1_348' title='bbox 1234 3315 1347 3401; x_wconf 86' lang='grc' dir='ltr'>οὐχ</span> <span class='ocrx_word' id='word_1_349' title='bbox 1394 3316 1721 3400; x_wconf 85' lang='grc' dir='ltr'>ὑπερβαίνει</span> <span class='ocrx_word' id='word_1_350' title='bbox 1753 3318 1852 3379; x_wconf 84' lang='grc' dir='ltr'>τὸν</span> <span class='ocrx_word' id='word_1_351' title='bbox 1885 3317 2136 3400; x_wconf 77' lang='grc' dir='ltr'>ἀριθμὸν</span> <span class='ocrx_word' id='word_1_352' title='bbox 2167 3318 2264 3379; x_wconf 81' lang='grc' dir='ltr'>τὸν</span> <span class='ocrx_word' id='word_1_353' title='bbox 2295 3316 2617 3401; x_wconf 88' lang='grc' dir='ltr'>εἰρημένον.</span> <span class='ocrx_word' id='word_1_354' title='bbox 2707 3316 3118 3401; x_wconf 89' lang='grc' dir='ltr'>γνωριμωτέρα</span> <span class='ocrx_word' id='word_1_355' title='bbox 3143 3335 3202 3377; x_wconf 73' lang='lat'>2⁰</span> 
     </span>
    </p>
   </div>
   <div class='ocr_carea' id='block_1_3' title="bbox 959 3506 1286 3513">
    <p class='ocr_par' dir='ltr' id='par_1_3' title="bbox 959 3506 1286 3513">
     <span class='ocr_line' id='line_1_31' title="bbox 959 3506 1286 3513; baseline 0 0"><span class='ocrx_word' id='word_1_356' title='bbox 959 3506 1286 3513; x_wconf 95' lang='lat' dir='ltr'> </span> 
     </span>
    </p>
   </div>
   <div class='ocr_carea' id='block_1_4' title="bbox 506 3509 858 3519">
    <p class='ocr_par' dir='ltr' id='par_1_4' title="bbox 506 3509 858 3519">
     <span class='ocr_line' id='line_1_32' title="bbox 506 3509 858 3519; baseline 0 2048"><span class='ocrx_word' id='word_1_357' title='bbox 506 3509 858 3519; x_wconf 95' lang='lat' dir='ltr'> </span> 
     </span>
    </p>
   </div>
   <div class='ocr_carea' id='block_1_5' title="bbox 504 3626 3235 4837">
    <p class='ocr_par' dir='ltr' id='par_1_5' title="bbox 504 3626 3231 3883">
     <span class='ocr_line' id='line_1_33' title="bbox 504 3626 3231 3708; baseline -0.001 -13"><span class='ocrx_word' id='word_1_358' title='bbox 504 3642 537 3695; x_wconf 82' lang='lat'><strong>4</strong></span> <span class='ocrx_word' id='word_1_359' title='bbox 578 3641 719 3693; x_wconf 85' lang='grc' dir='ltr'>δοκεῖ</span> <span class='ocrx_word' id='word_1_360' title='bbox 762 3637 979 3708; x_wconf 80' lang='grc' dir='ltr'>γίνεσθαι</span> <span class='ocrx_word' id='word_1_361' title='bbox 1018 3639 1071 3690; x_wconf 78' lang='lat' dir='ltr'>a¹</span> <span class='ocrx_word' id='word_1_362' title='bbox 1318 3636 1349 3689; x_wconf 83' lang='lat'>5</span> <span class='ocrx_word' id='word_1_363' title='bbox 1389 3637 1502 3689; x_wconf 73' lang='grc' dir='ltr'>οὐδὲ</span> <span class='ocrx_word' id='word_1_364' title='bbox 1541 3639 1669 3691; x_wconf 66' lang='lat'>21¹0:</span> <span class='ocrx_word' id='word_1_365' title='bbox 1728 3638 1786 3689; x_wconf 78' lang='grc' dir='ltr'>οὐ</span> <span class='ocrx_word' id='word_1_366' title='bbox 1825 3636 1896 3689; x_wconf 77' lang='lat'>8²:</span> <span class='ocrx_word' id='word_1_367' title='bbox 1942 3626 2057 3691; x_wconf 64' lang='grc' dir='ltr'>ουδὲ</span> <span class='ocrx_word' id='word_1_368' title='bbox 2095 3640 2172 3691; x_wconf 85' lang='lat' dir='ltr'>sic</span> <span class='ocrx_word' id='word_1_369' title='bbox 2213 3642 2257 3689; x_wconf 89' lang='lat' dir='ltr'>V</span> <span class='ocrx_word' id='word_1_370' title='bbox 2503 3639 2534 3690; x_wconf 86' lang='lat'><strong>7</strong></span> <span class='ocrx_word' id='word_1_371' title='bbox 2573 3636 2686 3691; x_wconf 67' lang='lat' dir='ltr'>xm?</span> <span class='ocrx_word' id='word_1_372' title='bbox 2725 3638 2884 3707; x_wconf 74' lang='grc' dir='ltr'>αὐτὴν</span> <span class='ocrx_word' id='word_1_373' title='bbox 2921 3641 3040 3690; x_wconf 78' lang='lat' dir='ltr'><strong>Va¹:</strong></span> <span class='ocrx_word' id='word_1_374' title='bbox 3097 3640 3231 3691; x_wconf 82' lang='grc' dir='ltr'>κατὰ</span> 
     </span>
     <span class='ocr_line' id='line_1_34' title="bbox 508 3724 3230 3797; baseline 0 -20"><span class='ocrx_word' id='word_1_375' title='bbox 508 3726 701 3795; x_wconf 80' lang='grc' dir='ltr'>ταύτην</span> <span class='ocrx_word' id='word_1_376' title='bbox 740 3726 795 3776; x_wconf 81' lang='lat' dir='ltr'>a²</span> <span class='ocrx_word' id='word_1_377' title='bbox 1033 3725 1062 3776; x_wconf 83' lang='lat'><strong>9</strong></span> <span class='ocrx_word' id='word_1_378' title='bbox 1102 3724 1426 3795; x_wconf 80' lang='grc' dir='ltr'>εἱμαρμένην]</span> <span class='ocrx_word' id='word_1_379' title='bbox 1473 3744 1535 3795; x_wconf 91' lang='grc' dir='ltr'>ην</span> <span class='ocrx_word' id='word_1_380' title='bbox 1574 3726 1629 3777; x_wconf 85' lang='lat' dir='ltr'>in</span> <span class='ocrx_word' id='word_1_381' title='bbox 1669 3725 1745 3777; x_wconf 88' lang='lat' dir='ltr'>lit.</span> <span class='ocrx_word' id='word_1_382' title='bbox 1784 3728 1831 3777; x_wconf 87' lang='lat' dir='ltr'>V</span> <span class='ocrx_word' id='word_1_383' title='bbox 2071 3725 2230 3795; x_wconf 83' lang='grc' dir='ltr'>τύχης</span> <span class='ocrx_word' id='word_1_384' title='bbox 2266 3729 2444 3793; x_wconf 74' lang='lat' dir='ltr'>(supra</span> <span class='ocrx_word' id='word_1_385' title='bbox 2479 3743 2541 3777; x_wconf 86' lang='grc' dir='ltr'>τυ</span> <span class='ocrx_word' id='word_1_386' title='bbox 2578 3726 2676 3789; x_wconf 91' lang='lat' dir='ltr'>lit.)</span> <span class='ocrx_word' id='word_1_387' title='bbox 2715 3732 2778 3779; x_wconf 73' lang='lat' dir='ltr'>Ve</span> <span class='ocrx_word' id='word_1_388' title='bbox 2817 3728 2988 3797; x_wconf 84' lang='grc' dir='ltr'>ψυχῆς</span> <span class='ocrx_word' id='word_1_389' title='bbox 3024 3726 3094 3778; x_wconf 66' lang='lat'>8²:</span> <span class='ocrx_word' id='word_1_390' title='bbox 3133 3726 3230 3794; x_wconf 84' lang='grc' dir='ltr'>ψυ-</span> 
     </span>
     <span class='ocr_line' id='line_1_35' title="bbox 508 3810 3024 3883; baseline 0 -17"><span class='ocrx_word' id='word_1_391' title='bbox 508 3820 619 3883; x_wconf 84' lang='grc' dir='ltr'>χοῖς</span> <span class='ocrx_word' id='word_1_392' title='bbox 656 3817 705 3865; x_wconf 88' lang='grc' dir='ltr'>Κ</span> <span class='ocrx_word' id='word_1_393' title='bbox 926 3810 983 3863; x_wconf 83' lang='lat'>12</span> <span class='ocrx_word' id='word_1_394' title='bbox 1040 3811 1254 3883; x_wconf 74' lang='grc' dir='ltr'>ἔπραξαν</span> <span class='ocrx_word' id='word_1_395' title='bbox 1292 3828 1392 3865; x_wconf 90' lang='lat' dir='ltr'>om.</span> <span class='ocrx_word' id='word_1_396' title='bbox 1430 3814 1482 3865; x_wconf 68' lang='lat' dir='ltr'>a*</span> <span class='ocrx_word' id='word_1_397' title='bbox 1706 3814 1764 3863; x_wconf 83' lang='lat'>14</span> <span class='ocrx_word' id='word_1_398' title='bbox 1822 3814 1854 3882; x_wconf 83' lang='grc' dir='ltr'>ἡ</span> <span class='ocrx_word' id='word_1_399' title='bbox 1895 3828 1994 3865; x_wconf 91' lang='lat' dir='ltr'>om.</span> <span class='ocrx_word' id='word_1_400' title='bbox 2033 3812 2089 3865; x_wconf 58' lang='grc' dir='ltr'>α’</span> <span class='ocrx_word' id='word_1_401' title='bbox 2307 3812 2367 3864; x_wconf 82' lang='lat'>15</span> <span class='ocrx_word' id='word_1_402' title='bbox 2423 3830 2480 3864; x_wconf 87' lang='grc' dir='ltr'>τε</span> <span class='ocrx_word' id='word_1_403' title='bbox 2516 3815 2603 3865; x_wconf 82' lang='grc' dir='ltr'>καὶ</span> <span class='ocrx_word' id='word_1_404' title='bbox 2639 3811 2802 3865; x_wconf 81' lang='grc' dir='ltr'>ὄντων</span> <span class='ocrx_word' id='word_1_405' title='bbox 2840 3828 2938 3867; x_wconf 89' lang='lat' dir='ltr'>om.</span> <span class='ocrx_word' id='word_1_406' title='bbox 2977 3817 3024 3867; x_wconf 92' lang='lat' dir='ltr'>O</span> 
     </span>
    </p>

    <p class='ocr_par' dir='ltr' id='par_1_6' title="bbox 508 3897 3230 4057">
     <span class='ocr_line' id='line_1_36' title="bbox 508 3897 3230 3967; baseline -0.001 -14"><span class='ocrx_word' id='word_1_407' title='bbox 508 3900 672 3954; x_wconf 83' lang='grc' dir='ltr'>τοιάδε</span> <span class='ocrx_word' id='word_1_408' title='bbox 711 3901 765 3951; x_wconf 83' lang='lat' dir='ltr'>a¹</span> <span class='ocrx_word' id='word_1_409' title='bbox 980 3897 1067 3951; x_wconf 73' lang='grc' dir='ltr'>οὖν</span> <span class='ocrx_word' id='word_1_410' title='bbox 1106 3914 1205 3951; x_wconf 91' lang='lat' dir='ltr'>om.</span> <span class='ocrx_word' id='word_1_411' title='bbox 1243 3903 1288 3953; x_wconf 96' lang='lat' dir='ltr'>O</span> <span class='ocrx_word' id='word_1_412' title='bbox 1512 3902 1570 3953; x_wconf 88' lang='grc'>16</span> <span class='ocrx_word' id='word_1_413' title='bbox 1610 3900 1681 3951; x_wconf 86' lang='grc' dir='ltr'>ὧν</span> <span class='ocrx_word' id='word_1_414' title='bbox 1720 3900 1816 3951; x_wconf 77' lang='lat' dir='ltr'>del.</span> <span class='ocrx_word' id='word_1_415' title='bbox 1857 3898 1932 3950; x_wconf 82' lang='lat' dir='ltr'>V²</span> <span class='ocrx_word' id='word_1_416' title='bbox 2151 3898 2210 3951; x_wconf 81' lang='lat'>17</span> <span class='ocrx_word' id='word_1_417' title='bbox 2249 3898 2327 3966; x_wconf 81' lang='grc' dir='ltr'>τε]</span> <span class='ocrx_word' id='word_1_418' title='bbox 2365 3917 2412 3951; x_wconf 88' lang='grc' dir='ltr'>τι</span> <span class='ocrx_word' id='word_1_419' title='bbox 2449 3902 2520 3949; x_wconf 89' lang='lat' dir='ltr'>V¹</span> <span class='ocrx_word' id='word_1_420' title='bbox 2559 3904 2707 3963; x_wconf 83' lang='lat' dir='ltr'>(corr.</span> <span class='ocrx_word' id='word_1_421' title='bbox 2747 3900 2840 3964; x_wconf 57' lang='grc' dir='ltr'>ν’)</span> <span class='ocrx_word' id='word_1_422' title='bbox 3061 3899 3122 3951; x_wconf 83' lang='grc'>18</span> <span class='ocrx_word' id='word_1_423' title='bbox 3159 3900 3230 3967; x_wconf 81' lang='grc' dir='ltr'>γί·</span> 
     </span>
     <span class='ocr_line' id='line_1_37' title="bbox 508 3984 3088 4057; baseline 0 -19"><span class='ocrx_word' id='word_1_424' title='bbox 508 4005 643 4041; x_wconf 80' lang='grc' dir='ltr'>νεται</span> <span class='ocrx_word' id='word_1_425' title='bbox 679 3986 824 4039; x_wconf 77' lang='lat' dir='ltr'>V²a¹=</span> <span class='ocrx_word' id='word_1_426' title='bbox 863 3984 1081 4054; x_wconf 73' lang='grc' dir='ltr'>γίνεσθαι</span> <span class='ocrx_word' id='word_1_427' title='bbox 1116 3986 1248 4038; x_wconf 63' lang='lat' dir='ltr'>V¹a⁹</span> <span class='ocrx_word' id='word_1_428' title='bbox 1465 3988 1527 4037; x_wconf 79' lang='lat'>19</span> <span class='ocrx_word' id='word_1_429' title='bbox 1581 3987 1643 4039; x_wconf 81' lang='grc' dir='ltr'>τὰ</span> <span class='ocrx_word' id='word_1_430' title='bbox 1688 3987 1821 4038; x_wconf 75' lang='grc' dir='ltr'>αἴτια</span> <span class='ocrx_word' id='word_1_431' title='bbox 1870 4001 1970 4037; x_wconf 91' lang='lat' dir='ltr'>om.</span> <span class='ocrx_word' id='word_1_432' title='bbox 2018 3987 2071 4037; x_wconf 68' lang='lat'>2¹</span> <span class='ocrx_word' id='word_1_433' title='bbox 2287 3991 2490 4056; x_wconf 85' lang='grc' dir='ltr'>πρῶτον</span> <span class='ocrx_word' id='word_1_434' title='bbox 2532 3986 2674 4039; x_wconf 75' lang='lat' dir='ltr'><strong>V²a¹z</strong></span> <span class='ocrx_word' id='word_1_435' title='bbox 2709 3988 2917 4057; x_wconf 83' lang='grc' dir='ltr'>πρώτην</span> <span class='ocrx_word' id='word_1_436' title='bbox 2961 3986 3088 4039; x_wconf 73' lang='lat' dir='ltr'><strong>V¹a²</strong></span> 
     </span>
    </p>

    <p class='ocr_par' dir='ltr' id='par_1_7' title="bbox 510 4072 3235 4407">
     <span class='ocr_line' id='line_1_38' title="bbox 511 4072 3227 4143; baseline -0.002 -16"><span class='ocrx_word' id='word_1_437' title='bbox 511 4076 577 4127; x_wconf 81' lang='grc'>22</span> <span class='ocrx_word' id='word_1_438' title='bbox 633 4075 721 4143; x_wconf 85' lang='grc' dir='ltr'>δὴ]</span> <span class='ocrx_word' id='word_1_439' title='bbox 768 4072 821 4126; x_wconf 81' lang='grc' dir='ltr'>δὲ</span> <span class='ocrx_word' id='word_1_440' title='bbox 866 4074 1079 4125; x_wconf 86' lang='lat' dir='ltr'>Eusebii</span> <span class='ocrx_word' id='word_1_441' title='bbox 1127 4074 1264 4141; x_wconf 81' lang='lat' dir='ltr'>vulg.</span> <span class='ocrx_word' id='word_1_442' title='bbox 1304 4078 1349 4128; x_wconf 96' lang='lat' dir='ltr'>O</span> <span class='ocrx_word' id='word_1_443' title='bbox 1532 4072 2070 4143; x_wconf 71' lang='grc' dir='ltr'>διαιρεῖται-τιθέναι</span> <span class='ocrx_word' id='word_1_444' title='bbox 2106 4074 2199 4143; x_wconf 74' lang='grc' dir='ltr'>τὴν</span> <span class='ocrx_word' id='word_1_445' title='bbox 2235 4074 2539 4142; x_wconf 81' lang='grc' dir='ltr'>εἱμαρμένην</span> <span class='ocrx_word' id='word_1_446' title='bbox 2565 4072 2786 4142; x_wconf 87' lang='grc'>(169,3)]</span> <span class='ocrx_word' id='word_1_447' title='bbox 2826 4074 3013 4125; x_wconf 87' lang='lat' dir='ltr'>Euseb.</span> <span class='ocrx_word' id='word_1_448' title='bbox 3053 4088 3227 4141; x_wconf 76' lang='lat' dir='ltr'>praep.</span> 
     </span>
     <span class='ocr_line' id='line_1_39' title="bbox 510 4160 3161 4224; baseline 0 -11"><span class='ocrx_word' id='word_1_449' title='bbox 510 4179 590 4214; x_wconf 85' lang='lat' dir='ltr'>ev.</span> <span class='ocrx_word' id='word_1_450' title='bbox 628 4162 717 4224; x_wconf 84' lang='lat' dir='ltr'>VI,</span> <span class='ocrx_word' id='word_1_451' title='bbox 752 4160 801 4211; x_wconf 90' lang='grc'>9.</span> <span class='ocrx_word' id='word_1_452' title='bbox 840 4161 1005 4212; x_wconf 86' lang='grc'><strong>1-16</strong></span> <span class='ocrx_word' id='word_1_453' title='bbox 1062 4160 1413 4213; x_wconf 69' lang='lat' dir='ltr'>2682—270b</span> <span class='ocrx_word' id='word_1_454' title='bbox 1634 4161 1817 4217; x_wconf 82' lang='grc' dir='ltr'>τόπους</span> <span class='ocrx_word' id='word_1_455' title='bbox 1855 4160 1972 4213; x_wconf 78' lang='lat' dir='ltr'>Cas,</span> <span class='ocrx_word' id='word_1_456' title='bbox 2011 4160 2176 4212; x_wconf 88' lang='lat' dir='ltr'><strong>Lond.</strong></span> <span class='ocrx_word' id='word_1_457' title='bbox 2401 4160 2578 4212; x_wconf 79' lang='grc' dir='ltr'>αἰτιῶν</span> <span class='ocrx_word' id='word_1_458' title='bbox 2617 4160 2874 4214; x_wconf 84' lang='lat' dir='ltr'><strong>Eusebius</strong></span> <span class='ocrx_word' id='word_1_459' title='bbox 2911 4160 3077 4212; x_wconf 89' lang='lat' dir='ltr'><strong>Lond.</strong></span> <span class='ocrx_word' id='word_1_460' title='bbox 3115 4162 3161 4214; x_wconf 94' lang='grc' dir='ltr'><strong>Ο</strong></span> 
     </span>
     <span class='ocr_line' id='line_1_40' title="bbox 512 4243 3235 4305; baseline 0 -6"><span class='ocrx_word' id='word_1_461' title='bbox 512 4248 579 4300; x_wconf 73' lang='grc'>23</span> <span class='ocrx_word' id='word_1_462' title='bbox 618 4246 795 4303; x_wconf 76' lang='grc' dir='ltr'>καθὼς</span> <span class='ocrx_word' id='word_1_463' title='bbox 814 4246 958 4297; x_wconf 75' lang='lat' dir='ltr'>V²a¹z</span> <span class='ocrx_word' id='word_1_464' title='bbox 998 4245 1179 4299; x_wconf 65' lang='grc' dir='ltr'>καθὼς</span> <span class='ocrx_word' id='word_1_465' title='bbox 1216 4246 1378 4299; x_wconf 79' lang='grc' dir='ltr'>αἰτίασ</span> <span class='ocrx_word' id='word_1_466' title='bbox 1400 4249 1482 4299; x_wconf 85' lang='lat' dir='ltr'>V¹:</span> <span class='ocrx_word' id='word_1_467' title='bbox 1522 4243 1637 4299; x_wconf 67' lang='grc' dir='ltr'>καθ’</span> <span class='ocrx_word' id='word_1_468' title='bbox 1666 4248 1727 4305; x_wconf 78' lang='grc' dir='ltr'>ἃς</span> <span class='ocrx_word' id='word_1_469' title='bbox 1760 4246 1922 4304; x_wconf 84' lang='grc' dir='ltr'>αἰτίας</span> <span class='ocrx_word' id='word_1_470' title='bbox 1947 4248 2017 4298; x_wconf 71' lang='lat'>8²:</span> <span class='ocrx_word' id='word_1_471' title='bbox 2057 4244 2236 4304; x_wconf 74' lang='grc' dir='ltr'>καθὼς</span> <span class='ocrx_word' id='word_1_472' title='bbox 2261 4246 2287 4299; x_wconf 86' lang='grc' dir='ltr'>ὁ</span> <span class='ocrx_word' id='word_1_473' title='bbox 2313 4244 2446 4305; x_wconf 76' lang='grc' dir='ltr'>θεῖος</span> <span class='ocrx_word' id='word_1_474' title='bbox 2473 4248 2730 4300; x_wconf 83' lang='lat' dir='ltr'>Eusebius</span> <span class='ocrx_word' id='word_1_475' title='bbox 2752 4246 2916 4299; x_wconf 91' lang='lat' dir='ltr'><strong>Lond.</strong></span> <span class='ocrx_word' id='word_1_476' title='bbox 2938 4250 2984 4301; x_wconf 89' lang='grc' dir='ltr'>Ο</span> <span class='ocrx_word' id='word_1_477' title='bbox 3013 4247 3235 4300; x_wconf 73' lang='lat' dir='ltr'>fortasse</span> 
     </span>
     <span class='ocr_line' id='line_1_41' title="bbox 510 4332 2897 4407; baseline -0 -22"><span class='ocrx_word' id='word_1_478' title='bbox 510 4344 670 4386; x_wconf 82' lang='lat' dir='ltr'>reete:</span> <span class='ocrx_word' id='word_1_479' title='bbox 716 4332 892 4391; x_wconf 78' lang='grc' dir='ltr'>καθὼς</span> <span class='ocrx_word' id='word_1_480' title='bbox 938 4332 1071 4391; x_wconf 77' lang='grc' dir='ltr'>θεῖος</span> <span class='ocrx_word' id='word_1_481' title='bbox 1118 4334 1234 4385; x_wconf 76' lang='lat' dir='ltr'>Cas.</span> <span class='ocrx_word' id='word_1_482' title='bbox 1517 4333 1760 4407; x_wconf 80' lang='grc' dir='ltr'>δέδειχεν]</span> <span class='ocrx_word' id='word_1_483' title='bbox 1805 4334 1871 4386; x_wconf 81' lang='lat' dir='ltr'>cf.</span> <span class='ocrx_word' id='word_1_484' title='bbox 1921 4336 2080 4386; x_wconf 79' lang='lat' dir='ltr'>Arist.</span> <span class='ocrx_word' id='word_1_485' title='bbox 2119 4335 2344 4401; x_wconf 77' lang='lat' dir='ltr'>Metapb.</span> <span class='ocrx_word' id='word_1_486' title='bbox 2383 4335 2422 4397; x_wconf 90' lang='lat'>1,</span> <span class='ocrx_word' id='word_1_487' title='bbox 2450 4332 2499 4385; x_wconf 90' lang='lat'>3.</span> <span class='ocrx_word' id='word_1_488' title='bbox 2539 4332 2754 4387; x_wconf 69' lang='lat'><strong>983223</strong></span> <span class='ocrx_word' id='word_1_489' title='bbox 2785 4349 2897 4401; x_wconf 87' lang='lat' dir='ltr'><strong>sqq.</strong></span> 
     </span>
    </p>

    <p class='ocr_par' dir='ltr' id='par_1_8' title="bbox 510 4420 3233 4663">
     <span class='ocr_line' id='line_1_42' title="bbox 510 4420 3229 4493; baseline 0 -20"><span class='ocrx_word' id='word_1_490' title='bbox 510 4422 695 4489; x_wconf 85' lang='grc' dir='ltr'>ποιητὰ</span> <span class='ocrx_word' id='word_1_491' title='bbox 742 4420 953 4472; x_wconf 83' lang='lat' dir='ltr'>Eusebii</span> <span class='ocrx_word' id='word_1_492' title='bbox 1010 4434 1128 4486; x_wconf 75' lang='lat' dir='ltr'>pars</span> <span class='ocrx_word' id='word_1_493' title='bbox 1176 4420 1419 4472; x_wconf 85' lang='lat' dir='ltr'>librorum</span> <span class='ocrx_word' id='word_1_494' title='bbox 1692 4422 1759 4471; x_wconf 75' lang='lat'>24</span> <span class='ocrx_word' id='word_1_495' title='bbox 1820 4421 2066 4493; x_wconf 81' lang='grc' dir='ltr'>ἐπέχοντα</span> <span class='ocrx_word' id='word_1_496' title='bbox 2109 4420 2320 4473; x_wconf 90' lang='lat' dir='ltr'>Eusebii</span> <span class='ocrx_word' id='word_1_497' title='bbox 2369 4420 2508 4487; x_wconf 81' lang='lat' dir='ltr'>vulg.</span> <span class='ocrx_word' id='word_1_498' title='bbox 2757 4420 2814 4471; x_wconf 86' lang='grc' dir='ltr'>τὸ</span> <span class='ocrx_word' id='word_1_499' title='bbox 2865 4436 2966 4472; x_wconf 90' lang='lat' dir='ltr'>om.</span> <span class='ocrx_word' id='word_1_500' title='bbox 3011 4420 3229 4473; x_wconf 85' lang='lat' dir='ltr'>Eusebii</span> 
     </span>
     <span class='ocr_line' id='line_1_43' title="bbox 512 4506 3233 4574; baseline 0 -16"><span class='ocrx_word' id='word_1_501' title='bbox 512 4524 564 4574; x_wconf 88' lang='lat' dir='ltr'>p.</span> <span class='ocrx_word' id='word_1_502' title='bbox 592 4508 625 4559; x_wconf 88' lang='lat' dir='ltr'>l.</span> <span class='ocrx_word' id='word_1_503' title='bbox 886 4506 952 4557; x_wconf 80' lang='lat'>25</span> <span class='ocrx_word' id='word_1_504' title='bbox 1009 4506 1097 4562; x_wconf 82' lang='grc' dir='ltr'>τὰς</span> <span class='ocrx_word' id='word_1_505' title='bbox 1134 4521 1233 4557; x_wconf 88' lang='lat' dir='ltr'>om.</span> <span class='ocrx_word' id='word_1_506' title='bbox 1274 4506 1389 4558; x_wconf 76' lang='lat' dir='ltr'>Cas,</span> <span class='ocrx_word' id='word_1_507' title='bbox 1648 4508 1700 4558; x_wconf 85' lang='grc' dir='ltr'>ἐν</span> <span class='ocrx_word' id='word_1_508' title='bbox 1750 4506 1920 4565; x_wconf 75' lang='grc' dir='ltr'>αὐτοῖς</span> <span class='ocrx_word' id='word_1_509' title='bbox 1965 4506 2120 4559; x_wconf 77' lang='grc' dir='ltr'>αἴτιον</span> <span class='ocrx_word' id='word_1_510' title='bbox 2167 4506 2424 4559; x_wconf 79' lang='lat' dir='ltr'><strong>Eusebius</strong></span> <span class='ocrx_word' id='word_1_511' title='bbox 2710 4507 2775 4559; x_wconf 77' lang='lat'>25</span> <span class='ocrx_word' id='word_1_512' title='bbox 2815 4515 2868 4559; x_wconf 88' lang='lat' dir='ltr'>et</span> <span class='ocrx_word' id='word_1_513' title='bbox 2905 4506 2970 4559; x_wconf 82' lang='lat'>26</span> <span class='ocrx_word' id='word_1_514' title='bbox 3024 4506 3085 4560; x_wconf 85' lang='grc' dir='ltr'>τὸ</span> <span class='ocrx_word' id='word_1_515' title='bbox 3131 4522 3233 4559; x_wconf 89' lang='lat' dir='ltr'>om.</span> 
     </span>
     <span class='ocr_line' id='line_1_44' title="bbox 516 4592 2952 4663; baseline 0 -19"><span class='ocrx_word' id='word_1_516' title='bbox 516 4594 771 4646; x_wconf 81' lang='lat' dir='ltr'>Eusebius</span> <span class='ocrx_word' id='word_1_517' title='bbox 1056 4593 1123 4644; x_wconf 80' lang='lat'>26</span> <span class='ocrx_word' id='word_1_518' title='bbox 1180 4593 1231 4645; x_wconf 81' lang='grc' dir='ltr'>αἱ</span> <span class='ocrx_word' id='word_1_519' title='bbox 1278 4599 1383 4645; x_wconf 86' lang='grc' dir='ltr'>τῶν</span> <span class='ocrx_word' id='word_1_520' title='bbox 1433 4610 1531 4646; x_wconf 91' lang='lat' dir='ltr'>om.</span> <span class='ocrx_word' id='word_1_521' title='bbox 1574 4595 1783 4647; x_wconf 86' lang='lat' dir='ltr'>Eusebii</span> <span class='ocrx_word' id='word_1_522' title='bbox 1836 4610 1886 4663; x_wconf 86' lang='lat' dir='ltr'>p.</span> <span class='ocrx_word' id='word_1_523' title='bbox 1915 4595 1947 4646; x_wconf 92' lang='lat' dir='ltr'>l.</span> <span class='ocrx_word' id='word_1_524' title='bbox 2233 4593 2299 4645; x_wconf 83' lang='lat'>27</span> <span class='ocrx_word' id='word_1_525' title='bbox 2355 4612 2404 4646; x_wconf 89' lang='grc' dir='ltr'>τι</span> <span class='ocrx_word' id='word_1_526' title='bbox 2450 4592 2647 4646; x_wconf 77' lang='grc' dir='ltr'>τούτων</span> <span class='ocrx_word' id='word_1_527' title='bbox 2695 4592 2952 4646; x_wconf 82' lang='lat' dir='ltr'>Eusebius</span> 
     </span>
    </p>

    <p class='ocr_par' dir='ltr' id='par_1_9' title="bbox 514 4679 3233 4837">
     <span class='ocr_line' id='line_1_45' title="bbox 517 4679 3230 4753; baseline 0 -22"><span class='ocrx_word' id='word_1_528' title='bbox 517 4679 573 4731; x_wconf 87' lang='grc' dir='ltr'>ὃν</span> <span class='ocrx_word' id='word_1_529' title='bbox 609 4680 664 4731; x_wconf 68' lang='lat'>⁸²</span> <span class='ocrx_word' id='word_1_530' title='bbox 876 4679 942 4731; x_wconf 70' lang='lat'>⁶28</span> <span class='ocrx_word' id='word_1_531' title='bbox 981 4680 1075 4748; x_wconf 81' lang='grc' dir='ltr'>μὴ]</span> <span class='ocrx_word' id='word_1_532' title='bbox 1115 4680 1201 4731; x_wconf 84' lang='grc' dir='ltr'>καὶ</span> <span class='ocrx_word' id='word_1_533' title='bbox 1238 4680 1307 4731; x_wconf 77' lang='lat'>13²</span> <span class='ocrx_word' id='word_1_534' title='bbox 1519 4680 1754 4749; x_wconf 78' lang='grc' dir='ltr'>γινόμενά</span> <span class='ocrx_word' id='word_1_535' title='bbox 1792 4698 1865 4737; x_wconf 85' lang='grc' dir='ltr'>τις</span> <span class='ocrx_word' id='word_1_536' title='bbox 1903 4680 2160 4749; x_wconf 80' lang='grc' dir='ltr'>σκέψαιτο,</span> <span class='ocrx_word' id='word_1_537' title='bbox 2199 4680 2395 4752; x_wconf 75' lang='grc' dir='ltr'>εὑρήσει</span> <span class='ocrx_word' id='word_1_538' title='bbox 2431 4681 2526 4753; x_wconf 78' lang='grc' dir='ltr'>οὐχ</span> <span class='ocrx_word' id='word_1_539' title='bbox 2550 4682 2622 4733; x_wconf 82' lang='lat'>13²</span> <span class='ocrx_word' id='word_1_540' title='bbox 2832 4679 2915 4734; x_wconf 83' lang='lat'>28.</span> <span class='ocrx_word' id='word_1_541' title='bbox 2953 4680 3020 4732; x_wconf 79' lang='lat'>29</span> <span class='ocrx_word' id='word_1_542' title='bbox 3059 4680 3230 4733; x_wconf 79' lang='grc' dir='ltr'>τοσού-</span> 
     </span>
     <span class='ocr_line' id='line_1_46' title="bbox 514 4765 3233 4837; baseline -0.001 -18"><span class='ocrx_word' id='word_1_543' title='bbox 514 4784 684 4819; x_wconf 78' lang='grc' dir='ltr'>των-</span> <span class='ocrx_word' id='word_1_544' title='bbox 709 4766 921 4833; x_wconf 83' lang='grc' dir='ltr'>δεόμενα</span> <span class='ocrx_word' id='word_1_545' title='bbox 960 4766 1214 4819; x_wconf 83' lang='lat' dir='ltr'>Eusebius</span> <span class='ocrx_word' id='word_1_546' title='bbox 1254 4768 1335 4832; x_wconf 87' lang='grc' dir='ltr'>(τὰ</span> <span class='ocrx_word' id='word_1_547' title='bbox 1373 4766 1424 4819; x_wconf 80' lang='grc' dir='ltr'>δὲ</span> <span class='ocrx_word' id='word_1_548' title='bbox 1462 4784 1513 4834; x_wconf 84' lang='lat' dir='ltr'>p.</span> <span class='ocrx_word' id='word_1_549' title='bbox 1539 4768 1609 4829; x_wconf 83' lang='lat' dir='ltr'><strong>l.):</strong></span> <span class='ocrx_word' id='word_1_550' title='bbox 1648 4782 1746 4819; x_wconf 88' lang='lat' dir='ltr'>om.</span> <span class='ocrx_word' id='word_1_551' title='bbox 1774 4769 1951 4835; x_wconf 84' lang='lat' dir='ltr'>(signo</span> <span class='ocrx_word' id='word_1_552' title='bbox 1988 4768 2044 4819; x_wconf 87' lang='lat' dir='ltr'>in</span> <span class='ocrx_word' id='word_1_553' title='bbox 2085 4784 2183 4837; x_wconf 79' lang='lat' dir='ltr'>mg.</span> <span class='ocrx_word' id='word_1_554' title='bbox 2226 4769 2466 4837; x_wconf 82' lang='lat' dir='ltr'>adposito</span> <span class='ocrx_word' id='word_1_555' title='bbox 2489 4770 2557 4835; x_wconf 92' lang='lat' dir='ltr'>V)</span> <span class='ocrx_word' id='word_1_556' title='bbox 2599 4767 2744 4821; x_wconf 89' lang='lat' dir='ltr'>codd.</span> <span class='ocrx_word' id='word_1_557' title='bbox 2771 4766 2850 4821; x_wconf 60' lang='grc' dir='ltr'>ειη</span> <span class='ocrx_word' id='word_1_558' title='bbox 3039 4765 3108 4818; x_wconf 76' lang='grc'>29</span> <span class='ocrx_word' id='word_1_559' title='bbox 3144 4766 3233 4819; x_wconf 88' lang='grc' dir='ltr'>τὸν</span> 
     </span>
    </p>
   </div>
   <div class='ocr_carea' id='block_1_6' title="bbox 518 4853 1023 4925">
    <p class='ocr_par' dir='ltr' id='par_1_10' title="bbox 518 4853 1023 4925">
     <span class='ocr_line' id='line_1_47' title="bbox 518 4853 1023 4925; baseline -0.004 -20"><span class='ocrx_word' id='word_1_560' title='bbox 518 4854 607 4925; x_wconf 78' lang='grc' dir='ltr'>εἰρ.</span> <span class='ocrx_word' id='word_1_561' title='bbox 646 4853 723 4922; x_wconf 86' lang='grc' dir='ltr'>ἀρ.</span> <span class='ocrx_word' id='word_1_562' title='bbox 764 4854 1023 4906; x_wconf 85' lang='lat' dir='ltr'>Eusebius</span> 
     </span>
    </p>
   </div>
  </div>
 </body>
</html>
