3684 5567
570 238 690 302 162
1542 233 1846 291 ΑΙΙΟΡΙΩΝ
1886 234 2006 290 ΚΑΙ
2045 232 2312 289 ΛΥΣΕΩΝ

676 411 1022 494 μεταβάλλει
1065 410 1147 478 εἰς
1187 409 1572 493 δικαιοσύνην,
1618 410 1657 492 ἧ
1704 410 1856 471 ἐστιν
1902 408 2128 471 ἐναντία
2183 412 2256 490 τῇ
2313 408 2652 491 δικαιοσύνῃ
2699 407 2831 483 ἕξις,
2878 410 2916 492 ἢ
2963 410 3029 472 ἐκ
3075 414 3179 492 τῆς

679 512 890 594 μεταξὺ
937 514 1366 584 καταστάσεως,
1414 514 1509 574 καὶ
1556 512 1627 574 τὰ
1672 510 1739 573 ἐκ
1784 515 1900 573 τῶν
1947 510 2160 592 μεταξὺ
2209 512 2272 573 δὲ
2305 511 2739 595 μεταβάλλοντα
2769 513 2852 580 εἰς
2881 514 2946 575 τὸ
2979 512 3174 593 ἕτερον

674 613 851 698 ἄκρον
919 618 1001 683 ὡς
1067 614 1127 684 ἐΕ
1180 614 1436 676 ἐναντίου
1491 618 1591 677 τοῦ
1650 612 1863 695 μεταξὺ
1921 614 2286 697 μεταβάλλει.
2385 618 2473 697 τῷ
2527 612 2634 695 γὰρ
2689 613 2755 675 τὸ
2811 612 3021 694 μεταξὺ
3087 618 3174 698 τῷ
3208 630 3264 672 ιο

671 717 1018 800 ἀμφοτέρων
1064 740 1189 785 πως
1236 715 1501 799 μετέχειν
1549 720 1664 778 τῶν
1719 715 1914 797 ἄκρων
1970 717 2067 779 καὶ
2119 716 2190 778 τὰ
2247 716 2571 798 μηδετέρου
2627 714 2969 798 ὁλοκλήρως
3021 712 3178 799 ἔχειν

602 838 631 885 5
672 818 818 882 εἶναι
862 819 1055 881 αὐτῶν
1104 818 1314 899 μεταξὺ
1359 819 1599 893 τούτων,
1646 818 1743 880 καὶ
1789 817 1924 881 ὅταν
1971 818 2052 885 εἰς
2099 820 2162 879 τὸ
2209 818 2404 900 ἕτερον
2451 816 2644 880 αὐτῶν
2693 818 3052 901 μεταβάλλῃ,
3099 821 3180 885 ὡς

672 922 733 991 ἐξ
798 920 1059 983 ἐναντιόυ
1123 920 1303 984 αὐτοῦ
1360 922 1709 1003 μεταβάλλει
1763 925 1848 1005 τῷ
1905 921 1972 983 ἐκ
2029 920 2245 983 τούτων
2303 920 2702 1004 μεταβάλλειν,
2768 919 2806 982 ἃ
2862 919 3000 982 ὅντα
3065 926 3178 983 τῶν
3209 936 3263 979 15

673 1024 881 1108 μεταξὺ
914 1024 1169 1087 ἐκώλυεν
1200 1023 1343 1085 αὐτὸ
1375 1023 1491 1106 ἤδη
1537 1022 1680 1085 εἶναι
1726 1023 1785 1085 ἐν
1831 1023 2018 1106 τούτῳ
2065 1023 2148 1091 εἰς
2193 1022 2225 1084 ὃ
2260 1024 2625 1107 μεταβάλλει.
2715 1024 2768 1085 εἰ
2795 1020 2912 1105 (δὲ)
2957 1026 3070 1085 πᾶν
3114 1024 3180 1084 τὸ

671 1127 1028 1209 μεταβάλλον
1072 1124 1157 1193 εἴς
1200 1149 1324 1188 τινα
1368 1124 1480 1193 ἕξιν
1526 1125 1593 1186 ἐκ
1639 1130 1743 1207 τῆς
1787 1126 2121 1209 στερήσεως
2165 1130 2269 1207 τῆς
2313 1124 2488 1193 ἕξεως
2531 1124 2757 1206 ἐκείνης
2811 1125 3177 1208 μεταβάλλει,

669 1228 918 1289 ἐναντίον
950 1229 1015 1291 δὲ
1046 1230 1084 1310 ἡ
1116 1227 1350 1311 τοιαύτη
1384 1227 1650 1310 στέρησις
1680 1232 1755 1309 τῇ
1802 1226 1937 1299 ἕξει,
1982 1227 2063 1295 εἰς
2109 1227 2179 1309 ἣν
2211 1228 2248 1310 ἢ
2285 1226 2600 1311 μεταβολή,
2647 1227 2742 1288 καὶ
2772 1228 2811 1310 ἡ
2847 1226 3178 1310 δικαιοσύνη
3205 1243 3263 1285 2⁰

568 1350 630 1396 10
672 1328 739 1392 ἂν
785 1332 878 1393 καὶ
926 1332 965 1413 ἡ
1012 1331 1205 1392 ἀδικία
1250 1329 1308 1397 ἐξ
1359 1329 1629 1391 ἐναντίων
1674 1330 1967 1411 γίγνοιντο.
2057 1329 2123 1392 ἐκ
2167 1329 2277 1412 γὰρ
2325 1334 2439 1391 τῶν
2471 1331 2831 1411 στερήσεων·
2879 1328 2945 1391 τό
2977 1353 3041 1392 τε
3071 1331 3178 1414 γὰρ

672 1433 887 1496 δίκαιον
934 1432 1228 1514 γινόμενον
1275 1432 1335 1493 ἐν
1382 1431 1652 1514 στερήσει
1696 1436 1795 1494 τοῦ
1828 1431 2076 1503 δικαίου,
2122 1434 2218 1494 καὶ
2248 1432 2314 1493 τὸ
2346 1429 2541 1494 ἄδικον
2573 1431 2791 1513 ὁμοίως
2819 1434 2922 1493 τοῦ
2953 1431 3175 1495 ἀδίκου.

670 1536 721 1597 εἰ
769 1537 871 1614 μὲν
918 1533 1017 1598 οὖν
1062 1536 1101 1617 ἡ
1150 1536 1280 1617 ὕλη,
1326 1534 1385 1602 ἐξ
1430 1534 1502 1617 ἧς
1546 1535 1829 1618 ἡκυρίως
1857 1534 2096 1615 γένεσις,
2142 1534 2290 1617 αὕτη
2337 1534 2401 1595 δέ
2447 1534 2598 1597 ἐστιν
2643 1534 2830 1615 ἡτῶν
2879 1532 2888 1619 1
2937 1534 3169 1611 οὐσιῶν,
3191 1542 3286 1599 312

668 1635 802 1700 καθ’
846 1638 1024 1720 αὑτὴν
1057 1637 1128 1721 ἦν
1177 1638 1489 1719 ὑφεστῶσα
1536 1636 1675 1699 ἄνευ
1722 1640 1822 1699 τοῦ
1869 1635 2014 1699 εἶναι
2060 1636 2162 1699 σὺν
2209 1634 2350 1698 εἴδει
2393 1636 2517 1707 τινί,
2565 1636 2766 1704 ἁπλῶς
2811 1635 2880 1699 ἂν
2910 1637 3178 1721 γινόμενα

668 1740 883 1822 κυρίως
928 1739 995 1801 ἐκ
1040 1744 1143 1821 τῆς
1189 1739 1330 1823 ὕλης
1374 1738 1445 1801 ἂν
1490 1738 1703 1821 ἐγίνετο
1749 1739 1845 1802 καὶ
1890 1740 1995 1819 τῆς
2039 1738 2388 1822 στερήσεως,
2437 1742 2539 1821 τῆς
2587 1738 2689 1819 μὲν
2737 1739 2876 1823 ὕλης
2921 1744 3004 1809 ὡς
3047 1740 3178 1803 ὑπο-

566 1862 627 1909 15
667 1841 932 1924 κειμένου
1003 1864 1065 1904 τε
1119 1842 1215 1903 καὶ
1270 1840 1674 1923 ὑπομένοντος,
1730 1840 1798 1903 ἐκ
1860 1841 1923 1902 δὲ
1976 1844 2080 1921 τῆς
2134 1841 2464 1924 στερήσεως
2519 1844 2602 1909 ὡς
2655 1840 2909 1904 ἐναντίου
2965 1866 3028 1905 τε
3082 1844 3175 1905 καὶ
3228 1860 3258 1901 5

668 1946 748 2028 μὴ
818 1942 1227 2024 ὑπομένοντος·
1298 1942 1425 2005 ἐπεὶ
1485 1943 1549 2005 δὲ
1603 1942 1880 2004 ἀδύνατον
1935 1940 2082 2003 εἶναι
2134 1944 2239 2024 τὴν
2299 1942 2442 2025 ὕλην
2505 1942 2565 2005 ἐν
2630 1944 2942 2006 ὑποστάσει
2995 1945 3178 2028 χωρὶς

664 2045 856 2115 εἴδους
902 2046 1053 2113 τινός
1097 2043 1194 2126 (οὐ
1240 2044 1349 2128 γὰρ
1394 2042 1514 2107 οἶόν
1560 2068 1623 2107 τε
1669 2044 1811 2126 ὕλην
1858 2044 1982 2107 τινὰ
2028 2045 2213 2129 χωρὶς
2256 2042 2445 2113 εἴδους
2490 2043 2640 2108 εἶναι’
2688 2067 2872 2113 τινος·
2930 2051 3016 2129 τῷ
3068 2045 3174 2129 γὰρ

664 2148 821 2231 λύγῳ
868 2146 1130 2231 χωριστὴ
1177 2150 1292 2208 τῶν
1339 2148 1509 2209 εἰδῶν
1556 2146 1651 2209 καὶ
1696 2149 1782 2229 τῷ
1810 2146 1970 2229 παρὰ
2017 2146 2189 2229 μέρος
2236 2146 2519 2231 δέχεσθαι
2563 2146 2635 2208 τὰ
2679 2146 2928 2221 ἐναντία,
2975 2147 3101 2210 ἐπεὶ
3130 2148 3170 2231 ἥ
3201 2163 3258 2205 ιο

668 2274 735 2331 γε
780 2248 1093 2317 ὑπόστασις
1138 2248 1320 2330 αὐτῆς
1364 2248 1457 2309 ἀεὶ
1506 2248 1655 2329 μετά
1698 2270 1849 2316 τινος
1894 2247 2132 2320 τούτων,
2179 2248 2260 2315 εἰς
2305 2247 2342 2309 ἃ
2390 2248 2741 2331 μεταβάλλει
2791 2250 2947 2331 παρὰ
2981 2248 3172 2330 μέρος,

555 2374 623 2419 20
660 2351 794 2416 ὅταν
842 2350 925 2419 εἴς
954 2376 1007 2414 τι
1036 2350 1191 2418 εἶδος
1223 2350 1609 2434 μεταβάλλῃ),
1665 2342 1840 2434 δῆλον
1876 2351 1979 2433 μὲν
2011 2349 2100 2413 ὅτι
2135 2350 2196 2411 ἐν
2229 2352 2496 2433 στερήσει
2529 2350 2677 2414 οὖσα
2707 2351 2884 2414 αὐτοῦ
2917 2351 2998 2419 εἰς
3027 2350 3169 2414 αὐτὸ

666 2456 1030 2540 μεταβάλλει,
1084 2454 1209 2516 ἐπεὶ
1262 2454 1327 2515 δὲ
1383 2455 1421 2535 ἡ
1480 2450 1625 2516 οὖσα
1680 2454 1738 2514 ἐν
1796 2454 2066 2537 στερήσει
2121 2453 2347 2526 τούτου,
2404 2454 2485 2521 εἰς
2541 2452 2573 2515 ὃ
2636 2454 3004 2539 μεταβάλλει,
3061 2450 3162 2515 ἀπ’
3202 2468 3256 2511 15

660 2556 838 2621 ἄλλου
882 2578 1032 2623 τινος
1086 2553 1275 2623 εἴδους
1320 2554 1461 2627 ἐστί,
1516 2553 1783 2638 δηλονότι
1829 2554 2016 2639 τούτῳ
2063 2556 2144 2621 εἰς
2199 2553 2230 2615 ὃ
2287 2554 2654 2639 μεταβάλλει,
2710 2555 2961 2618 ἐναντίον
3017 2553 3171 2622 εἶδος

661 2658 807 2743 ἔχει,
854 2655 988 2721 καθ’
1029 2656 1061 2719 ὃ
1101 2658 1196 2719 καὶ
1226 2656 1388 2739 αὐτῷ
1426 2657 1465 2738 ἡ
1514 2657 1807 2739 μεταβολὴ
1857 2656 2002 2739 αὕτη
2049 2656 2279 2737 γίνεται.
2349 2656 2408 2718 ἐν
2441 2652 2494 2741 ᾦ
2529 2656 2637 2739 γὰρ
2669 2656 2948 2720 ἀδύνατον
2982 2656 3171 2739 με’νειν

662 2762 1158 2845 μεταβάλλουσαν,
1204 2760 1287 2827 εἰς
1333 2756 1364 2820 ὃ
1421 2758 1791 2842 μεταβάλλει,
1851 2758 1998 2821 κατὰ
2051 2762 2220 2819 τοῦτο
2277 2759 2624 2843 μεταβάλλει
2678 2782 2740 2822 τε
2794 2760 2890 2822 καὶ
2945 2760 3172 2843 ἀμείβει

556 2884 621 2932 25
660 2865 727 2925 τὸ
774 2862 942 2931 εἶδος.
1033 2865 1268 2924 τοιαῦτα
1314 2861 1379 2922 δὲ
1424 2860 1495 2922 τὰ
1540 2859 1769 2923 ἐναντία
1814 2858 1966 2943 εἴδη,
2023 2857 2114 2943 ἐφ’
2172 2854 2268 2928 οἷς
2311 2858 2434 2923 ἔστι
2489 2884 2554 2923 τε
2609 2862 2704 2923 καὶ
2749 2860 2894 2924 εἶναι
2937 2862 3170 2924 δύναται
3196 2876 3253 2919 ιιο

660 2968 725 3029 τὸ
772 2964 834 3027 ὅν
878 2987 1046 3027 τινων
1094 2964 1153 3027 ἐν
1199 2964 1487 3046 στερήσει,
1534 2964 1630 3026 καὶ
1677 2964 1773 3025 διὰ
1818 2966 1987 3026 τοῦτο
2032 2962 2484 3046 προηγουμένως
2539 2963 2642 3045 μὲν
2698 2961 2765 3026 ἐκ
2824 2968 2927 3046 τῆς
2971 2964 3168 3046 στερή-

662 3090 814 3135 σεως
860 3067 955 3129 καὶ
1002 3071 1106 3149 τῆς
1152 3068 1231 3134 ὡς
1277 3067 1608 3148 στερήσεως
1647 3064 2040 3133 ἐναντιώσεως
2083 3066 2369 3149 ἡκυρίως
2406 3065 2643 3147 γένεσις,
2689 3064 2804 3149 ἤδη
2851 3066 2914 3129 δὲ
2962 3066 3056 3129 καὶ
3101 3065 3170 3128 ἐκ

664 3176 781 3233 τῶν
828 3170 1098 3232 ἐναντίων
1145 3169 1337 3241 εἰδῶν,
1396 3164 1489 3252 ἐφ’
1548 3167 1634 3236 οἷς
1678 3164 1825 3230 οὖσα
1869 3170 1980 3251 πρὸ
2026 3172 2129 3250 τῆς
2173 3169 2256 3235 εἰς
2301 3166 2370 3230 τὰ
2415 3167 2642 3231 ἐναντία
2686 3167 2881 3237 αὐτοῖς
2936 3168 3254 3252 μεταβο-εὸ

659 3275 767 3357 λῆς
830 3271 898 3334 οὐ
951 3270 1186 3334 δύναται
1240 3272 1321 3353 μὴ
1379 3271 1822 3353 μεταβάλλουσα
1877 3270 1938 3339 ἐξ
1985 3270 1992 3347 Ι
2042 3269 2233 3333 αὐτῶν
2290 3270 2666 3355 μεταβάλλειν
2721 3270 2802 3339 εἰς
2853 3272 2918 3332 τὸ
2970 3269 3144 3347 εἶδος,
3179 3277 3273 3333 313

560 3588 581 3637 1
620 3586 679 3655 ἦ]
728 3586 759 3655 ἢ
798 3588 887 3651 Sp.
1136 3586 1168 3653 ἢ
1206 3584 1346 3637 Β’-”Ν;
1404 3586 1489 3637 καὶ
1530 3590 1609 3637 Va
1646 3588 1763 3652 Sp.:
1818 3582 1852 3654 ἡ
1903 3585 1990 3636 καὶ
2025 3586 2066 3635 F·
2313 3583 2346 3636 3
2383 3584 2460 3653 τῷ
2495 3584 2704 3653 scripsi:
2763 3590 2868 3636 τῶν
2905 3584 3026 3639 libri

551 3676 585 3725 4
621 3671 705 3740 τὰ]
753 3676 842 3724 τοῦ
879 3674 1045 3725 vict.:
1104 3688 1205 3725 om.
1244 3673 1287 3724 N
1572 3673 1620 3723 4.
1659 3673 1690 3725 5
1746 3671 2164 3745 ἔχειν-τούτων
2203 3670 2419 3736 (τούτῶν
2457 3672 2551 3739 V)]
2601 3672 2704 3724 οἷον
2753 3672 2972 3724 ἐναντίον
3019 3672 3121 3724 ἐστὶ
3165 3678 3272 3724 τῶν

552 3758 625 3811 ὧν
672 3758 775 3810 ἐστι
828 3758 1013 3826 μεταξύ
1059 3756 1245 3811 S2B²a
1282 3761 1399 3825 Sp„
1450 3760 1541 3811 sed
1590 3762 1891 3827 praemissis
1937 3760 2108 3811 verbis
2154 3757 2373 3811 λείπεται
2421 3758 2556 3828 ῥῆμα
2613 3758 2770 3811 λείπει
2817 3759 2886 3826 (Ρ)
2934 3758 2966 3828 ἧ
3015 3776 3062 3812 τι
3107 3766 3275 3813 τοιοῦ-

550 3864 638 3897 τον
676 3844 746 3897 13⁶¹
1016 3843 1047 3895 6
1085 3845 1117 3896 ἃ
1154 3843 1275 3897 ὄντα
1314 3850 1405 3898 VB
1446 3848 1584 3898 Vict.
1622 3850 1738 3913 Sp.:
1792 3846 1980 3916 ἠδόντα
2019 3848 2156 3899 FG12
2215 3846 2383 3898 ἰδόντα
2419 3848 2510 3899 Sa:
2557 3846 2633 3897 ἀεὶ
2679 3844 2798 3897 ὄντα
2837 3848 2910 3897 N:
2962 3844 2995 3915 ἢ
3035 3846 3078 3899 εἰ
3125 3845 3268 3899 οὐδὲν

549 3933 613 3984 τὰ
652 3933 722 3986 <3¹
759 3936 810 3985 et
847 3934 907 3985 S¹
956 3934 1011 3983 in
1060 3948 1159 4001 mg.
1394 3939 1500 3985 τῶν
1548 3951 1580 3985 a
1615 3936 1731 4000 Sp.:
1787 3936 1869 4003 τῷ
1913 3934 2034 3985 libri
2271 3933 2302 3985 7
2351 3932 2394 3985 εἰ
2439 3932 2492 3985 δὲ
2539 3940 2638 3985 πᾶν
2674 3930 2862 3985 S²B²a
2907 3936 3021 3999 Sp.:
3079 3934 3120 3985 εί
3169 3939 3270 3985 πᾶν

552 4020 692 4071 VB¹:
732 4019 809 4089 εἴη
858 4019 915 4071 ἂν
953 4021 1085 4072 S¹F=
1136 4020 1168 4087 ἢ
1218 4020 1260 4072 εἰ
1296 4026 1393 4071 πᾶν
1435 4024 1483 4072 Ν
1670 4023 1700 4074 9
1739 4021 1887 4089 altnb)
1927 4034 2026 4071 om.
2066 4038 2096 4072 a
2133 4024 2221 4087 Sp.
2422 4019 2486 4072 10
2523 4020 2738 4089 γίγνοιτο
2778 4038 2810 4071 a
2844 4021 2932 4085 Sp.
3119 4021 3176 4072 ll
3218 4021 3272 4072 ἐν

548 4110 615 4177 τῇ
652 4110 700 4159 N
911 4106 991 4175 ἦν,
1039 4108 1126 4158 καὶ
1171 4124 1203 4159 a
1238 4109 1327 4174 Sp.
1546 4108 1608 4159 13
1657 4104 1781 4159 καθ’
1822 4107 1980 4176 αὑτὴν
2017 4106 2087 4157 13²
2122 4109 2236 4173 Sp.:
2296 4102 2418 4159 κατ’
2457 4106 2615 4176 αὐτὴν
2661 4108 2784 4160 libri
3017 4107 3101 4158 σὺν
3150 4106 3272 4159 εἴδει

550 4192 692 4246 S²Ba
736 4196 851 4260 Sp.:
909 4191 1115 4245 συνείδει
1153 4197 1217 4244 V:
1274 4194 1327 4245 ἐν
1374 4194 1493 4247 εἴδει
1530 4196 1643 4247 8¹1⁴*
1891 4212 1987 4245 τινι
2035 4193 2099 4244 τὰ
2136 4210 2168 4244 ει
2204 4195 2295 4259 Sp.
2505 4192 2683 4251 ἁπλῶς
2718 4194 2782 4246 τὰ
2819 4198 2867 4247 N
3063 4194 3124 4245 14
3181 4194 3271 4246 καὶ

550 4280 609 4332 ἐκ
646 4284 737 4351 τῆς
774 4298 846 4333 στ.
887 4299 918 4333 a
954 4282 1043 4347 Sp.
1282 4280 1343 4332 15
1397 4281 1455 4333 ἐκ
1499 4282 1553 4333 δὲ
1599 4280 1712 4350 τῆς]
1764 4285 1855 4349 τῆς
1893 4278 1944 4331 δὲ
1981 4278 2148 4332 S²B²a
2185 4280 2273 4345 Sp.
2494 4280 2572 4331 15.
2617 4280 2678 4331 16
2732 4297 2788 4332 τε
2833 4281 2919 4332 καὶ
2966 4280 3036 4349 μὴ
3085 4280 3272 4349 ὑπομέ-

549 4385 722 4425 νοντος
760 4370 989 4421 VFS¹N:
1044 4373 1112 4439 τῇ
1149 4367 1245 4427 ἕξει
1286 4369 1361 4437 ,εἰς
1406 4367 1469 4437 ἢν
1516 4368 1547 4439 ἠ
1588 4367 1841 4437 μεταβολή
1890 4366 2056 4419 S²B²a
2091 4368 2182 4432 Sp.
2397 4365 2459 4417 ἐκ
2503 4364 2557 4417 δὲ
2583 4396 2642 4405 -
2669 4366 3002 4433 ὑπομένοντος
3053 4382 3153 4419 om.
3200 4368 3268 4419 Β1

551 4454 643 4520 (13²
680 4456 888 4521 supplet
943 4456 1232 4520 lectionem,
1281 4472 1435 4523 quam
1483 4456 1732 4507 exhibent
1769 4454 1896 4520 8⁹³)
2097 4442 2100 4447 ¹
2159 4452 2220 4505 16
2275 4454 2412 4505 εἶντα
2447 4471 2479 4504 a
2729 4454 2790 4504 17
2838 4453 3122 4511 οὐ-τῑνος
3169 4470 3270 4507 om·

550 4543 665 4593 SFa
878 4540 1064 4595 οἴονται
1101 4547 1149 4593 V
1371 4542 1431 4594 18
1486 4542 1712 4615 χωριστὴ
1756 4543 1846 4592 VB
1894 4543 2008 4607 Sp.2
2062 4543 2222 4613 χωρὶς
2268 4545 2359 4611 τῆς
2393 4542 2530 4592 SFa:
2589 4542 2812 4611 χωριστὰ
2850 4544 2987 4593 vict.

549 4626 647 4695 τῷ]
686 4628 744 4679 τὸ
782 4630 921 4681 Vict.
1138 4629 1207 4681 20
1244 4627 1559 4698 μεταβάλλῃ]
1596 4648 1629 4698 ῃ
1670 4630 1724 4680 in
1763 4628 1839 4679 lit.
1871 4631 1915 4678 V
2128 4627 2215 4680 ⁶21.
2252 4626 2318 4679 22
2357 4623 2517 4679 ἀπ’-
2536 4626 2717 4694 εἴδους]
2755 4630 2807 4680 ἐν
2845 4628 2983 4698 ἄλλῳ
3021 4630 3114 4680 τινὶ
3153 4628 3270 4682 εἴδει

549 4714 715 4766 B²s²a
751 4718 840 4781 Sp.
1018 4714 1044 4768 ὁ
1083 4719 1130 4767 V
1312 4716 1377 4768 23
1416 4714 1542 4786 αὕτη
1575 4720 1636 4767 V:
1674 4714 1798 4784 αὐτὴ
1839 4732 1871 4766 a
1908 4716 1996 4780 Sp.
2177 4714 2242 4767 24
2280 4714 2664 4784 μεταβάλλουσα
2703 4734 2732 4767 a
2770 4718 2859 4782 Sp.
3050 4714 3268 4784 ἀμείβει]

551 4800 627 4869 βει
663 4817 704 4853 s.
732 4818 779 4853 v,
806 4805 855 4852 V
1071 4800 1138 4853 ⁶25
1175 4802 1262 4867 τὰ]
1298 4802 1362 4854 τὰ
1398 4820 1459 4853 τα
1487 4807 1537 4854 V
