3684 5567
1409 253 1694 311 ΒΙΒΛΙΟΝ
1734 252 2013 313 ΠΡΩΤΟΝ
2048 258 2185 312 2-3
3116 265 3152 328 7

548 431 660 512 πῦρ
715 428 920 512 ὁρατόν
967 453 1029 491 τε
1093 433 1168 511 τῇ
1213 430 1392 492 αὑτοῦ
1437 429 1606 513 φύσει
1659 431 1756 494 καὶ
1811 431 1996 501 οὕτως
2060 433 2330 517 διαφανὲς
2388 438 2468 502 ὡς
2518 439 2792 519 προεῖπον
2837 435 3046 518 (τοιοῦ-
3074 453 3129 494 25

549 530 642 594 τόν
699 531 882 606 ἐστιν,
951 536 1034 602 ὡς
1085 533 1182 596 καὶ
1235 533 1500 618 φωτίζειν
1554 533 1834 598 δύνασθαι
1890 535 1987 597 τὸν
2042 535 2187 619 ἀέρα
2242 539 2340 599 καὶ
2395 537 2671 622 παρέχειν
2726 538 2888 623 αὐτῷ
2942 540 3044 623 τὴν

548 634 698 698 καθό
755 636 876 698 ἐστι
927 637 1287 719 τελειότητα·
1351 637 1418 699 τὸ
1471 637 1578 720 γὰρ
1633 642 1761 721 φῶς
1816 637 2149 722 ἐντελέχεια
2202 641 2299 702 καὶ
2356 639 2505 709 εἶδος
2558 639 2564 724 Ι
2614 645 2715 704 τοῦ
2770 642 3042 725 ἀορίστου
3090 649 3148 707 19

551 736 928 823 διαφανοῦςῄ
965 738 1288 823 διαφανές),
1333 742 1541 824 ἥκιστα
1585 741 1650 802 δὲ
1693 745 1950 805 τοιοῦτον
1996 744 2035 824 ἢ
2067 747 2162 826 γῆ.
2233 749 2305 825 τῇ
2356 745 2419 806 δὲ
2463 744 2680 806 τούτων
2728 748 2864 826 ποιᾷ
2901 744 3044 824 μίξει

475 861 506 909 5
547 843 687 925 πρὸς
731 839 958 926 ἄλληλα
1000 843 1098 928 καὶ
1143 847 1216 924 τῇ
1265 847 1380 904 τῶν
1425 843 1798 927 γεννωμένων
1854 844 1921 907 ἐκ
1966 851 2071 928 τῆς
2114 845 2332 908 τούτων
2391 847 2597 928 μίξεως
2642 849 2679 930 ἡ
2726 852 2841 910 τῶν
2888 869 3040 931 χρω·
3106 898 3109 901 .

545 946 739 1027 μάτων
785 949 902 1008 τῶν
946 945 1102 1027 παρὰ
1147 945 1217 1007 τὰ
1261 950 1464 1029 πρῶτα
1514 947 1747 1030 (πρῶτα
1801 945 1854 1010 δ’
1910 947 2064 1011 ἐστὶν
2122 949 2180 1010 ἐν
2228 954 2345 1017 τοῖς
2390 950 2595 1018 ἁπλοῖς
2649 951 2744 1012 καὶ
2789 953 3041 1033 πρώτοις
3094 965 3123 1008 5

544 1047 836 1130 σώμασιν)
889 1048 1106 1130 γένεσίς
1150 1073 1210 1112 τε
1254 1051 1347 1112 καὶ
1394 1052 1660 1134 διαφορά.
1751 1054 1834 1120 ὡς
1878 1051 1985 1135 γὰρ
2033 1052 2127 1113 ἐπὶ
2182 1057 2287 1136 τῆς
2331 1053 2520 1136 ὀσμῆς
2572 1051 2643 1114 τὰ
2690 1053 2792 1135 μὲν
2838 1053 2899 1115 ἐν
2944 1054 3040 1115 αὑ·

544 1156 662 1220 τοῖς
711 1153 816 1234 τὴν
870 1153 1058 1235 ὀσμὴν
1111 1149 1265 1236 ἔχει,
1329 1151 1440 1216 ὅσα
1493 1154 1761 1238 τοιαύτην
1821 1152 1951 1239 ἔχει
2004 1155 2108 1238 τὴν
2163 1155 2379 1237 γένεσιν
2434 1155 2529 1218 καὶ
2583 1155 2687 1239 τὴν
2745 1155 3038 1230 σύστασιν,

543 1254 741 1317 ὁποίαν
785 1255 975 1336 φαμὲν
1021 1253 1164 1317 εἶναι
1209 1257 1313 1338 τὴν
1345 1256 1534 1339 ὀσμῆς
1577 1260 1934 1341 γεννητικήν,
1981 1258 2046 1320 τὸ
2092 1257 2156 1320 δέ
2204 1257 2265 1320 τί
2288 1259 2439 1320 ἐστιν
2487 1256 2707 1341 ἄοσμον
2756 1258 2859 1341 μὲν
2892 1257 3026 1322 καθ’
3067 1275 3120 1317 ιο

441 1378 502 1424 10
537 1357 700 1432 αὑτό,
767 1358 1026 1421 δεκτικὸν
1088 1356 1280 1441 μέντοι
1340 1359 1436 1422 καὶ
1498 1361 1804 1442 μηνυτικὸν
1851 1365 1964 1422 τῶν
2012 1361 2211 1443 ὀσμῶν
2257 1365 2372 1423 τῶν
2419 1360 2479 1422 ἐν
2530 1360 2726 1429 ἄλλοις
2771 1359 3037 1444 (δίοσμον

541 1459 859 1542 καλεῖται),
922 1461 1105 1529 οὕτως
1158 1462 1254 1525 καὶ
1308 1467 1524 1546 χρῶμα
1579 1465 1682 1546 μὲν
1735 1461 1862 1548 ἔχει
1918 1463 1987 1526 τὰ
2042 1463 2337 1547 ὡρισμένα
2392 1465 2640 1548 διαφανῆ
2698 1465 2873 1548 (αὕτη
2929 1465 3037 1548 γὰρ

537 1565 706 1649 φύσις
749 1564 1121 1648 χρώματος),
1177 1566 1435 1627 δεκτικὸν
1480 1563 1532 1628 δ’
1589 1567 1710 1629 ἐστὶ
1757 1569 1855 1630 καὶ
1902 1569 2162 1630 διάκονον
2208 1571 2521 1653 χρώματος
2564 1569 2629 1630 τὸ
2676 1568 2896 1653 ἄχρουν
2941 1569 3036 1630 καὶ

535 1667 680 1730 κατὰ
725 1668 828 1750 τὴν
883 1669 1060 1731 αὑτοῦ
1107 1668 1305 1752 φύσιν,
1361 1667 1504 1751 ὅπερ
1550 1669 1671 1732 ἐστὶ
1726 1671 1790 1733 τὸ
1848 1669 2114 1754 ἀόριστον
2173 1671 2461 1755 διαφανές.
2554 1675 2635 1740 ὡς
2678 1670 2777 1734 οὖν
2823 1673 3035 1756 ἐρωτη·
3065 1688 3117 1730 15

537 1769 760 1848 θέντες,
815 1771 872 1834 τί
911 1770 1042 1834 ποτ’
1099 1772 1250 1834 ἐστὶν
1297 1771 1627 1856 ἐπιφάνεια,
1682 1773 1925 1856 λέγομεν
1980 1779 2217 1858 στερεοῦ
2264 1775 2469 1857 πέρας,
2526 1775 2711 1844 οὕτως
2764 1776 2859 1839 καὶ
2904 1777 3034 1859 περὶ

437 1892 495 1941 15
533 1876 848 1958 χρώματος
893 1873 1262 1957 ἐρωτώμενοι
1306 1875 1364 1937 τί
1402 1873 1531 1937 πότ’
1573 1875 1746 1953 ἐστιν,
1793 1876 2051 1960 εὐλόγως
2098 1877 2165 1940 ἄν
2195 1879 2459 1958 λέγοιμεν
2507 1877 2647 1940 αὐτὸ
2694 1877 2871 1962 πέρας
2917 1881 3032 1942 δια·

534 1981 748 2060 φανοῦς
779 1976 1124 2061 ὡρισμένου,
1172 1978 1296 2040 ἐπεὶ
1343 1976 1407 2040 δν
1438 1977 1606 2061 λόγον
1651 1977 1779 2064 ἔχει
1820 1979 2128 2064 ἐπιφάνεια
2173 1983 2316 2064 πρὸς
2360 1982 2424 2044 τὸ
2473 1981 2789 2065 ὡρισμένον
2838 1987 3030 2063 σῶμα,
3059 1997 3116 2039 ιιι)

535 2083 733 2142 τοῦτον
780 2077 906 2165 ἔχει
951 2081 1046 2142 τὸν
1092 2078 1262 2162 λόγον
1306 2087 1523 2166 χρῶμα
1567 2083 1710 2166 πρὸς
1754 2084 1818 2146 τὸ
1867 2085 2135 2168 διαφανὲς
2182 2086 2247 2146 τὸ
2296 2084 2635 2167 ὡρισμένον.

691 2168 998 2266 [Ἄμεινον
1043 2182 1310 2246 τέτακται
1353 2187 1521 2246 τοῦτο
1577 2185 1641 2247 τὸ
1687 2184 2001 2270 πρόβλημα
2047 2187 2107 2248 ἐν
2152 2191 2238 2270 τῷ
2286 2186 2729 2272 ἐπιγραφομένῳ
2766 2184 3030 2257 ιΛέξεών

530 2307 696 2346 τινων
743 2285 808 2348 ἐκ
852 2289 952 2348 τοῦ
989 2285 1130 2370 Περὶ
1174 2286 1508 2370 αἰσθήσεως
1553 2288 1648 2350 καὶ
1693 2289 1979 2372 αίσῦητοῡ
2026 2288 2295 2373 ἐξήγησις
2342 2292 2433 2353 καὶ
2479 2289 2857 2375 ἐπιδρομή’.]
3056 2307 3110 2350 25

423 2547 491 2594 20
1226 2528 1338 2593 III.
1431 2527 1649 2593 Τίνων
1696 2531 1872 2593 εἰσὶν
1918 2532 1980 2593 οἱ
2029 2532 2329 2616 ὁρισμοί.

697 2697 772 2764 Οἱ
817 2703 1043 2783 ὁρισμοὶ
1087 2708 1202 2764 τῶν
1257 2707 1359 2784 μὲν
1391 2701 1726 2764 καθέκαστα
1772 2702 1878 2765 οὐκ
1924 2703 2083 2779 εἰσίν,
2130 2702 2215 2764 ὅτι
2266 2699 2273 2788 1
2321 2708 2501 2767 ταῦτα
2548 2703 2693 2786 μετὰ
2742 2706 3027 2790 συμβεβη·
3064 2713 3135 2769 20

525 2802 708 2865 κότων
765 2810 932 2866 τινῶν
986 2805 1052 2868 τὸ
1107 2803 1250 2867 εἶναι
1295 2810 1530 2867 τοιαῦτα
1583 2803 1708 2890 ἔχει
1764 2807 1859 2868 καὶ
1906 2805 2010 2867 οὐκ
2070 2807 2163 2869 ἀεὶ
2214 2813 2329 2869 τῶν
2375 2806 2596 2880 αὐτῶν,
2660 2807 2808 2870 ἀλλὰ
2862 2831 3031 2890 μετα-

526 2905 874 2981 πιπτόντων,
932 2909 1025 2970 καὶ
1080 2907 1418 2991 αἰσθήσεων
1475 2911 1723 2990 μᾶλλον,
1789 2908 1826 2990 ἢ·
1874 2907 2050 2992 λόγου
2108 2911 2473 2992 δηλώσοντος
2532 2909 2679 2972 αὐτὰ
2732 2910 3023 2994 δεομένων

523 3006 670 3090 (ἀλλ’
727 3009 862 3072 οὐδὲ
906 3014 1099 3073 κοινοῦ
1143 3033 1294 3079 τινος
1337 3013 1452 3072 τῶν
1500 3011 1835 3074 καθέκαστα
1868 3012 2310 3096 κεχωρισμένου
2357 3015 2451 3076 καὶ
2500 3011 2661 3083 ὄντος
2705 3014 3023 3096 ἀσωμάτου
3078 3031 3106 3072 5

416 3131 481 3180 25
521 3114 669 3181 τινὸς
721 3113 952 3198 φύσεως
1005 3115 1100 3176 καὶ
1155 3115 1370 3176 ἀιδίου·
1436 3119 1564 3182 πῶς
1605 3115 1713 3198 γὰρ
1770 3115 1840 3177 ἂν
1899 3115 1989 3198 εἴη
2044 3117 2247 3178 δίπουν
2309 3116 2622 3200 ἀσώματόν
2678 3140 2760 3194 τι,
2812 3118 2851 3201 ἢ
2898 3123 3025 3186 πῶς

519 3217 731 3300 θνητὸν
778 3217 990 3297 οἱίδιον;
1044 3217 1285 3300 λέγομεν
1333 3217 1397 3280 δὲ
1442 3217 1766 3302 ὁριζόμενοι
1811 3219 1908 3281 τὸν
1958 3218 2267 3302 ἄνθρωπον
2315 3221 2453 3282 ποτὲ
2499 3219 2601 3302 μὲν
2649 3225 2800 3304 ζῷον
2846 3222 3022 3292 πεζὸν

523 3319 753 3393 δίπουν,
807 3321 948 3382 ποτὲ
993 3323 1056 3382 δὲ
1102 3324 1252 3405 ζῷον
1296 3321 1524 3402 λογικὸν
1571 3320 1844 3404 θνητόν),
1898 3320 2019 3384 ἀλλ’
2074 3323 2216 3386 εἰσὶν
2263 3324 2317 3385 οἱ
2364 3324 2593 3407 ὁρισμοὶ
2637 3330 2753 3386 τῶν
2800 3325 2859 3388 ἐν
2902 3331 3021 3396 τοῖς
3050 3343 3104 3384 ιο

523 3423 856 3486 καῦέκαστα
901 3428 1138 3499 κοινῶν,
1193 3424 1231 3507 ἢ
1285 3428 1401 3486 τῶν
1457 3425 1792 3488 καθέκαστα
1850 3425 1997 3488 κατὰ
2048 3425 2121 3488 τὰ
2175 3425 2234 3488 ἐν
2291 3426 2487 3496 αὐτοῖς
2541 3429 2719 3490 κοινοί.
2810 3429 2869 3491 ἐν
2912 3428 3021 3512 γὰρ

516 3531 637 3594 τοῖς
679 3525 1010 3590 καῦέκαστα
1053 3526 1126 3589 τὰ
1173 3526 1275 3609 μέν
1322 3526 1475 3591 ἐστιν
1532 3527 1647 3591 ἴδια
1695 3528 1790 3590 καὶ
1847 3527 2181 3592 καῦέκαστοί
2226 3529 2433 3612 [ἐστι],
2495 3530 2563 3594 τὰ
2608 3532 2673 3594 δὲ
2717 3530 2881 3595 κοινὰ
2926 3533 3020 3595 καὶ

411 3649 480 3696 30
517 3629 660 3713 πρὸς
703 3627 958 3712 ἄλληλα,
1013 3626 1104 3714 <ἃ>
1149 3629 1209 3692 ἐν
1254 3634 1456 3705 πᾶσιν,
1514 3631 1599 3698 οἷς
1647 3629 1713 3692 ἂν
1768 3628 1809 3714 ᾖ
1860 3633 2023 3694 κοινοί
2075 3655 2139 3693 τε
2195 3629 2329 3694 ὄντα
2384 3634 2481 3695 καὶ
2535 3633 2823 3718 ἀδιάφορα
2870 3633 3019 3720 [καὶ]

518 3731 665 3794 κατὰ
709 3734 814 3814 τὴν
859 3732 1052 3796 αὑτῶν
1097 3732 1297 3817 φύσιν,
1355 3737 1455 3796 τοῦ
1504 3734 1707 3815 ὁμοίας
1750 3757 1812 3796 τε
1858 3737 1953 3797 καὶ
1997 3741 2103 3819 τῆς
2146 3735 2327 3819 αὐτῆς
2372 3737 2602 3819 φύσεως
2648 3737 2792 3800 εἶναι
2836 3741 3021 3805 πάντα
3048 3757 3101 3799 15

517 3835 588 3897 τὰ
632 3831 844 3920 ἔχοντα
888 3835 1035 3900 αὐτά
1087 3837 1241 3899 ἐστιν
1296 3836 1466 3900 αἴτια.
1557 3839 1622 3900 τὸ
1668 3838 1774 3922 γὰρ
1820 3841 1972 3922 ζῷον
2026 3839 2254 3920 λογικὸν
2313 3838 2553 3923 θνητόν,
2614 3841 2669 3902 εἰ
2721 3841 2825 3924 μὲν
2877 3846 3016 3926 λαμ-

407 4075 438 4126 2
476 4071 527 4127 δ’
567 4075 695 4128 ἐστίν
731 4076 802 4128 13²
978 4077 1207 4148 παρέχειν
1243 4077 1456 4132 FGB²S
1495 4081 1644 4146 (corr.
1686 4097 1748 4131 ex
1789 4079 2019 4151 πάσχειν)
2058 4097 2087 4130 a
2126 4079 2243 4147 Sp.:
2298 4081 2502 4152 παρέχει
2539 4081 2657 4134 vB¹
2835 4080 2868 4134 3
2905 4083 3121 4138 fortasse

404 4165 508 4216 ἐστι
543 4163 818 4234 (διαφανὲς)
982 4166 1016 4217 4
1051 4162 1084 4236 ᾗ
1123 4181 1249 4217 corr.
1277 4183 1341 4218 ex
1377 4163 1412 4236 ᾖ
1441 4171 1486 4218 V
1653 4171 1781 4236 ποιῷ
1821 4185 1853 4219 a
2029 4168 2344 4237 ποιᾷ-τῶν
2381 4185 2480 4220 om.
2518 4171 2555 4222 S
2723 4169 2755 4221 5
2778 4169 2878 4221 ο’καὶ
2914 4173 2981 4241 τῇ
3016 4178 3121 4223 τῶν

405 4253 730 4321 γεννωμένων
761 4256 928 4306 VLG:
967 4254 1053 4304 καὶ
1089 4252 1138 4304 τί
1173 4259 1278 4305 τῶν
1315 4255 1644 4323 γεννωμένων
1673 4259 1737 4307 F:
1777 4255 1863 4306 καὶ
1896 4258 1963 4326 τῇ
1999 4262 2102 4307 τῶν
2140 4255 2409 4323 γινομένων
2448 4260 2492 4308 Β
2520 4257 2682 4309 Vict.:
2721 4256 2808 4309 καί
2842 4275 2889 4308 τι
2924 4257 3120 4311 τούτων

406 4341 680 4408 γινομένων
717 4340 824 4393 S²a
861 4341 1213 4410 (γεννωμένων
1252 4344 1464 4410 punctis
1501 4349 1734 4395 notatum
1775 4343 1857 4408 8¹)
2058 4344 2087 4394 7
2128 4343 2303 4396 αὐτοῖσ
2339 4347 2387 4394 V
2590 4343 2621 4395 9
2660 4343 2833 4397 ὁποίαν
2880 4361 3006 4398 corr.
3054 4363 3117 4400 ex

405 4429 582 4482 ὁποίαν
621 4433 684 4480 V:
723 4429 870 4482 ὁποία
906 4447 937 4481 a
1123 4428 1282 4500 ὀσμῆς
1311 4429 1382 4482 V²
1411 4431 1544 4482 vict.
1580 4431 1666 4498 Sp.
1702 4435 1775 4483 B:
1813 4430 1972 4502 ὀσμὴν
2019 4433 2289 4486 V¹FGLa:
2328 4431 2487 4502 ὁρμὴν
2512 4435 2548 4486 S
2727 4434 2990 4504 γενητικὴν
3017 4454 3049 4486 a

411 4517 472 4569 10
527 4515 726 4585 διὀσμον
775 4521 891 4569 VFz
948 4517 1021 4570 διὸ
1068 4518 1255 4586 ἄοσμον
1301 4519 1374 4569 V¹
1422 4520 1537 4589 (γρ.)
1585 4523 1797 4573 GLBSa
1842 4520 1957 4587 Sp.:
2011 4521 2229 4572 fortasse
2273 4519 2347 4572 διὸ
2392 4519 2593 4586 δίοσμον
2778 4521 2840 4573 12
2894 4523 3109 4574 alterum

403 4603 489 4655 καὶ
527 4620 624 4656 om.
664 4623 695 4656 a
730 4605 818 4672 Sp.
1024 4606 1082 4658 13
1125 4605 1280 4657 αὺτοῦ
1318 4610 1365 4657 V
1563 4605 1622 4658 15
1669 4608 1822 4676 πέρας
1859 4610 2070 4660 FGSLa
2110 4607 2243 4659 vict.
2284 4607 2398 4675 Sp.:
2437 4609 2547 4678 περὶ
2586 4613 2631 4660 V
2819 4609 2875 4659 17
2913 4613 3117 4676 τοῦτον]

403 4711 428 4741 ν
465 4709 505 4745 s.
533 4709 578 4744 v.
610 4696 653 4743 V
869 4691 937 4746 23
983 4691 1266 4764 αἰσθήσεως
1313 4713 1344 4746 a
1389 4693 1476 4762 Sp.
1692 4695 2014 4765 δηλώσαντος
2060 4711 2186 4746 corr.
2238 4696 2293 4748 in
2340 4694 2652 4765 δηλώσοντος
2691 4697 2761 4747 V¹
2940 4697 3005 4750 25
3044 4698 3115 4750 ἀι-

402 4779 532 4849 δίου]
580 4799 639 4834 ου
689 4780 745 4832 in
791 4779 867 4832 lit.
905 4785 950 4832 V
1206 4781 1269 4833 27
1328 4779 1530 4850 λογικον
1579 4787 1624 4833 V
1856 4783 1921 4836 29
1960 4785 2061 4836 ἐστι
2108 4799 2206 4835 om.
2232 4787 2277 4836 B
2491 4783 2560 4836 30
2596 4783 2627 4835 ἃ
2664 4784 2717 4836 ἐν
2743 4787 2952 4853 scripsi:
2992 4784 3115 4856 ἅπερ

401 4867 452 4918 ἐν
486 4866 668 4922 B²S²a
703 4868 818 4936 Sp.:
860 4867 912 4919 ἐν
949 4868 1069 4920 libri
1283 4869 1344 4921 31
1389 4869 1473 4921 καὶ
1511 4875 1628 4937 post
1665 4869 1910 4940 ἀδιάφορα
1949 4871 2044 4924 del.
2084 4870 2153 4922 13²
2366 4869 2565 4940 ὁμοίας]
2604 4869 2749 4940 ὅμοια
2785 4872 2857 4924 B⁹
