3684 5567
1216 339 1223 346 .
1289 252 1574 310 ΒΙΒΛΙΟΝ
1612 249 1974 309 ΔΕΥἹῈΡΟΝ
2013 252 2221 307 24-28
3039 250 3116 313 77

500 532 758 598 XXVII.
834 530 1049 616 Ἀλλη
1096 532 1171 595 ἐκ
1215 536 1336 594 τοῦ
1380 531 1593 593 αὐτοῦ
1638 530 1837 599 λέξις.

658 703 1043 788 “Λέγωμεν
1074 701 1189 767 οὖν
1231 703 1351 787 τὴν
1393 702 1622 788 ἀρχὴν
1654 708 1779 785 τῆς
1812 703 2127 787 σκέψεως
2171 706 2288 765 τοῦ
2320 702 2725 785 πράγματος
2769 694 3012 781 λαβόν-
3040 712 3095 755 1⁰

500 832 607 877 τες
652 808 1031 893 διωρίσθαι
1062 808 1139 869 τὸ
1170 805 1493 891 ἔμψυχον
1540 810 1661 867 τοῦ
1706 806 1986 891 ἀψύχου
2030 811 2124 890 τῷ
2161 810 2283 889 ζῆν
2317 802 2579 887 [ἔχοντι
2627 799 3000 885 σώματι.]”

670 912 781 977 Διὰ
826 916 928 975 τοῦ
960 911 1157 996 λαβεῖν
1206 910 1310 993 μὲν
1355 909 1422 971 τὸ
1452 910 1650 993 ψυχὴν
1692 906 1831 994 ἔχον
1865 913 2039 993 σῶμα
2083 905 2515 991 συναμφότερον
2549 905 2771 975 οὐσίαν,
2817 909 3006 968 πᾶσαν
3040 920 3091 961 ιτ,

431 1034 461 1083 5
502 1015 566 1076 δὲ
610 1014 1043 1099 συναμφότερον
1088 1014 1286 1077 οὐσίαν
1332 1012 1392 1081 ἐξ
1437 1012 1579 1095 ὕλης
1624 1034 1685 1075 τε
1732 1014 1827 1075 καὶ
1869 1012 2058 1082 εἴδους
2101 1011 2265 1086 εἶναι,
2314 1011 2393 1094 μὴ
2440 1009 2584 1073 εἶναι
2629 1011 2694 1072 τὸ
2743 1014 2915 1089 σῶμα
2947 1010 3006 1071 ἐν

500 1118 867 1203 ὑποκειμένῳ
912 1118 1045 1195 τινί,
1103 1116 1222 1181 ἀλλ’
1279 1116 1419 1179 αὐτὸ
1475 1115 1625 1179 εἶναι
1677 1117 1743 1178 τὸ
1789 1117 2199 1197 ὑποκείμενον,
2254 1116 2350 1178 καὶ
2397 1114 2650 1181 ἀποδοὺς
2693 1112 2860 1197 λόγον
2906 1118 3009 1195 τῆς

499 1226 698 1307 ψυχῆς
752 1222 1113 1307 ἐντελέχειαν
1168 1222 1271 1303 τὴν
1327 1222 1563 1304 πρώτην
1620 1222 1894 1300 σώματος
1945 1224 2190 1303 φυσικοῦ
2251 1220 2556 1302 ὀργανικοῦ
2571 1268 2586 1294 ,
2643 1220 2721 1285 ὡς
2776 1215 3006 1279 οὐδέπω
3035 1233 3092 1274 zo

499 1326 711 1395 ἱκανῶς
754 1325 1118 1408 δεδειγμένου
1174 1328 1275 1387 τοῦ
1321 1325 1425 1407 τὴν
1469 1323 1669 1408 ψυχὴν
1714 1322 1868 1392 εἶδος
1912 1322 2058 1386 εἶναι
2113 1324 2206 1386 διὰ
2251 1323 2315 1385 τὸ
2363 1322 2515 1405 μηδὲ
2568 1321 2672 1403 τὴν
2717 1320 2899 1383 αἰτίαν
2945 1321 3005 1383 ἐν

499 1434 582 1513 τῷ
636 1427 1050 1512 ἀποδεδομένῳ
1105 1428 1264 1513 λόγῳ
1318 1427 1733 1511 ἐμφαίνεσθαι,
1796 1426 1871 1491 δι’
1926 1428 1998 1510 ἢν
2053 1426 2205 1495 εἶδός
2261 1426 2381 1488 ἐστι
2433 1426 2531 1487 καὶ
2577 1423 2907 1508 ἐντελέχεια
2965 1426 3002 1507 ἡ

406 1552 469 1600 10
507 1532 669 1616 ψυχὴ
712 1536 815 1594 τοῦ
858 1532 1120 1595 τοιούτου
1168 1534 1470 1616 σώματος,
1528 1528 1535 1617 Ι
1595 1532 1763 1593 πάλιν
1809 1532 2116 1616 ἀναλαβὼν
2171 1530 2400 1593 ἄνωθεν
2452 1528 2596 1591 αὐτὸ
2640 1532 2808 1590 τοῦτο
2855 1550 2968 1589 πει·
3015 1532 3111 1590 146

495 1639 663 1719 ρᾶται
708 1634 1019 1715 δεικνύναι,
1083 1636 1177 1698 καὶ
1224 1640 1453 1718 πρῶτον
1511 1636 1613 1717 μὲν
1658 1634 1952 1697 ἐκτίθεται
2005 1634 2107 1702 τὰς
2163 1634 2428 1717 δυνάμεις
2482 1637 2586 1715 τῆς
2629 1636 2852 1715 ψυχῆς,
2907 1632 3004 1693 καὶ

493 1738 678 1807 δείξας
720 1737 823 1807 τὰς
869 1736 973 1821 μέν
1018 1761 1175 1807 τινας
1218 1738 1411 1801 αὐτῶν
1457 1736 1638 1807 οὔσας
1693 1740 1928 1821 πρώτας
1985 1738 2080 1800 καὶ
2125 1735 2422 1821 χωριστὰς
2465 1740 2580 1798 τῶν
2626 1733 2848 1807 ἄλλων,
2902 1733 3003 1802 τὰς

497 1843 561 1903 δὲ
606 1841 904 1925 δευτέρας,
956 1842 1051 1903 καὶ
1094 1841 1249 1910 τάξιν
1304 1841 1428 1904 τινὰ
1482 1840 1657 1905 οὖσαν
1712 1841 1775 1903 ἐν
1828 1840 2031 1908 αὐταῖς
2075 1839 2288 1911 δείξας,
2344 1840 2441 1901 καὶ
2495 1836 2583 1900 ὅτι
2633 1839 2698 1899 τὸ
2746 1838 2849 1921 μὲν
2899 1841 3000 1921 ζῆν
3055 1854 3084 1895 5

496 1948 614 2013 τοῖς
660 1944 946 2028 ἐμψύχοις
988 1944 1145 2028 παρὰ
1191 1949 1297 2027 τῆς
1328 1946 1645 2028 θρεπτικῆς
1690 1944 1813 2007 ἐστι
1846 1949 2062 2028 ψυχῆς,
2105 1944 2172 2004 τὸ
2216 1943 2282 2004 δὲ
2323 1940 2464 2027 ζῴῳ
2509 1940 2654 2003 εἶναι
2699 1941 2857 2025 παρὰ
2900 1947 3004 2024 τῆς

394 2068 454 2116 15
494 2049 867 2131 αἰσθητικῆς,
921 2046 1106 2116 δείξας
1151 2048 1217 2110 δὲ
1260 2048 1356 2110 καὶ
1402 2048 1496 2111 ἐπὶ
1549 2052 1664 2111 τῶν
1710 2048 2074 2131 αἰσθητικῶν
2130 2045 2282 2114 τάξιν
2329 2045 2452 2108 τινὰ
2497 2043 2702 2121 οὖσαν,
2761 2046 2857 2108 καὶ
2902 2044 3004 2113 τὰς

494 2154 597 2235 μὲν
642 2153 875 2235 πρώτας
912 2174 985 2213 -τε
1030 2152 1126 2214 καὶ
1170 2151 1574 2235 χωριζομένας
1616 2157 1733 2213 τῶν
1780 2150 2005 2225 ἄλλων,
2060 2150 2160 2218 τὰς
2204 2150 2269 2212 δὲ
2314 2149 2588 2232 δευτέρας
2633 2172 2694 2211 τε
2739 2150 2834 2211 καὶ
2883 2154 2998 2210 τῶν
3031 2164 3084 2205 ιο

491 2256 602 2338 πρὸ
657 2255 836 2318 αὐτοῦ
891 2254 1281 2340 ἀχωρίστους,
1343 2254 1597 2337 ζητήσας
1650 2256 1716 2317 δὲ
1770 2256 1868 2318 καὶ
1924 2252 2166 2337 πότερον
2219 2253 2338 2337 χρὴ
2395 2253 2644 2335 ἑκάστης
2701 2251 3000 2332 δυνάμεως

492 2364 686 2443 ψυχῆς
738 2360 933 2443 ψυχὴν
989 2357 1175 2440 λέγειν
1231 2358 1269 2441 ἢ
1318 2356 1515 2441 μόριον
1572 2364 1800 2443 ψυχῆς,
1857 2360 1954 2421 καὶ
2009 2358 2063 2419 εἰ
2116 2355 2344 2438 μόριον,
2400 2355 2640 2440 πότερον
2702 2359 2789 2439 τῷ
2844 2355 2999 2439 λύγῳ

502 2460 673 2543 μόνον
732 2460 1023 2545 χωριστὸν
1085 2461 1123 2543 ἢ
1188 2463 1283 2523 καὶ
1344 2461 1535 2545 τόπῳ,
1598 2463 1693 2524 καὶ
1757 2462 1940 2531 δείξας
1995 2458 2098 2527 τὰς
2158 2460 2431 2526 πλείστας
2491 2460 2759 2543 δυνάμεις
2821 2458 3002 2540 αὐτῆς
3031 2474 3083 2515 15

389 2585 455 2632 20
498 2562 891 2649 χωριζομένας
935 2560 1092 2645 λόγῳ
1140 2562 1331 2643 μόνον,
1382 2566 1512 2647 περὶ
1557 2566 1623 2627 δὲ
1667 2568 1768 2626 τοῦ
1814 2567 1914 2625 νοῦ
1959 2564 2140 2625 εἰπὼν
2185 2562 2341 2625 εἶναί
2377 2585 2502 2623 τινα
2548 2562 3000 2646 ἀμφισβήτησιν,

492 2670 671 2731 εἰπὼν
704 2667 769 2729 δὲ
812 2666 909 2729 καὶ
938 2664 1066 2728 κατ’
1109 2664 1262 2735 εἶδος
1303 2666 1562 2748 γίνεσθαι
1594 2666 1874 2749 διαφορὰς
1904 2670 2017 2727 τῶν
2049 2666 2356 2750 ἐμψύχων,
2402 2663 2542 2750 <τῷ>
2573 2664 2640 2726 τὰ
2675 2666 2778 2747 μὲν
2810 2667 3000 2733 πάσας

496 2768 653 2854 ἔχειν
698 2769 801 2837 τὰς
830 2768 1121 2850 δυνάμεις,
1168 2769 1238 2832 τὰ
1283 2770 1348 2832 δέ
1378 2793 1551 2841 τινας,
1597 2769 1669 2831 τὰ
1714 2769 1779 2831 δὲ
1825 2767 1956 2849 μίαν
1990 2767 2192 2852 μόνην,
2239 2769 2334 2831 ἐπὶ
2365 2768 2585 2836 τούτοις
2631 2766 2826 2840 ἔδειξε,
2873 2775 2999 2835 πῶς
3025 2784 3083 2826 2⁰

494 2873 644 2943 εἶδος
687 2873 726 2956 ἡ
773 2871 935 2956 ψυχὴ
982 2872 1080 2933 καὶ
1124 2870 1483 2956 ἐντελέχεια,
1539 2870 1627 2933 ὅτι
1671 2870 1780 2955 γὰρ
1826 2876 1910 2955 τῷ
1969 2876 2068 2933 τοῦ
2117 2871 2389 2953 σώματός
2434 2896 2483 2933 τι
2529 2871 2672 2933 εἶναι
2718 2875 2819 2933 τοῦ
2866 2873 2999 2933 ὑπο·

490 2975 755 3061 κειμένου
786 2972 833 3054 †
866 2974 1037 3055 ὁμοία
1069 2972 1214 3037 οὖσα
1246 2975 1341 3037 καὶ
1378 2977 1639 3059 χωριστή
1674 2974 1826 3037 ἐστιν
1858 2974 2055 3037 αὐτοῦ.
2125 2976 2164 3057 ἡ
2201 2974 2265 3036 δὲ
2297 2974 2466 3042 δεῖξις
2496 2975 2758 3058 τοιαύτη·
2794 2971 2996 3059 ἔλαβεν

392 3102 459 3150 25
500 3082 565 3143 τὸ
608 3080 705 3143 ἐπὶ
750 3078 979 3140 πάντων
1024 3080 1138 3139 τῶν
1184 3076 1507 3159 λεγομένων
1553 3076 1699 3140 εἶναι
1730 3078 2026 3155 τοιούτων,
2075 3078 2252 3139 ὁποῖά
2296 3076 2418 3140 ἐστὶ
2450 3080 2694 3160 πρώτως
2740 3101 2802 3140 τε
2849 3078 2942 3140 καὶ
2986 3078 2992 3163 Ι

492 3182 797 3267 δευτέρως,
844 3178 995 3263 [καὶ]
1042 3180 1191 3243 καθὸ
1239 3181 1341 3263 μὲν
1366 3183 1617 3264 πρώτως
1657 3181 1937 3264 λέγονται,
1983 3185 2153 3243 τοῦτο
2183 3178 2325 3242 εἶναι
2371 3179 2522 3248 εἶδος
2554 3179 2762 3260 αὐτῶν,
2809 3183 2962 3245 καθὸ
3010 3188 3104 3245 147

472 3286 559 3367 ’,δὲ
601 3283 907 3368 δευτέρως,
955 3280 1077 3367 [τὸ]
1123 3283 1496 3367 ὑποκείμενόν
1528 3308 1591 3347 τε
1635 3286 1731 3347 καὶ
1780 3285 1920 3368 ὕλην
1956 3286 2056 3367 τὴν
2097 3284 2284 3347 ἐκεῖνο
2314 3286 2380 3346 τὸ
2411 3282 2562 3352 εἶδος
2607 3284 2990 3369 συνέχουσαν,

493 3390 589 3451 καὶ
631 3393 801 3451 τοῦτο
847 3386 941 3450 διὰ
985 3390 1090 3470 τῆς
1135 3386 1446 3471 ἐπαγωγῆς
1490 3390 1926 3471 πιστωσάμενος
1979 3386 2184 3471 ἔλαβεν
2243 3389 2307 3450 τὸ
2353 3388 2448 3451 καὶ
2495 3392 2598 3471 ζῆν
2643 3389 2715 3450 τὰ
2759 3386 2998 3475 ἔμψυχα
3051 3406 3079 3447 5

498 3491 773 3575 λέγεσθαι
816 3490 967 3553 κατὰ
1010 3492 1246 3574 πρώτην
1294 3491 1397 3573 μὲν
1440 3493 1545 3575 τὴν
1590 3493 1784 3576 ψυχὴν
1830 3512 1872 3551 -x
1916 3514 1956 3553 «κ-
2002 3512 2041 3552 θε
2087 3489 2246 3576 ἔχον,
2301 3491 2484 3560 οὕτως
2527 3490 2764 3577 ἔχοντος
2808 3495 2844 3576 ἡ-
2894 3495 2997 3577 μὲν

392 3614 457 3664 3ο
494 3596 653 3680 ψυχὴ
686 3595 929 3680 ἐδείχθη
978 3592 1131 3663 εἶδος
1174 3592 1321 3658 οὖσα
1350 3600 1451 3659 τοῦ
1486 3599 1757 3678 σώματος
1786 3600 1889 3658 τοῦ
1934 3593 2171 3679 ἔχοντος
2201 3595 2402 3678 αὐτὴν,
2449 3596 2556 3678 ὕλη
2603 3598 2666 3658 δὲ
2698 3598 2762 3659 τὸ
2796 3600 2986 3678 σῶμα.

494 3837 779 3904 XXVIII.
856 3832 996 3901 Ὅτι
1042 3838 1131 3921 μὴ
1176 3839 1217 3921 ἡ
1264 3838 1391 3922 ὕλη
1437 3838 1650 3921 γένος.

657 4006 845 4074 Κοινὰ
888 4013 972 4092 τῷ
1018 4008 1170 4091 γένει
1212 4011 1309 4073 καὶ
1354 4014 1431 4093 τῇ
1489 4010 1600 4094 ὅλῃ
1656 4012 1721 4073 τὸ
1766 4010 1932 4073 κοινὰ
1983 4009 2128 4073 εἶναι
2173 4009 2484 4086 πλειόνων,
2539 4013 2636 4074 καὶ
2681 4013 2748 4074 τὸ·
2791 4018 2994 4095 πρῶτα
3023 4030 3077 4071 ιο

490 4118 565 4199 τῇ
606 4113 779 4199 φύσει
820 4116 936 4174 τῶν
981 4111 1077 4175 ὑπ’
1120 4112 1271 4175 αὐτά
1311 4137 1375 4175 τε
1420 4114 1517 4177 καὶ
1562 4111 1698 4195 [δι’]
1744 4115 1825 4177 ὧν
1871 4114 1994 4177 ἐστι
2027 4117 2207 4193 κοινά,
2256 4116 2350 4176 καὶ
2394 4116 2460 4177 τὸ
2506 4120 2580 4198 τῇ
2611 4114 2801 4184 εἴδους
2845 4118 2994 4187 τινὸς

395 4352 419 4403 l
464 4352 524 4405 ἐκ
566 4357 657 4405 τοῦ
693 4352 873 4422 αὐτοῦ]
921 4354 984 4407 do
1021 4352 1517 4419 an.11‚2.413220
1728 4352 1761 4406 2
1811 4352 1900 4405 οὖν
1947 4354 2108 4426 ἀρχὴν
2150 4353 2389 4425 λαβόντες
2434 4359 2524 4425 τῆς
2568 4356 2799 4426 σκέψεως
2844 4356 3101 4430 διωρίσθαι

390 4441 547 4493 Arist.
723 4441 755 4493 3
792 4440 907 4511 ζῆν]
935 4442 1075 4512 ζωὴν
1096 4441 1259 4496 B²S²a
1296 4444 1387 4509 Sp.
1565 4441 1730 4511 ἔχοντι
1773 4442 1972 4509 σώματι
2015 4458 2114 4495 om.
2154 4444 2338 4495 Arist.:
2385 4444 2481 4496 del.
2520 4444 2654 4496 Vict.
2835 4446 2866 4499 5
2903 4446 3102 4510 (δείξας)

390 4528 459 4597 μὴ
495 4530 631 4581 coni.
655 4528 745 4597 Sp.
777 4536 914 4583 recte
1083 4530 1145 4583 15
1176 4528 1489 4601 αἰσθητικῶν
1509 4530 1624 4598 Sp.:
1662 4527 1920 4599 αἰσθητῶν
1947 4531 2066 4583 libri
2238 4532 2299 4583 17
2338 4532 2506 4584 αὐτῶν
2533 4534 2668 4585 coni.
2692 4534 2780 4601 Sp.
2933 4536 2994 4586 21
3025 4538 3102 4604 τῷ

388 4618 449 4667 τὰ
484 4618 695 4685 scripsi:
736 4619 821 4671 καὶ
858 4619 923 4671 τὰ
959 4620 1092 4671 Vict.
1130 4618 1217 4687 Sp.
1385 4619 1469 4671 21.
1504 4619 1569 4671 22
1616 4621 1775 4677 πάσας
1812 4621 1943 4691 ἔχειν
1983 4621 2116 4672 vict.
2156 4623 2269 4688 Sp.:
2308 4622 2513 4692 πάσχειν
2549 4622 2668 4674 libri
2847 4620 2913 4672 22
2949 4622 3012 4673 τὰ
3048 4622 3101 4674 δέ

388 4720 521 4760 τινας
556 4704 673 4771 Sp.:
710 4705 801 4764 τὰς
840 4704 891 4757 δέ
929 4724 1065 4765 τινας
1100 4708 1220 4760 libri
1400 4706 1467 4759 24
1504 4706 1676 4775 ὁμοία]
1713 4708 1803 4776 Sp.
1844 4708 2045 4761 videtur
2081 4708 2363 4780 ἀχώριστος
2399 4710 2683 4761 coniecisse
2851 4708 2915 4759 25
2955 4708 3102 4761 ὁποία

388 4808 419 4841 a
451 4793 540 4858 Sp.
682 4791 749 4845 26
787 4794 873 4845 καὶ
910 4794 1075 4846 delevi
1182 4782 1193 4795 ⁸
1236 4794 1302 4847 27
1341 4812 1416 4863 pr.
1454 4794 1512 4847 τὸ
1549 4794 1713 4847 delevi
1883 4796 1950 4847 29
1987 4796 2174 4867 ψυχήν,
2212 4797 2366 4860 (κατὰ
2403 4794 2630 4867 δεύτερον
2667 4795 2718 4848 δὲ
2757 4796 2816 4849 τὸ
2855 4803 3004 4865 σῶμα
3039 4796 3100 4849 τὸ

384 4877 477 4947 τὴν
514 4878 705 4951 ψυχὴν)
740 4880 997 4933 Schwartz
1175 4882 1309 4957 ἔχον,
1358 4884 1416 4937 οὗ
1454 4880 1619 4939 οὕτως
1657 4883 1790 4934 vict.
1827 4884 1916 4949 Sp.
2095 4882 2163 4935 33
2202 4880 2268 4933 δι’
2311 4883 2409 4935 del.
2448 4882 2518 4934 13²
