3684 5567
1346 255 1625 311 BlBAlON
1664 252 2028 311 ΔΕΥΤΕΡΟΝ
2073 255 2272 307 11-12
3081 250 3158 313 57

559 434 696 501 τιόις
742 432 933 495 αὐτῶν
978 432 1197 513 γένεσιν
1246 430 1404 494 οὖσιν
1450 428 1611 493 ἔσται
1657 429 1714 497 ἐξ
1759 430 2014 512 ἀνάγκης
2058 428 2118 489 ἐν
2167 432 2238 511 τῇ
2274 428 2496 489 τούτων
2545 430 2831 511 στερήσει.
2907 423 3058 485 καθὸ

556 538 661 619 γάρ
709 536 861 598 ἐστιν
916 534 977 597 ἐν
1022 540 1109 619 τῷ
1155 535 1397 618 ἐναντίῳ
1452 538 1552 596 τοῦ
1599 534 1854 617 θερμοῦ,
1909 530 2062 596 ἔστιν
2115 532 2173 595 ἐν
2221 532 2488 614 στερήσει
2541 531 2748 605 αὐτοῦ,
2807 531 2903 592 καὶ
2949 528 3064 595 ἕως
3117 540 3144 581 5

560 637 629 701 ἂν
684 638 745 700 ἐν
800 638 1005 721 ἐκείνῳ
1064 635 1129 721 ᾖ,
1201 638 1294 719 [ἢ]
1352 636 1508 719 μένει
1564 638 1660 698 καὶ
1715 636 1775 697 ἐν
1830 636 2114 719 στερήσει.
2210 640 2296 718 τῷ
2355 632 2454 697 οὖν
2509 638 2582 718 τῇ
2637 639 2738 696 τοῦ
2805 631 3060 696 ἐναντίου

557 741 845 825 παρουσίᾳ
890 742 995 823 τὴν
1027 745 1129 804 τοῦ
1176 741 1431 803 ἐναντίου
1466 740 1729 824 στέρησιν
1764 740 2150 822 συνεζεῦχθαι
2195 739 2290 800 καὶ
2336 738 2660 820 ἀναγκαίως
2698 738 2792 800 καὶ
2825 734 2960 797 ὅταν
2991 734 3060 795 ἐκ

484 864 515 911 5
554 850 657 927 τῆς
702 846 1034 927 στερήσεως
1078 844 1255 907 αὐτοῦ
1303 844 1385 911 εἰς
1427 844 1532 924 τὴν
1580 842 1689 910 ἕξιν
1738 842 2109 927 μεταβάλλῃ,
2164 839 2288 903 κατ’
2345 842 2531 903 ἐκεῖνο
2576 840 2607 903 ὃ
2655 840 2835 922 παρὸν
2880 835 3059 900 αἴτιον
3092 852 3141 892 15

556 947 625 1030 ἦν
670 953 755 1032 τῷ
802 946 1167 1031 ὑποκειμένῳ
1215 951 1314 1009 τοῦ
1362 945 1526 1022 εἶναι,
1571 946 1629 1008 ἐν
1676 950 1751 1029 τῇ
1798 945 2004 1008 τούτου
2051 944 2262 1025 γίνεται
2305 945 2593 1029 στερήσει.

556 1239 691 1303 XII.
768 1236 912 1305 Ὅτι
968 1242 1042 1304 οὐ
1100 1242 1457 1304 δείκνυται
1524 1240 1635 1303 διὰ
1704 1245 1819 1302 τοῦ
1883 1239 2394 1303 συστέλλεσθαι
2460 1237 2540 1300 τὰ
2597 1240 2890 1321 σώματα
2955 1236 3056 1303 εἰς

1092 1344 1310 1407 ἑαυτὰ
1354 1346 1427 1407 τὸ
1474 1349 1672 1426 σῶμα
1718 1344 1829 1405 διὰ
1876 1345 2197 1425 σώματος
2241 1347 2520 1427 χωρεῖν.
3093 1355 3142 1395 15

722 1548 809 1613 Οὐ
864 1550 971 1633 γὰρ
1026 1550 1097 1612 τὰ
1156 1549 1586 1631 συστελλόμενα
1642 1546 1789 1633 (καὶ)
1846 1550 1928 1617 εἰς
1983 1548 2160 1610 ἑαυτὰ
2213 1549 2628 1632 ἀναχωροῦντα
2693 1547 3060 1610 συστέλλεται

456 1673 517 1719 10
555 1655 825 1733 σώματος
872 1658 1205 1737 χωροῦντος
1250 1654 1345 1715 διὰ
1391 1656 1681 1735 σώματος.
1762 1652 2133 1716 συστέλλεται
2163 1652 2270 1735 γὰρ
2301 1657 2470 1715 τοῦτο
2504 1652 2534 1715 ὃ
2568 1652 2822 1735 ἐνεργείᾳ
2867 1649 2948 1713 ἔτι
2997 1648 3059 1712 ὃν

556 1756 723 1835 μένον
770 1757 865 1819 ἐπὶ
912 1763 1015 1841 τῆς
1058 1756 1239 1841 αὐτῆς
1284 1757 1482 1825 οὐσίας
1515 1756 1647 1841 <εἰς>
1695 1756 1972 1819 ἐλάττονα
2019 1754 2184 1838 ὄγκον
2234 1759 2536 1839 συνάγεται
2581 1756 2619 1837 ἢ
2668 1754 2780 1817 ὑπό
2825 1777 2974 1822 τινος
3019 1754 3143 1837 ἥιεο

554 1856 650 1943 ὑφ’
708 1861 935 1922 ἑαυτοῦ.
1012 1862 1197 1923 πάντα
1244 1862 1308 1923 δὲ
1353 1860 1425 1923 τὰ
1470 1864 1639 1923 τοῦτο
1685 1862 1992 1945 πάσχοντα
2038 1860 2337 1943 ἀποκρίσει
2384 1862 2533 1929 τινὸς
2577 1862 2745 1921 τοῦτο
2792 1863 2948 1920 ποιεῖ
2987 1856 3056 1939 (ἢ

552 1964 660 2046 γὰρ
704 1968 805 2025 τοῦ
852 1964 1172 2044 πνεύματος
1216 1962 1616 2048 χωριζομένου
1662 1964 1728 2025 τὸ
1761 1965 1958 2026 λοιπὸν
2011 1970 2185 2047 σῶμα
2231 1965 2313 2032 εἰς
2357 1964 2460 2046 τὴν
2509 1962 2652 2032 τέως
2699 1960 2796 2024 ὑπ’
2839 1960 3056 2023 ἐκείνου

555 2068 757 2149 χώραν
814 2067 1213 2151 κατεχομένην
1270 2066 1647 2151 συνέρχεται,
1713 2067 1750 2149 ἢ
1810 2072 1911 2129 τοῦ
1969 2068 2143 2150 ὑγροῦ
2205 2071 2305 2129 τοῦ
2357 2066 2414 2128 ἐν
2473 2066 2667 2134 αὐτοῖς
2730 2079 3141 2148 παρεσπαρ-εὸ

452 2188 515 2235 15
554 2168 785 2251 μένου),
846 2172 882 2252 ἡ
932 2170 996 2233 δὲ
1042 2170 1150 2253 ὅλη
1204 2169 1341 2233 οὐδὲ
1394 2172 1497 2251 τὴν
1545 2169 1753 2255 ἀρῇχὴν
1810 2168 2182 2233 συστέλλεται
2236 2174 2320 2253 τῷ
2383 2168 2520 2253 μηδ’
2578 2169 2834 2251 ἐνεργείᾳ
2889 2169 3019 2252 ὑφε-
3066 2174 3164 2230 106

556 2274 775 2335 στάναι.
866 2273 1081 2353 γίνεται
1134 2274 1199 2335 δὲ
1252 2274 1322 2335 τὰ
1380 2273 1477 2336 ὑπ’
1533 2275 1714 2357 αὐτῆς
1768 2276 2014 2355 σώματα
2061 2273 2201 2335 ποτὲ
2255 2274 2356 2355 μὲν
2413 2274 2507 2335 ἐπὶ
2554 2272 2814 2355 μείζονος
2861 2268 3057 2352 ὄγκου,

553 2378 693 2437 ποτὲ
745 2373 796 2438 δ’
854 2374 946 2438 ἐπ’
1003 2376 1307 2445 ἐλάττονος
1361 2382 1443 2461 τῷ
1501 2382 1616 2440 τῶν
1662 2378 1952 2459 σωμάτων
2006 2376 2076 2437 τὰ
2136 2376 2238 2457 μὲν
2292 2374 2436 2437 εἶναι
2492 2375 2796 2459 παχύτεροί
2848 2398 2910 2437 τε
2965 2374 3059 2435 καὶ

561 2482 941 2563 στερεώτερα,
988 2478 1059 2541 τὰ
1106 2480 1170 2541 δὲ
1202 2480 1519 2563 λεπτότερα
1562 2504 1625 2543 τε
1670 2482 1767 2543 καὶ
1800 2479 2098 2563 ὑγρότερα,
2146 2480 2228 2541 ὧν
2273 2480 2344 2541 τὰ
2392 2480 2494 2562 μὲν
2528 2479 2831 2564 παχύτερα
2875 2502 2936 2540 τε
2966 2480 3059 2541 καὶ
3115 2495 3142 2535 5

554 2586 914 2665 στερεώτερα
959 2584 1040 2651 εἰς
1085 2585 1182 2645 τὸν
1243 2582 1361 2646 ἴσον
1418 2582 1587 2665 ὄγκον
1632 2582 1892 2652 πλείονος
1947 2582 2120 2665 ὄγκου
2166 2584 2378 2657 δεῖται,
2433 2583 2507 2645 τὰ
2559 2585 2624 2645 δὲ
2677 2582 2955 2666 ὑγρότερα
2998 2602 3062 2643 τε

446 2706 517 2752 20
554 2689 649 2749 καὶ
694 2684 1010 2769 λεπτότερα
1068 2686 1389 2754 ἐλάττονος.
1480 2688 1566 2749 διὸ
1613 2687 1753 2749 ποτὲ
1801 2687 1905 2768 μὲν
1951 2686 2046 2748 ἐπὶ
2104 2692 2207 2770 τῆς
2251 2685 2432 2768 αὐτῆς
2489 2687 2630 2771 ὕλης
2685 2686 2834 2749 ἐστὶν
2889 2690 3063 2765 σῶμα

556 2789 790 2851 πλείονα
844 2813 877 2851 κ
921 2788 1091 2873 τέχον
1148 2788 1353 2863 τόπον,
1410 2791 1551 2853 ποτὲ
1607 2791 1669 2853 δὲ
1725 2790 2002 2853 ἐλάττονα
2056 2794 2143 2873 τῷ
2201 2790 2304 2872 τὴν
2350 2789 2530 2871 αὐτὴν
2587 2790 2726 2871 ὕλην
2773 2792 2887 2849 τῶν
2934 2788 3060 2850 ἑκα-
3093 2804 3144 2843 10

554 2891 717 2974 τέρου
774 2896 887 2953 τῶν
934 2894 1225 2974 σωμάτων
1282 2902 1597 2975 ποιητικῶν
1654 2893 1977 2977 ποιοτήτων
2023 2892 2168 2955 εἶναι
2223 2894 2504 2975 δεκτικήν.
2595 2893 2646 2955 εἰ
2707 2893 2808 2974 μὲν
2855 2890 2954 2954 οὖν
3000 2891 3061 2953 ἐν

554 3001 627 3078 τῇ
660 3000 775 3056 τῶν
810 2998 1100 3077 σωμάτων
1146 2998 1411 3080 χωρήσει
1456 2996 1529 3060 δι’
1573 2998 1841 3081 ἀλλήλων
1875 2998 2089 3079 ἐγίνετο
2121 2997 2318 3081 φθορά
2357 3019 2440 3064 τις
2485 2994 2634 3079 [καὶ]
2681 2997 2720 3079 ἢ
2764 2995 3057 3079 μεταβολὴ

554 3098 636 3165 εἰς
681 3096 1162 3182 παχυμερέστερα
1218 3104 1493 3179 σώματα,
1550 3100 1690 3169 ἴσως
1736 3101 1803 3164 ἄν
1852 3101 2090 3163 ἐδύνατο
2147 3099 2209 3161 ὃν
2255 3099 2399 3167 τέως
2444 3102 2509 3160 τὸ
2557 3099 2750 3183 ἕτερον
2795 3104 3063 3184 κατεῖχεν
3093 3115 3145 3156 15

450 3222 515 3269 25
554 3200 755 3271 τόπον,
814 3206 1013 3263 τοῦτον
1060 3202 1295 3285 ὕστερον
1351 3204 1617 3288 κατέχειν
1674 3205 1739 3266 τὸ
1795 3204 1864 3266 ἐκ
1916 3209 2019 3287 τῆς
2078 3203 2423 3287 ἀμφοτέρων
2481 3200 2690 3282 μίξεως
2741 3200 3061 3285 γινόμενον,

556 3306 607 3367 εἰ
661 3306 725 3365 δὲ
792 3305 859 3365 τὰ
914 3304 1062 3367 αὐτὰ
1130 3304 1287 3386 μένει
1352 3306 1655 3391 (ἑκάτερον
1723 3306 1809 3391 [ὁ]
1881 3306 1988 3389 γὰρ
2043 3306 2234 3369 αὐτῶν
2302 3308 2462 3369 δοκεῖ
2514 3308 2721 3376 σώζειν
2793 3306 2888 3389 [ἢ]
2956 3306 3060 3389 τὴν

554 3408 759 3469 ἑαυτοῦ
826 3408 1045 3491 φύσιν),
1115 3414 1241 3477 πῶς
1305 3408 1373 3471 ἀν
1428 3410 1473 3493 †
1518 3408 1601 3472 ἔτι
1668 3413 1914 3492 γίγνοιτο
1961 3414 2126 3471 τοῦτο
2188 3409 2473 3491 γίνεσθαι;
2544 3406 2626 3470 ἔτι
2689 3406 2811 3471 ἔνια
2877 3411 3146 3493 μιγνὺ-εο

558 3534 721 3593 μενα,
784 3510 850 3573 οὐ
900 3510 1071 3591 μόνον
1117 3512 1183 3575 οὐ
1240 3514 1565 3597 παχύτερον
1610 3514 1760 3576 ἀλλὰ
1805 3515 1904 3577 καὶ
1946 3512 2287 3597 λεπτότερον
2333 3512 2378 3595 †
2421 3512 2562 3574 αὐτὸ
2608 3512 2646 3595 ἢ
2693 3511 2946 3596 πρόσθεν
2993 3514 3063 3600 ἦν

558 3620 731 3686 ποιεῖ,
796 3614 949 3676 ὥστε
1004 3612 1118 3677 ἔδει
1177 3615 1317 3679 αὐτὸ
1374 3617 1468 3679 ἐπὶ
1516 3617 1773 3700 μείζονος
1830 3617 2162 3699 γιγνόμενον
2209 3614 2383 3697 ὄγκου
2432 3616 2526 3678 καὶ
2576 3614 2752 3678 τόπον
2799 3616 3064 3703 κατέχειν

452 3736 521 3784 30
556 3719 810 3780 πλείονα.
862 3717 869 3803 Ι

460 4004 479 4053 1
522 4002 657 4054 οὖσιν
698 4003 949 4056 v¹GFS¹=
987 4002 1110 4054 οὖσα
1150 4002 1365 4055 v2sss²a
1401 4006 1513 4070 Sp.:
1553 4002 1703 4055 οὖσαν
1744 4006 1787 4053 H
2066 4004 2096 4054 3
2135 3998 2169 4077 ᾗ
2210 4004 2324 4055 ΨΒ
2366 4004 2480 4070 Sp.:
2520 4001 2552 4073 ᾗ
2589 4004 2621 4072 ἢ
2665 4006 2761 4055 V':
2806 4004 2837 4075 ἢ
2878 4006 2921 4057 εἰ
2961 4010 3029 4059 G:
3067 4006 3099 4075 ἧ
3139 4006 3172 4074 ἡ

453 4092 517 4139 F:
577 4089 606 4157 ἢ
648 4090 679 4159 ή
719 4092 790 4143 Sa
1003 4090 1033 4142 9
1083 4093 1168 4142 καὶ
1215 4092 1331 4142 add.
1370 4091 1626 4143 Schwartz
1846 4090 1910 4141 10
1957 4090 2029 4141 ἔτι
2067 4089 2120 4142 ὃν
2157 4095 2278 4143 VB:
2337 4091 2491 4143 αἴτιον
2530 4096 2715 4145 GSFa:
2770 4112 2818 4145 τι
2855 4092 2912 4144 ὃν
2951 4094 2996 4144 11
3037 4094 3171 4145 vict.

454 4178 542 4243 Sp.
763 4179 817 4229 11
878 4180 944 4236 εἰς
984 4179 1098 4231 add.
1136 4179 1271 4233 3²52
1310 4198 1341 4231 a
1377 4180 1462 4247 Sp.
1694 4177 1792 4229 ὑπό
1847 4179 1964 4246 8ρ.;
2020 4179 2118 4230 ἀπό
2165 4180 2282 4231 libri
2551 4180 2610 4231 13
2666 4180 2968 4248 πνεῦματος]
3018 4200 3174 4248 ματος

454 4280 494 4315 s,
534 4281 580 4315 v.
622 4268 665 4314 V
885 4267 946 4318 16
1006 4263 1097 4317 ὑπ’
1138 4267 1291 4335 αὐτῆς
1334 4268 1491 4319 Vict.:
1542 4262 1624 4333 ὑφ’
1667 4265 1823 4335 αὐτῆς
1863 4266 2003 4317 libri:
2065 4267 2413 4335 intellegerem
2455 4268 2536 4318 ἐπὶ
2572 4272 2663 4337 τῆς
2699 4268 2856 4337 αὐτῆς
2893 4267 3072 4337 (ὕλης),
3115 4278 3174 4320 ut

456 4369 499 4401 v.
527 4352 594 4403 20
778 4354 837 4405 17
891 4372 945 4406 τε
984 4357 1069 4407 καὶ
1108 4357 1318 4423 scripsi:
1374 4356 1437 4405 τὰ
1476 4354 1526 4405 δὲ
1570 4354 1687 4405 libri
1911 4357 1970 4405 li)
2020 4353 2198 4422 ὄγκου]
2245 4356 2404 4406 τόπου
2442 4356 2577 4406 coni.
2617 4356 2730 4422 Sp.:
2789 4358 2943 4408 immo
2982 4358 3171 4408 τόπον

452 4439 679 4498 πλείονος
720 4439 881 4509 ὄγκου
1080 4442 1144 4493 ‘2¹2
1196 4448 1475 4511 ποιητικῶν
1512 4442 1673 4492 Victa
1712 4441 1980 4511 ποιητικὴν
2021 4442 2137 4493 libri
2362 4442 2426 4491 23
2464 4441 2494 4511 ἢ
2537 4445 2748 4509 scripsi:
2790 4446 2876 4495 καὶ
2911 4444 2943 4513 ἠ
2985 4444 3101 4495 libri

455 4528 519 4579 :2²4
576 4528 743 4599 ἕτερον
798 4536 1029 4601 κατεῖχεν
1090 4531 1221 4581 vict.
1282 4531 1394 4597 Sp.:
1464 4530 1629 4599 ἕτερον
1684 4531 1888 4601 κατέχει
1935 4530 2100 4581 3²52:
2169 4526 2369 4595 ὕστερον
2427 4530 2656 4601 κατέχειν
2713 4532 2951 4603 (κατέχει
2999 4532 3172 4597 3¹8¹)

457 4616 806 4669 VHGFB·s¹:
864 4616 1033 4687 ἕτερον
1082 4619 1309 4689 κατέχειν
1347 4636 1379 4669 a
1626 4618 1692 4669 ⁸25
1748 4618 1827 4686 τὸ]
1876 4614 1992 4669 τότ’
2041 4637 2072 4669 a
2107 4620 2196 4683 Sp.
2436 4618 2501 4668 26
2541 4617 2566 4668 ὃ
2606 4636 2662 4669 a:
2703 4619 2798 4670 del.
2837 4620 2925 4686 Sp.

454 4701 621 4753 αὐτῶν
667 4703 779 4770 Sp.:
832 4703 1002 4761 αὐτοῖς
1048 4705 1165 4757 libri
1406 4706 1437 4774 ἡ
1487 4706 1583 4757 del.
1632 4705 1723 4773 Sp.
1974 4704 2040 4756 :27
2095 4702 2331 4774 γίνεσθαι]
2389 4702 2414 4754 ὃ
2461 4704 2645 4771 γίνεται
2684 4706 2842 4757 Victa
2902 4704 2943 4775 ᾦ
2990 4708 3175 4775 γίνεται

456 4789 573 4856 Sp.:
632 4788 692 4841 ἃν
732 4790 1063 4860 ἐνδέχοιτο
1100 4810 1143 4843 τ.
1173 4811 1235 4861 γ.,
1292 4793 1422 4845 ἐπεὶ
1460 4795 1601 4845 Diels
1640 4798 1775 4845 reete
1991 4793 2057 4845 28
2112 4790 2238 4843 ἀλλὰ
2287 4808 2326 4842 S.
2365 4807 2412 4841 v.
2455 4795 2502 4841 V
2715 4800 2831 4859 post
2877 4794 3174 4865 λεπτότερον

460 4878 713 4931 excidisse
762 4880 897 4932 c-oni.
940 4880 1027 4948 Sp.
1077 4882 1355 4953 παχύτερον
1400 4884 1491 4953 γὰρ
1540 4881 1599 4934 οὒ
1643 4880 1940 4953 λεπτότερον
2153 4880 2217 4931 29
2265 4880 2340 4931 δεῖ
2373 4881 2511 4931 coni.
2548 4880 2637 4951 Sp.
