3684 5567
1326 265 1485 321 ΠΕΡΙ
1526 264 1998 321 ΕΙΜΑΡΜΕΝΗΣ
2039 269 2240 321 19-22
3015 270 3131 333 191

531 442 789 501 ποιοῦσιν
835 440 937 523 τὴν
970 438 1229 507 ἐξουσίαν
1260 438 1741 503 πεπιστευκότων.
1818 440 1968 503 ἀλλὰ
2009 442 2122 525 μὴν
2162 440 2274 509 ἔξω
2305 441 2522 505 τούτων
2563 441 2810 525 ἀβίωτος
2850 440 2882 502 6
2913 446 3027 503 τῶν
3082 458 3110 498 ὅ

534 540 861 624 ἀνθρώπων
908 538 1083 627 (βίος)
1126 542 1220 605 καὶ
1266 542 1405 605 οὐδὲ
1448 544 1552 625 τὴν
1600 544 1788 627 ἀρχὴν
1836 543 2163 627 ἀνθρώπων
2210 541 2312 605 ἔτι.
2390 544 2538 628 μηδὲ
2569 545 2752 607 ἐκεῖνο
2785 545 2848 607 δὲ
2879 544 3017 627 ἡμῖν
3055 554 3186 606 XXI

532 642 902 711 ἀνεξέταστον
948 644 1417 729 παραλελείφθω,
1460 644 1524 708 εἴ
1558 670 1643 714 τις
1688 646 1986 719 ὑποθοῖτο,
2033 648 2213 731 μηδὲν
2261 650 2479 729 μᾶλλον
2526 646 2724 730 ἀληθῆ
2771 646 2915 710 εἶναι
2960 648 3026 710 τὸ

532 745 681 809 εἶναί
718 770 771 809 τι
814 747 999 815 οὕτως
1042 746 1137 831 ἐφ’
1186 750 1345 830 ἡμῖν,
1393 752 1476 818 ὡς
1504 750 1675 833 ἡμεῖς
1719 772 1781 811 τε
1826 748 2096 831 ἀξιοῦμεν
2143 751 2239 812 καὶ
2286 751 2323 832 ἢ
2369 754 2484 812 τῶν
2531 752 2883 834 πραγμάτων
2915 751 3022 835 φύ-
3053 768 3107 811 1⁰

463 869 493 917 5
532 872 617 918 σις
663 848 819 935 ἔχειν
866 856 1157 934 μαρτυρεῖ,
1208 855 1311 914 τοῦ
1356 852 1541 915 πάντα
1608 851 1668 920 ἐξ
1712 852 1968 935 ἀνάγκης
2011 874 2074 915 τε
2119 852 2378 934 γίνεσθαι
2423 854 2517 915 καὶ
2563 851 2698 915 καθ’
2755 853 3028 936 εἱμαρμέ-

528 977 653 1039 νην,
700 952 817 1016 ἀλλ’
872 952 1017 1017 εἶναι
1062 949 1153 1016 ἐπ’
1212 950 1342 1035 ἴσης
1386 954 1656 1039 ἑκάτερον
1715 954 1752 1038 ἢ
1797 955 1999 1017 πιστὸν
2045 954 2084 1036 ῆ
2133 953 2348 1036 ἄδηλον
2393 953 2556 1026 αὐτό,
2619 954 2834 1038 ποτέρᾳ
2887 954 3028 1037 δόξῃ

530 1056 837 1120 πείθεσθαι
880 1060 1000 1125 τοῖς
1044 1055 1374 1139 ἀνθρώποις
1420 1056 1853 1141 ἀσφαλέστερόν
1919 1080 1984 1119 τε
2039 1058 2136 1119 καὶ
2180 1057 2637 1141 ἀκινδυνότερον,
2705 1058 2799 1120 καὶ
2865 1062 3030 1119 ποῖον

530 1161 743 1243 ψεῦδος
809 1161 1205 1243 αἱρετώτερον,
1273 1157 1515 1243 πότερον
1581 1160 1647 1223 τὸ
1692 1161 1922 1223 πάντων
1984 1160 2298 1243 γινομένων
2345 1158 2478 1223 καθ’
2533 1159 2887 1245 εἱμαρμένην
2935 1159 3030 1243 [ἢ]
3062 1176 3113 1218 15

538 1263 619 1346 μὴ
667 1262 851 1330 οὕτως
896 1258 1053 1347 ἔχειν
1100 1261 1549 1345 ὑπολαμβάνειν,
1616 1262 1736 1325 ἀλλ’
1813 1262 1962 1326 εἶναι
2015 1263 2112 1325 καὶ
2165 1264 2322 1345 ἡμᾶς
2367 1267 2467 1326 τοῦ
2513 1286 2564 1325 τι
2608 1262 2816 1347 πρᾶξαι
2861 1264 2900 1346 ἢ
2949 1263 3030 1346 μὴ

434 1388 497 1432 ιο
533 1364 741 1449 πρᾶξαι
784 1366 1032 1449 κυρίους,
1102 1364 1141 1448 ῆ
1190 1362 1351 1432 ὄντος
1395 1366 1546 1433 τινὸς
1589 1367 1685 1429 καὶ
1730 1364 1825 1449 ἐφ’
1881 1366 2020 1448 ἡμῖν
2065 1365 2271 1441 οὕτως,
2318 1369 2400 1435 ὥς
2443 1367 2892 1451 προειρήκαμεν,
2938 1390 3032 1428 πε-

534 1468 769 1532 πεῖσθαι
814 1468 879 1531 τὸ
924 1472 1095 1531 τοῦτο
1142 1468 1245 1551 μὲν
1291 1469 1505 1551 ψεῦδος
1548 1468 1713 1541 εἶναι,
1780 1471 1967 1531 πάντα
2033 1469 2099 1531 δὲ
2151 1471 2246 1533 καὶ
2303 1470 2374 1532 τὰ
2420 1469 2518 1553 ὑφ’
2573 1472 2743 1553 ἡμῶν
2789 1468 3028 1552 πραττό·

534 1594 677 1655 μενα
720 1571 869 1635 κατὰ
911 1572 1016 1655 τὴν
1062 1570 1347 1655 ἡμετέραν
1392 1571 1653 1640 ἐξουσίαν
1698 1572 1958 1653 γίνεσθαι
2004 1573 2581 1656 κατηναγκασμένως.
2659 1572 2697 1655 ἢ
2742 1574 3027 1655 γνώριμον
3056 1588 3112 1631 2⁰

533 1673 619 1737 ὅτι
668 1676 721 1737 οἱ
770 1675 872 1758 μὲν
918 1675 1186 1736 ἁπάντων
1231 1673 1543 1755 γινομένων
1589 1672 1725 1737 καθ’
1780 1674 2134 1758 εἱμαρμένην
2167 1675 2374 1743 αὑτοὺς
2421 1674 2716 1743 πείθοντες
2759 1676 2842 1742 ὡς
2878 1674 3026 1743 ἐΕου-

532 1777 659 1839 σίαν
702 1774 947 1861 ἔχοντάς
990 1800 1157 1839 τινων
1201 1780 1301 1837 τοῦ
1348 1799 1410 1838 τε
1454 1777 1725 1859 πράττειν
1792 1776 1939 1839 αὐτὰ
1991 1777 2088 1839 καὶ
2145 1778 2226 1859 μὴ
2287 1776 2452 1841 οὐδὲν
2499 1776 2568 1839 ἂν
2637 1776 2793 1861 παρὰ
2859 1777 3031 1859 τήνδε

428 1900 491 1947 15
528 1881 633 1963 τὴν
678 1880 861 1943 πίστιν
905 1880 967 1941 ἐν
1012 1884 1131 1947 τοῖς
1174 1878 1586 1963 πραττομένοις
1630 1880 1960 1963 ἁμάρτοιεν,
2007 1885 2091 1964 τῷ
2141 1880 2292 1963 μηδὲ
2335 1882 2440 1963 τὴν
2487 1880 2678 1965 ἀρχὴν
2729 1885 2842 1942 τῶν
2888 1904 3031 1962 γινο-
3057 1898 3112 1940 26

532 1983 719 2066 μένων
764 1985 914 2051 τινὸς
958 1981 1067 2067 ὑφ’·
1112 1982 1303 2045 αὑτῶν
1348 1982 1493 2045 εἶναι
1539 1984 1743 2067 κύριοι,
1790 1982 1942 2047 ὥσθ’
1999 1985 2032 2045 ὁ
2077 1984 2330 2052 κίνδυνος
2373 1988 2476 2067 τῆς
2523 1984 2668 2047 κατὰ
2713 1987 2882 2047 τοῦτο
2914 1986 3029 2047 δια-

536 2087 774 2170 μαρτίας
817 2085 1074 2169 πρόεισιν
1120 2085 1295 2169 μέχρι
1342 2086 1637 2169 ῥημάτων.
1727 2087 1779 2149 εἰ
1826 2086 1892 2149 δέ
1936 2109 2021 2168 γε,
2068 2084 2232 2153 ὄντος
2275 2086 2426 2155 τινὸς
2470 2088 2568 2149 καὶ
2613 2086 2709 2169 ἐφ’
2763 2088 2904 2170 ἡμῖν
2933 2089 3028 2150 καὶ

534 2190 893 2273 μὴπάντων
938 2188 1249 2271 γινομένων
1296 2187 1355 2256 ἐξ
1399 2189 1673 2271 ἀνάγκης,
1744 2190 2054 2253 πείθεσθαι
2101 2190 2206 2272 μὲν
2249 2189 2496 2273 μηδενὸς
2539 2191 2697 2272 ἡμᾶς
2741 2189 2888 2253 εἶναι
2933 2216 3030 2253 κυ-

532 2292 707 2375 ρίους,
776 2292 965 2355 πολλὰ
1016 2291 1449 2375 παραλείψομεν
1495 2296 1612 2353 τῶν
1658 2290 1908 2360 δεόντως
1963 2290 2032 2354 ἂν
2087 2292 2469 2377 πραχθέντων
2535 2291 2638 2376 ὑφ’
2711 2294 2881 2377 ἡμῶν
2936 2295 3030 2356 καὶ
3057 2310 3114 2352 ω

427 2416 497 2463 20
534 2396 627 2458 διὰ
692 2397 757 2459 τὸ
826 2393 1254 2479 βουλεύσασθαι
1298 2396 1425 2478 περὶ
1493 2394 1683 2457 αὐτῶν
1746 2395 1841 2456 καὶ
1889 2395 1984 2457 διὰ
2026 2396 2091 2457 τὸ
2139 2396 2270 2464 τοὺς
2314 2395 2412 2457 ἐπὶ
2456 2400 2576 2465 τοῖς
2619 2395 3033 2480 πραττομένοις

530 2499 827 2581 καμάτους
880 2496 1200 2581 προθύμως
1253 2496 1627 2580 ὑφίστασθαι,
1693 2495 1992 2580 ἀργότεροι
2045 2496 2340 2581 γενόμενοι
2387 2498 2531 2582 πρὸς
2582 2500 2649 2561 τὸ
2706 2498 2777 2562 δι’
2837 2499 3030 2562 αὑτῶν

530 2625 583 2663 τι
632 2598 640 2685 Ι
688 2604 871 2662 ποιεῖν
940 2599 1033 2661 διὰ
1077 2600 1182 2681 τὴν
1250 2600 1436 2663 πίστιν
1481 2606 1603 2678 τοῦ,
1671 2602 1767 2663 καὶ
1824 2602 2005 2683 μηδὲν
2059 2602 2228 2684 ἡμῶν
2283 2601 2844 2685 πραγματευομένων
2899 2603 3028 2685 περὶ
3067 2608 3135 2663 70

526 2708 641 2766 τῶν
673 2702 993 2786 πρακτέων,
1026 2703 1090 2765 τὸ
1121 2702 1356 2786 ὀφεῖλον
1386 2700 1507 2785 (ἂν)
1538 2700 1822 2803 γενέσθαι.
1896 2702 2081 2771 οὕτως
2111 2704 2176 2767 δὲ
2206 2704 2422 2767 τούτων
2455 2702 2710 2787 ἐχόντων
2743 2703 3030 2788 πρόδηλον

531 2809 611 2875 ὡς
657 2806 1035 2890 αἱρετώτερον
1091 2810 1211 2873 τοῖς
1262 2806 1697 2889 φιλοσοφοᾶσιν,
1762 2806 1868 2888 τὴν
1923 2806 2363 2890 ἀκινδυνοτέραν
2408 2808 2541 2869 ὁδὸν
2587 2807 2797 2880 αὐτούς
2841 2831 2904 2869 τε
2947 2810 3031 2871 αἱ·
3083 2824 3112 2866 5

430 2928 497 2977 25
536 2909 763 2993 ρεῖσθαι
806 2910 901 2971 καὶ
948 2909 1081 2975 τοὺς
1124 2908 1340 2977 ἄλλους
1382 2907 1559 2991 ἄγειν.

702 3009 790 3076 Οὐ
838 3016 1034 3095 χεῖρον
1080 3010 1165 3083 δέ,
1230 3012 1447 3074 τούτων
1514 3010 2086 3095 προτεθεωρημένων
2155 3012 2249 3073 καὶ
2304 3010 2453 3074 αὐτὰ
2505 3012 2576 3075 τὰ
2621 3014 2752 3097 περὶ
2797 3016 2902 3096 τῆς
2947 3016 3021 3075 εἱ·
3057 3022 3214 3075 XXII

540 3114 831 3199 μαρμένης
886 3112 987 3176 ὑπ’
1044 3114 1234 3177 αὐτῶν
1280 3114 1565 3197 λεγόμενα
1611 3112 2050 3197 παραθεμένους
2096 3114 2256 3187 ἰδεῖν,
2323 3113 2386 3176 ει
2420 3138 2544 3177 τινα
2589 3115 2856 3199 τοιαύτην
2903 3112 3028 3201 ἔχει

534 3219 681 3303 βίαν,
730 3242 808 3285 ως
853 3215 1092 3299 εὔλογον
1138 3216 1281 3279 εἶναι
1326 3218 1419 3279 διὰ
1465 3217 1569 3299 τὴν
1614 3217 1758 3339 πρὸς
1810 3218 1876 3279 τὸ
1922 3216 2142 3298 ἀληθὲς
2186 3216 2511 3301 οἰκειότητα
2565 3220 2660 3279 καὶ
2705 3223 2822 3280 τῶν
2867 3218 3025 3303 ἐναρ-
3058 3237 3112 3279 ιο

532 3326 651 3403 γῶν
696 3343 881 3389 ουτως
926 3320 1229 3402 ὑπερορᾶν.
1320 3316 1479 3381 ἔσται
1525 3319 1590 3381 δὲ
1634 3322 1773 3414 ἡμῖν
1818 3321 1915 3382 καὶ
1961 3320 1992 3380 6
2038 3341 2168 3402 περι
2214 3320 2434 3382 τούτων
2480 3320 2648 3401 λόγος
2691 3320 2788 3383 ἐπὶ
2831 3327 3026 3385 τοσοῦ-

427 3444 497 3493 30
532 3446 649 3497 τον,
716 3422 809 3507 ἐφ’
865 3422 1001 3485 ὅσον
1048 3422 1169 3485 ἐστὶ
1212 3424 1503 3506 χρήσιμος
1547 3423 1691 3506 πρὸς
1733 3422 1807 3483 τὰ
1851 3420 2217 3505 προκείμενα.
2307 3424 2482 3506 φασὶν
2537 3424 2609 3507 δὴ
2671 3424 2766 3485 τὸν
2813 3424 3029 3508 κόσμον

542 3527 729 3603 τόνδε,
773 3526 877 3589 ἕνα
920 3526 1056 3588 ὄντα
1102 3525 1197 3586 καὶ
1242 3526 1426 3588 πάντα
1472 3524 1542 3587 τὰ
1588 3522 1725 3597 ὄντα
1770 3525 1829 3586 ἐν
1876 3524 2036 3609 αὑτῷ
2087 3524 2452 3609 περιέχοντα,
2498 3528 2594 3588 καὶ
2642 3526 2754 3589 ὑπὸ
2799 3526 3032 3611 φύσεως

534 3630 921 3712 διοικούμενον
989 3632 1238 3711 ζωτικῆς
1300 3651 1365 3691 τε
1430 3629 1527 3690 καὶ
1571 3630 1812 3709 λογικῆς
1865 3628 1961 3689 καὶ
2015 3632 2237 3711 νοερᾶς,
2306 3626 2465 3712 ἔχειν
2520 3629 2622 3711 τὴν
2678 3634 2792 3692 τῶν
2852 3628 3032 3695 ὄντων
3061 3650 3115 3690 ιο

434 3904 715 3970 [fortasse
752 3908 973 3957 ποιοῦσιν
1008 3904 1062 3970 (ἢ
1099 3903 1171 3973 μὴ
1206 3908 1365 3955 ποιεῖν
1401 3902 1557 3971 ἔχειν)
1807 3902 1839 3954 2
1877 3900 2164 3972 ἀνθρώπων
2204 3903 2307 3972 βίος
2345 3902 2416 3955 εἰ
2463 3901 2750 3976 ἀνθρώπων
2787 3908 2890 3958 Va¹

429 4010 463 4062 3
500 4008 739 4063 ὑποθοῖτο
772 4014 835 4061 V:
874 4008 1109 4062 ὑπόθοιτο
1146 4010 1250 4059 ⁸¹²:
1288 4005 1573 4060 ὑποτίθοιτο
1610 4007 1799 4059 Lond.:
1845 4005 2083 4059 ὑποθεϊτο
2121 4010 2170 4058 K
2380 3998 2550 4079 ἀληθῆ
2589 4012 2664 4062 sic
2695 4015 2756 4061 V:
2795 4009 2976 4080 ἀληθεῖ
3011 4016 3060 4063 Κ

428 4099 463 4149 4
498 4116 553 4149 τε
591 4113 690 4149 om.
718 4100 767 4149 ε’
915 4097 947 4150 5
984 4103 1224 4166 μαρτυρεῖ
1244 4096 1344 4147 ⁸¹²:
1390 4101 1653 4167 μαρτυρεῖν
1678 4099 1777 4147 VH
1925 4094 1957 4145 6
1993 4095 2210 4147 fortasse
2246 4095 2448 4147 αὐτῶν
2590 4100 2622 4150 8
2659 4100 2861 4155 πάντως
2885 4100 3138 4167 γινόμενον

430 4189 479 4237 Η
504 4204 579 4255 γρ.
609 4186 649 4238 Ε
812 4186 845 4253 ἢ
882 4185 981 4237 del.
1019 4184 1113 4236 B²z
1149 4186 1213 4235 τὰ
1240 4184 1407 4235 Lond.
1436 4186 1481 4236 Ο
1650 4184 1681 4235 9
1718 4184 1859 4243 τουτί
1903 4182 1982 4234 vel
2027 4186 2117 4235 τοῦ
2153 4184 2202 4234 τί
2234 4186 2292 4233 V:
2329 4188 2421 4236 τοῦ
2455 4202 2510 4235 τε
2539 4188 2582 4235 Ε
2749 4186 2806 4235 ll
2848 4184 2907 4237 τὸ
2944 4190 3140 4240 ona-O:

428 4272 645 4325 fortasse
678 4276 764 4342 τῷ
912 4274 990 4324 11.
1022 4272 1084 4323 12
1121 4270 1461 4341 πραττόμενα]
1501 4276 1773 4339 exspectas
1808 4268 2117 4340 πράττεσθαι
2153 4270 2401 4323 δοκοῦντα
2426 4272 2513 4323 καὶ
2661 4272 2722 4323 12
2771 4271 2988 4341 γίνεσθαι
3023 4274 3139 4327 Cas·

428 4360 595 4413 Lond.
616 4364 681 4413 0:
718 4360 902 4430 γίνεται
928 4360 1043 4411 libri
1187 4360 1245 4427 ἢ]
1270 4358 1329 4410 οὑ
1348 4362 1393 4412 Ο
1543 4358 1605 4410 16
1642 4356 1815 4427 κύριος
1838 4359 1892 4409 a¹
2037 4354 2376 4427 ὥσθ’-ἡμᾶς
2413 4357 2536 4410 εἶναι
2555 4358 2670 4425 (18)
2704 4374 2802 4411 om.
2829 4363 2881 4413 αἱ
3024 4362 3140 4415 τοὺ-

427 4466 537 4500 των
557 4451 602 4501 Ο
752 4450 815 4501 18
852 4448 1095 4499 ἁπάντων
1130 4454 1237 4499 τῶν
1257 4450 1302 4500 O
1444 4443 1705 4498 πείθεσθαι
1741 4446 1856 4513 μὲν]
1901 4444 2220 4516 πεισθείημεν
2259 4446 2350 4497 B‘2:
2397 4446 2478 4498 διὰ
2517 4445 2578 4497 τὸ
2613 4444 2872 4501 πείθεσθαι
2909 4456 3000 4501 aut
3035 4468 3139 4502 πει-

428 4534 635 4603 θόμενοι
660 4539 794 4589 coni.
817 4540 861 4590 Ο
1028 4537 1161 4606 ἡμᾶς
1187 4536 1309 4587 εἶναι
1330 4536 1429 4586 Va¹
1445 4555 1459 4584 ι
1496 4535 1621 4587 εἶναι
1655 4534 1789 4604 ἡμᾶς
1808 4538 1884 4586 H:
1923 4532 2070 4592 ὄντας
2094 4536 2150 4587 a²
2315 4532 2375 4585 19
2411 4532 2780 4605 παραλείψομεν
2801 4536 2891 4586 3⁸²:
2929 4536 3138 4607 παραλί-

428 4640 591 4692 πομεν
618 4628 687 4696 Vz·
719 4621 1089 4695 παραλείπομεν
1124 4624 1226 4674 ⁸¹²⁸:
1264 4620 1654 4693 παραλείποιμεν
1682 4622 1846 4674 Lond.
2026 4622 2094 4673 20
2130 4622 2220 4673 alt.
2245 4620 2304 4673 τὸ
2341 4621 2456 4674 Cas.
2495 4620 2662 4673 Lond.
2682 4624 2744 4674 O:
2788 4627 2879 4674 τοῦ
2914 4624 3034 4677 libri

430 4710 492 4763 21
535 4710 810 4781 γευόμενοι,
848 4714 939 4764 eod
979 4730 1009 4762 υ
1045 4716 1097 4763 et
1134 4730 1173 4779 μ
1206 4711 1361 4762 litura
1384 4711 1634 4763 obscurae
1658 4713 1717 4761 V:
1756 4709 2007 4778 γινόμενοι
2033 4714 2076 4760 Ε
2241 4708 2478 4761 αὑτῶνν
2646 4708 2714 4761 23
2751 4708 2949 4779 ὄφειλον
2986 4716 3031 4765 Ο

430 4798 490 4851 ἂν
528 4800 645 4853 add.
684 4800 941 4852 Schwartz
1123 4798 1189 4850 24
1241 4798 1424 4849 αυτοὺσ
1463 4802 1508 4848 V
1686 4797 1769 4848 24.
1810 4797 1878 4849 25
1935 4816 1988 4849 τε
2027 4796 2268 4868 αἱρεῖσθαι
2303 4798 2382 4850 ⁸¹³:
2440 4795 2723 4865 ἐπαίρεσθαι
2761 4802 2890 4851 Va':
2946 4820 3000 4853 τε
3037 4800 3140 4853 ἑλέ-

430 4886 547 4939 σθαι
580 4886 651 4940 13²
830 4886 894 4939 27
934 4884 1275 4957 προθεμένους
1312 4886 1391 4937 ⁸¹²
1566 4886 1637 4937 30
1672 4885 1852 4955 ἐφόσον
1895 4889 1936 4935 V
2116 4885 2178 4937 31
2220 4886 2361 4957 αὐτῷ
2397 4891 2442 4937 V
