3684 5567
554 268 637 331 52
1532 264 1835 321 ΑΠΟΡῙΩΝ
1873 264 1994 321 ΚΑΙ
2033 265 2298 321 ΛΥΣΕΩΝ

661 440 859 524 μένην.
946 442 1198 526 τέσσαρα
1243 446 1379 524 γοῦν
1433 441 1504 503 τὰ
1558 443 1644 510 δὶς
1696 442 1801 504 δύο
1857 442 1918 511 ἐξ
1971 442 2252 523 ἀνάγκης,
2307 440 2376 503 οὐ
2431 440 2546 522 μὴν
2601 438 2734 503 καθ’
2791 438 3160 522 εἱμαρμένην,

660 542 723 606 εἴ
756 568 821 625 γε
867 545 927 607 ἐν
972 550 1091 613 τοῖς
1135 545 1451 627 γινομένοις
1494 546 1560 606 τὸ
1606 543 1743 607 καθ’
1798 542 2186 627 εἱμαρμένην,
2233 541 2374 606 ὥστ’
2431 540 2620 605 οὐκέτ’
2679 541 2746 604 ἂν
2791 543 3029 625 ὁρισμὸς
3069 539 3162 624 εἴη
3214 557 3243 598 5

656 652 759 710 τοῦ
804 648 941 711 καθ’
996 648 1350 732 εἱμαρμένην
1396 650 1427 710 ὁ
1474 647 1642 730 λόγος
1686 648 1719 709 6
1764 647 1972 728 λέγων,
2023 646 2092 710 οὖ
2139 649 2202 709 τὸ
2251 645 2639 729 ἀντικείμενον
2685 645 2985 713 ἀδύνατον,
3029 644 3150 706 ἀλλ’

658 750 913 836 ὑπάρχοι
960 753 1064 834 μὲν
1112 750 1179 814 ἂν
1226 752 1321 814 καὶ
1367 755 1537 813 τοῦτο
1582 754 1701 817 τοῖς
1746 748 1882 813 καθ’
1933 748 2309 833 εἱμαρμένην,
2355 749 2482 811 ἐπεὶ
2527 748 2624 811 καὶ
2667 746 2816 810 αὐτὰ
2861 748 3158 829 ἀναγκαῖα,

583 872 614 919 5
653 851 721 915 οὐ
770 856 885 937 μὴν
932 858 1012 923 ὡς
1090 853 1149 916 π’
1189 853 1320 937 ἴσης
1362 854 1559 922 αὐτοῖς
1600 852 1769 915 εἶναι.
1859 853 1910 915 εἰ
1956 854 2020 915 δὲ
2065 853 2147 935 μὴ
2196 850 2288 914 ἐπ’
2331 850 2484 934 ἴσης.
2527 851 2633 913 οὐκ
2677 849 3022 934 ἐπιστρέψει.
3091 850 3156 913 οὐ
3187 865 3242 907 1⁰

652 957 833 1019 δεῖται
880 958 1110 1025 πάντως
1155 952 1205 1041 ᾤ
1257 958 1321 1019 τὸ
1365 957 1755 1039 ἀντικείμενον
1800 957 2110 1031 ἀδύνατον,
2165 960 2334 1018 τοῦτο
2381 953 2516 1017 καθ’
2571 954 2953 1037 εἱμαρμένην,
3010 954 3160 1016 ἀλλὰ

654 1061 963 1141 ἀναγκαῖον
1017 1064 1217 1127 τοῦτο.
1274 1060 1341 1124 οὗ
1388 1060 1495 1144 γὰρ
1541 1062 1780 1143 ὁρισμὸς
1825 1060 1858 1121 6
1905 1058 2319 1143 προειρημένος
2363 1059 2550 1138 λόγος.
2641 1060 2705 1120 τὸ
2753 1058 2846 1141 ἐφ’
2901 1060 3040 1140 ἡμῖν
3085 1058 3158 1141 δή

652 1161 802 1225 ἐστιν
859 1164 1165 1246 ἀναγκαῖον
1226 1163 1359 1246 μέν,
1425 1164 1511 1226 ὅτι
1558 1168 1669 1225 πᾶν
1722 1164 1789 1225 τὸ
1847 1163 1906 1225 ἐν
1959 1166 2036 1245 τῇ
2083 1160 2252 1243 οὐσία
2305 1162 2453 1229 τινὸς
2509 1160 2572 1223 ὃν
2629 1161 2954 1242 ἀναγκαίως
2998 1160 3158 1245 αὐτῷ
3190 1176 3240 1217 15

652 1265 921 1351 ὑπάρχει,
968 1265 1035 1328 οὐ
1083 1268 1195 1349 μὴν
1242 1263 1378 1329 καθ’
1431 1266 1803 1349 εἱμαρμένην.
1895 1264 1982 1333 οἶς
2025 1264 2133 1347 γὰρ
2179 1263 2313 1325 καθ’
2355 1264 2554 1345 εἱρμὸν
2599 1264 2795 1327 αἰτίων
2841 1264 3158 1346 γινομένοις

552 1388 613 1433 10
652 1369 716 1430 τὸ
761 1370 1149 1451 ἀντικείμενον
1196 1368 1498 1443 ἀδύνατον,
1543 1373 1723 1431 ταῦτα
1768 1368 1863 1451 εἴη
1909 1366 1978 1430 ἂν
2025 1364 2166 1429 καθ’
2225 1367 2597 1450 εἱμαρμένην.

648 1612 753 1674 VI.
846 1609 1001 1679 Πῶς
1046 1612 1372 1695 ἀκίνητον
1418 1610 1527 1694 εἴη
1574 1609 1652 1673 ἂν
1706 1610 1880 1673 κατὰ
1913 1608 2411 1693 Ἀριστοτέλην
2455 1609 2528 1671 τὸ
2581 1614 2851 1691 πρῶτον
2895 1615 3240 1684 κινοῦν,εο

646 1714 839 1795 εἴγε,
908 1718 998 1783 ὡς
1056 1714 1261 1782 αὐτός
1308 1734 1545 1797 φησιν,
1608 1710 1705 1796 [ᾖ]
1750 1710 2046 1774 ἕκαστόν
2092 1712 2278 1775 ἐστιν
2325 1714 2414 1775 ὧν
2469 1714 2654 1776 ἐστιν
2701 1712 2906 1796 ἔργον
2953 1714 3156 1775 ἕνεκα

645 1822 761 1879 τοῦ
794 1816 1032 1901 ἔργου,
1080 1818 1250 1879 θεοῦ
1282 1818 1357 1879 δὲ
1386 1816 1699 1899 ἐνέργεια
1731 1816 2111 1889 ἀθανασία,
2159 1821 2362 1879 τοῦτο
2395 1817 2467 1879 δέ
2512 1816 2660 1879 ἐστι
2707 1818 2849 1898 ζωὴ
2897 1816 3150 1886 ἀίδιος,

976 1920 1151 1983 ὥστε
1198 1920 1463 2002 ἀνάγκη
1509 1924 1606 1997 τῷ
1654 1920 1797 2003 θεῷ
1847 1918 2128 2001 κίνησιν
2174 1919 2399 1982 ἀίδιον
2445 1920 2811 2003 ὑπάρχειν.

544 2113 604 2161 15
796 2090 871 2154 Ἣ
938 2090 1043 2154 οὐκ
1110 2089 1263 2154 ἔστιν
1332 2092 1548 2164 ἐκεῖνο,
1616 2092 1701 2151 ὧν
1754 2090 1908 2152 ἐστιν
1977 2088 2140 2171 ἔργον
2203 2115 2286 2164 τι,
2353 2090 2416 2154 εἴ
2473 2116 2535 2173 γε
2640 2089 2806 2175 ἔργον
2875 2094 2976 2174 μὲν
3043 2094 3148 2175 τὴν
3179 2108 3236 2149 ετ·

642 2196 925 2278 ἐνέργειαν
991 2194 1141 2277 λέγει
1194 2195 1298 2277 τὴν
1354 2198 1435 2261 ὡς
1500 2193 1693 2265 τέλος,
1762 2197 1850 2277 τῷ
1907 2193 1972 2255 δὲ
2039 2192 2203 2255 οὐδὲν
2259 2194 2420 2263 τέλος
2473 2196 2644 2258 ἐστίν.
2735 2198 2772 2278 ἡ
2833 2199 2942 2281 γὰρ
2987 2198 3154 2259 οὐσία
3191 2204 3258 2259 9ῒ

642 2300 819 2362 αὐτοῦ
887 2298 1147 2381 ἐνέργειά
1200 2298 1381 2368 ἐστιν,
1449 2295 1567 2359 ἀλλ’
1634 2296 1739 2357 οὐκ
1796 2294 1859 2357 ὄν
1908 2319 1959 2357 τι
2004 2295 2178 2369 ἄλλο,
2233 2294 2430 2359 ἔπειτα
2485 2298 2756 2382 ἐνέργεια.
2847 2301 3022 2383 δῆλον
3089 2302 3153 2363 δὲ

643 2406 809 2465 τοῦτο
866 2400 938 2465 δι’
995 2402 1025 2463 ὃ
1081 2400 1391 2484 ἐπήνεγκεν
1448 2398 1481 2461 ὅ
1535 2400 1709 2477 ἐστιν,
1752 2398 1913 2461 “ἐπε“ι
1973 2400 2037 2461 δὲ
2092 2401 2123 2461 6
2177 2399 2418 2481 οὐρανὸς
2471 2406 2744 2470 τοιοῦτος.
2816 2408 2988 2485 σῶμα
3041 2404 3152 2489 ἄρα
3205 2420 3234 2460 ὅ

640 2502 853 2581 θεῶν’,
899 2506 1085 2567 ἐκεῖνο
1128 2504 1239 2589 γὰρ
1284 2504 1351 2567 οὐ
1398 2508 1673 2566 τοιοῦτον.

2273 2764 2543 2847 ρήσειυς
2589 2763 2741 2851 ἔχει
2786 2768 2858 2830 τὸ
2907 2768 3150 2836 ἄποιος

2267 2890 2385 2937 ους
2430 2870 2503 2931 τὸ
2545 2872 2989 2934 πεποιῶσθαι
3039 2876 3232 2936 mim

534 2788 602 2833 20
641 2767 776 2829 VII.
867 2763 953 2828 Τι’
992 2762 1189 2827 ἔσται
1238 2766 1273 2847 ἡ
1324 2765 1447 2846 ὕλη
1494 2764 1557 2825 εἰ
1598 2765 1779 2845 παρὰ
1827 2763 1947 2843 μὲν
1995 2768 2113 2845 τῆς
2145 2784 2178 2825 σ

640 2870 820 2933 εἶναι
864 2870 979 2931 καὶ
1022 2868 1589 2953 ἀσχημάτιστος,
1637 2867 1817 2949 παρὰ
1865 2868 1940 2928 δὲ
1984 2872 2105 2930 τοῦ
2152 2891 2181 2929 ε

1614 2971 2167 3055 ἐσχηματίσθαι.

2190 2786 2262 2825 τε

2195 2867 2253 2929 rc:

793 3140 935 3228 Ὕλη
984 3146 1035 3207 εἰ
1080 3143 1236 3227 παρὰ
1292 3144 1395 3224 μὲν
1441 3148 1545 3226 τῆς
1594 3144 1924 3226 στερήσεως
1977 3141 2104 3227 ἔχει
2163 3144 2226 3206 τὸ
2273 3142 2476 3212 ἄποιος
2528 3144 2670 3208 εἶναι
2728 3147 2822 3210 καὶ
2879 3148 3146 3233 ἀσχημά-

642 3269 854 3321 τιστος,
909 3248 1063 3329 παρὰ
1120 3248 1185 3308 δὲ
1240 3251 1341 3308 τοῦ
1388 3245 1577 3314 εἴδους
1630 3248 1695 3307 τὸ
1752 3247 2123 3309 πεποιῶσθαι
2177 3250 2270 3309 καὶ
2317 3248 2777 3332 ἐσχηματίσθαι,
2837 3256 2920 3335 τῷ
2967 3253 3148 3334 αὐτῆς

536 3372 600 3419 ‘25
640 3351 797 3434 λόγῳ
844 3353 898 3413 τί
938 3350 1125 3429 ἔσται;
1180 3350 1217 3431 ἢ
1263 3350 1480 3411 τούτων
1526 3354 1641 3410 τῶν
1690 3348 2043 3433 ἀποφάσεων
2079 3352 2138 3412 ἐν
2182 3355 2258 3433 τῇ
2290 3356 2394 3433 τῆς
2426 3352 2566 3435 ὅλης
2597 3353 2794 3436 φύσει·
2851 3356 2996 3418 κατὰ
3041 3356 3150 3440 γὰρ
3180 3372 3230 3413 15

643 3456 741 3516 τὸν
788 3454 967 3535 αὑτῆς
1012 3452 1177 3533 λόγον
1231 3451 1365 3514 οὔτε
1410 3452 1612 3519 ἄποιος
1658 3450 1790 3514 οὔτε
1836 3455 2002 3522 ποιοί,
2061 3458 2144 3521 ὡς
2189 3455 2222 3515 6
2267 3454 2579 3538 ἅνθρωπος
2633 3457 2782 3519 κατὰ
2827 3460 2924 3521 τὸν
2969 3460 3145 3523 αὑτοῦ

640 3558 807 3639 λόγον
855 3556 985 3617 οὔτε
1036 3556 1291 3636 ἄμουσος
1344 3554 1477 3617 οὔτε
1532 3553 1823 3635 μουσικός.
1916 3556 2192 3640 ὁπότερον
2247 3559 2385 3641 γάρ,
2449 3560 2501 3621 εἰ
2555 3558 2713 3645 εἶχεν
2771 3560 2830 3623 ἐν
2885 3567 2968 3645 τῷ
3021 3564 3145 3647 ἰδίῳ

642 3660 820 3743 λόγῳ.
867 3660 975 3721 οὐκ
1022 3656 1087 3719 ἂν
1135 3658 1205 3741 ἧν
1254 3658 1312 3719 ἐν
1359 3664 1445 3742 τῷ
1497 3659 1679 3741 ἑτέρῳ
1726 3657 2049 3739 γενόμενον.
2141 3662 2326 3729 οὕτως
2369 3660 2468 3724 οὖν
2514 3665 2608 3725 καὶ
2656 3668 2729 3747 τῇ
2781 3664 2890 3747 ὕλη
2938 3666 3030 3750 εἴη
3077 3666 3146 3728 ἂν

642 3766 706 3826 τὸ
753 3764 864 3844 ὅλῃ
911 3760 1057 3825 εἶναι
1111 3761 1217 3823 οὐκ
1272 3761 1332 3823 ἐν
1378 3767 1461 3845 τῷ
1510 3768 1660 3845 ποιῷ
1709 3762 1872 3828 εἶναι,
1928 3759 2046 3823 ἀλλ’
2103 3762 2162 3824 ἐν
2219 3787 2300 3846 τῳ
2351 3764 2792 3849 ἐπιτηδειότητα
2847 3766 3004 3853 ἔχειν
3050 3770 3145 3831 καὶ
3175 3786 3229 3826 2⁰

1151 3867 1181 3883 F!

534 3888 603 3935 30
640 3868 907 3948 δύναμιν,
952 3862 1086 3927 καθ’
1143 3889 1215 3949 ην
1262 3864 1381 3927 ἐστι
1427 3866 1657 3948 δεκτικὴ
1706 3867 2061 3948 ποιοτήτων.
2117 3866 2182 3928 τὸ
2227 3865 2278 3929 δ’
2336 3866 2539 3931 ἄποιον
2584 3870 2732 3952 αὐτῇ
2783 3872 3145 3957 συμβέβηκεν

573 4060 760 4067 ——·-·—--
1201 4058 1224 4063 -

534 4178 565 4229 5
604 4176 911 4246 ἀναστρέψει
952 4176 1017 4227 13²
1053 4176 1189 4226 coni.
1230 4178 1317 4240 Sp.
1356 4180 1492 4225 recte
1706 4174 1736 4225 6
1776 4172 1932 4226 δεῖται
1969 4178 2087 4243 γοῦν
2124 4175 2285 4227 Vict.:
2329 4172 2378 4227 δ’
2419 4176 2466 4228 εἴ
2497 4196 2544 4229 τι
2581 4178 2676 4229 13²:
2713 4178 2789 4231 δεῖ
2823 4185 2940 4249 γοῦν
2979 4182 3098 4235 εἶναι
3135 4184 3251 4250 Sp.:

532 4266 747 4317 fortasse
786 4260 896 4315 οὐδ’
937 4263 1013 4315 ἀεὶ
1050 4262 1135 4313 καὶ
1349 4261 1378 4312 7
1417 4260 1475 4313 οὗ
1518 4262 1675 4313 vict:
1728 4261 1787 4314 οὺ
1826 4263 1947 4315 libri
2162 4262 2192 4313 9
2232 4264 2464 4336 ὑπάρχει]
2501 4284 2542 4317 ει
2579 4267 2634 4319 in
2673 4267 2748 4319 lit.
2790 4272 2834 4319 V
3079 4272 3250 4340 εἱρμὸν

538 4355 692 4405 vien:
748 4352 1050 4421 εἱμαρμένην
1090 4350 1207 4401 libri
1477 4350 1650 4401 αἰτιῶν
1694 4368 1726 4401 a
1765 4354 1853 4417 Sp.
2142 4352 2201 4402 12
2260 4351 2330 4409 ὡς
2377 4352 2528 4410 αὐτός
2574 4354 2746 4425 φησιν]
2807 4358 2870 4409 de
2917 4358 3058 4409 caelo
3100 4359 3160 4418 ΙΙ,
3200 4358 3250 4410 3.

535 4442 848 4507 28688Μμγ.
1063 4438 1274 4489 ἕκαστον
1310 4436 1378 4489 13²
1413 4440 1525 4504 Sp.:
1565 4436 1597 4507 ᾖ
1638 4438 1850 4490 ἕκαστον
1892 4442 2073 4491 VFSH
2111 4442 2186 4501 (in
2227 4442 2472 4507 mg.)B¹a
2693 4442 2750 4495 13
2789 4444 3007 4514 ἐνεργείᾳ
3045 4464 3076 4495 a

536 4530 603 4579 :20
640 4528 773 4580 ἔσται
812 4529 947 4580 Vir-t.
989 4528 1121 4578 tab.:
1160 4526 1262 4577 ἐστι
1302 4526 1419 4577 libri
1632 4527 1673 4577 εἰ
1714 4527 1848 4577 vict.
1889 4528 2020 4577 tab.:
2061 4526 2093 4595 ἢ
2136 4528 2250 4579 libri
2470 4530 2536 4581 23
2574 4531 2617 4581 εἰ
2657 4532 2819 4583 Victa
2857 4532 2888 4601 ἢ
2931 4534 3046 4585 libri

534 4616 599 4666 25»
638 4617 765 4667 ἐστιν
804 4618 843 4666 Β
1058 4614 1090 4680 ἢ
1130 4614 1309 4666 S¹GF2
1368 4632 1399 4683 η
1440 4614 1533 4663 V¹:
1590 4614 1648 4665 οὗ
1686 4615 1777 4683 γὰρ
1816 4615 1875 4664 ἐκ
1913 4614 2131 4665 Bv²s²a
2167 4618 2282 4681 Sp.:
2341 4616 2400 4668 οὔ
2437 4618 2528 4687 γὰρ
2567 4617 2638 4675 ὡς
2678 4620 2838 4670 vict.:
2893 4620 2924 4687 ἦ
2975 4620 3251 4692 (οὐδετέρα)

534 4704 787 4755 Schwartz
842 4708 975 4753 ron-te
1180 4702 1231 4752 ἐν
1288 4704 1350 4771 τῇ
1392 4704 1651 4753 v¹GsFa:
1712 4702 1741 4770 ἡ
1783 4702 1898 4753 ΨΒ
1946 4704 2078 4753 vict.
2119 4707 2209 4769 sp.
2421 4704 2564 4773 φὺσει
2615 4707 2888 4760 v¹GFSa:
2943 4710 3088 4777 φῦσις
3131 4710 3247 4763 v2'B

538 4792 663 4841 Vici.
690 4795 776 4855 sp.
976 4790 1040 4840 :27
1082 4788 1147 4854 εἰ]
1196 4788 1253 4839 ἃν
1302 4791 1343 4841 εἰ
1380 4790 1622 4841 v2’s2'13a:
1668 4788 1727 4839 ἂν
1766 4792 1855 4855 Sp.
2072 4792 2138 4841 28
2177 4790 2442 4859 γενόμενον
2479 4797 2594 4860 Sp.:
2631 4796 2898 4863 γενόμενος
2935 4796 3046 4848 libri

534 4876 599 4927 :29
638 4878 937 4945 2:02133v¹sz1
976 4882 1089 4943 Sp.:
1128 4880 1249 4947 ποιᾷ
1286 4880 1431 4929 v213:
1468 4878 1630 4929 ἀποίω
1670 4881 1759 4928 GF
1938 4878 2008 4930 30
2043 4878 2174 4949 αὐτῇ
2213 4880 2328 4931 WB
2365 4886 2482 4947 Sp.:
2529 4881 2682 4950 αὐτῆς
2720 4884 2958 4936 v¹GFSa
