3684 5567
611 234 690 304 14
1325 233 1780 293 ΑΛΕΞΑΝΔΡΟΥ
1819 230 2124 294 ΑΠΟΡΙΩΝ
2166 231 2287 292 ΚΑΙ
2328 233 2591 292 ΛΥΣΕΩΝ

713 547 818 610 VI.
913 545 1063 614 Πῶς
1116 547 1176 608 εί
1233 549 1490 626 μᾶλλον
1544 547 1618 609 τὸ
1677 547 1857 630 ὕδωρ
1912 547 2093 631 ὕδωρ
2150 545 2323 610 κατὰ
2374 549 2446 610 τὸ
2502 547 2766 632 ψυχρὸν
2820 548 2859 630 ἢ
2904 547 3076 610 κατὰ
3119 547 3195 608 τὸ

714 649 942 733 ὑγρόν,
1005 652 1044 734 ἡ
1093 651 1210 732 μὲν
1265 650 1363 718 εἰς
1416 651 1488 712 τὸ
1549 651 1807 734 θερμὸν
1854 649 2066 713 αὐτοῦ
2114 651 2190 713 ἐκ
2233 655 2356 713 τοῦ
2404 655 2671 734 ψυχροῦ
2728 649 3077 734 μεταβολὴ
3124 647 3201 711 οὖ

857 755 1134 837 φθείρει
1179 752 1376 830 αὐτό,
1422 755 1459 836 4,
1507 754 1580 815 δὲ
1624 754 1699 816 ἐκ
1740 759 1860 816 τοῦ
1908 755 2113 836 ὑγροῦ
2158 755 2257 822 εἰς
2302 756 2374 814 τὸ
2422 754 2706 836 στερεὸν
2752 753 3047 836 φθείρει.
3224 767 3283 809 25

883 923 955 989 Εἰ
1001 927 1219 1008 μᾶλλον
1263 926 1328 987 τὸ
1373 925 1530 1008 ὕδωρ
1575 925 1729 1009 ὕδωρ
1775 925 1927 988 ἐστὶν
1975 924 2120 987 κατὰ
2166 925 2231 987 τὸ
2264 925 2491 1008 ψυχρὸν
2536 925 2575 1007 ἢ
2622 925 2687 987 τὸ
2734 924 2923 1008 ὑγρόν,
2970 927 3051 992 ὡς
3098 927 3213 1005 πῦρ

640 1047 670 1097 5
713 1028 816 1109 μὲν
864 1027 1009 1091 κατὰ
1056 1029 1120 1090 τὸ
1169 1028 1387 1112 θερμὸν
1437 1025 1444 1110 Ι
1496 1031 1714 1109 μᾶλλον
1761 1029 1798 1110 ἢ
1848 1026 2047 1111 ξηρόν,
2100 1028 2213 1110 ἀὴρ
2269 1028 2333 1089 δὲ
2375 1027 2523 1090 κατὰ
2578 1028 2641 1089 τὸ
2688 1027 2856 1109 ὑγρὸν
2904 1030 3121 1109 μᾶλλον
3166 1026 3205 1109 ἢ
3254 1032 3313 1089 31

715 1131 961 1215 θερμόν,
1014 1137 1090 1214 γῆ
1135 1132 1200 1194 δὲ
1244 1130 1390 1194 κατὰ
1446 1132 1510 1193 τὸ
1559 1131 1726 1215 ξηρὸν
1775 1134 1993 1212 μᾶλλον
2038 1130 2077 1212 ἢ
2124 1127 2383 1214 ψυχρόν,
2440 1131 2494 1191 τί
2535 1130 2753 1212 δήποτε
2807 1129 2952 1191 κατὰ
3000 1130 3101 1212 μὲν
3146 1131 3211 1191 τὸ

713 1237 881 1319 ὑγρὸν
930 1236 1286 1320 μεταβάλλον
1341 1233 1448 1298 οὐκ
1495 1232 1646 1298 ἔστιν
1701 1235 1858 1316 ὕδωρ
1910 1233 2007 1317 (οὐ
2054 1233 2159 1317 γὰρ
2206 1232 2361 1315 ὕδωρ
2415 1233 2447 1295 ὃ
2494 1231 2905 1315 κρύσταλλος),
2960 1233 3106 1295 κατὰ
3150 1232 3216 1294 δὲ
3268 1247 3297 1290 5

710 1341 776 1402 τὸ
823 1339 1047 1423 ψυχρὸν
1101 1339 1460 1422 μεταβάλλον
1519 1338 1674 1421 ὕδωρ
1729 1335 1812 1400 ἔτι
1858 1337 2043 1418 μένεις
2110 1337 2265 1418 ὕδωρ
2318 1339 2425 1420 γάρ
2470 1335 2590 1398 ἐστι
2644 1338 2739 1399 καὶ
2786 1337 3003 1420 θερμὸν
3055 1334 3206 1418 γενό·

713 1465 899 1526 μενον.
998 1441 1180 1504 καίτοι
1247 1441 1313 1505 οὐ
1369 1441 1434 1503 τὸ
1479 1445 1594 1524 πῦρ
1651 1441 2009 1524 μεταβάλλον
2064 1439 2211 1502 κατὰ
2264 1439 2328 1500 τὸ
2386 1439 2600 1522 θερμὸν
2647 1443 2761 1524 πῦρ
2806 1437 2917 1511 ἔτι,
2988 1437 3121 1502 οὔθ’
3176 1440 3209 1501 ὁ

610 1565 672 1612 10
711 1546 826 1628 ἀὴρ
872 1545 924 1607 εἰ
969 1543 1116 1606 κατὰ
1167 1545 1232 1606 τὸ
1279 1543 1448 1627 ὑγρὸν
1507 1543 1885 1629 μεταβάλλοι,
1938 1541 2057 1606 ἀλλ’
2114 1543 2250 1605 οὐδὲ
2305 1547 2378 1624 γῆ
2428 1543 2586 1624 μένει
2641 1544 2679 1624 ἡ
2728 1543 2876 1604 κατὰ
2934 1544 2997 1605 τὸ
3044 1543 3211 1625 ξηρὸν

713 1648 1176 1732 μεταβάλλουσα.
1265 1647 1614 1729 ἐπιζητήσαι
1661 1643 1711 1708 δ’
1769 1643 1838 1707 ἄν
1886 1669 1969 1714 τις
2014 1647 2108 1708 καὶ
2153 1650 2321 1708 τοῦτο
2366 1645 2457 1706 ἐπ’
2514 1645 2723 1718 αὐτοῦ,
2771 1645 2830 1708 τί
2868 1647 3113 1729 δήποτε,
3160 1645 3213 1708 εἰ
3242 1662 3297 1702 ιο

711 1750 856 1813 κατὰ
901 1751 968 1812 τὸ
1013 1750 1238 1833 ψυχρὸν
1283 1749 1443 1833 αὐτῷ
1491 1751 1555 1812 τὸ
1601 1748 1772 1822 εἶναι,
1821 1751 1858 1833 4,
1906 1749 2051 1812 κατὰ
2098 1749 2161 1812 τὸ
2208 1749 2429 1833 ψυχρὸν
2476 1748 2735 1818 ἐπίτασις
2776 1749 3001 1832 φθείρει
3046 1747 3207 1827 αὐτό,

707 1851 770 1916 εἴ
815 1877 877 1934 γε
935 1854 1213 1936 πήγνυται
1273 1851 1375 1933 μὲν
1431 1851 1526 1913 διὰ
1579 1853 1684 1935 τὴν
1741 1853 2211 1936 ὑπερβάλλουσαν
2266 1852 2633 1935 ψυχρότητα,
2690 1851 2869 1933 παγὲν
2914 1851 2979 1914 δὲ
3023 1851 3214 1914 οὐκέτι

709 1954 862 2017 ἐστὶν
911 1955 1068 2039 ὕδωρ
1099 1955 1375 2038 ἐνεργείᾳ.
1445 1954 1580 2017 οὐδὲ
1623 1955 1729 2038 γὰρ
1779 1957 1817 2038 ἡ
1854 1953 1999 2017 κατὰ
2045 1957 2109 2016 τὸ
2142 1955 2358 2035 θερμὸν
2398 1953 2653 2022 ἐπίτασις
2692 1956 2873 2037 πυρὸς
2902 1953 3213 2039 φθαρτική,
3243 1971 3296 2013 ιε

606 2079 667 2126 15
705 2056 841 2120 οὔτε
887 2061 923 2142 4,
971 2059 1119 2122 κατὰ
1161 2059 1228 2120 τὸ
1263 2058 1433 2142 ὑγρὸν
1479 2057 1670 2142 ἀέρος,
1717 2056 1851 2121 οὔτε
1893 2063 1999 2141 γῆς
2043 2059 2083 2141 4,
2115 2057 2263 2119 κατὰ
2310 2057 2373 2118 τὸ
2422 2055 2611 2140 ξηρόν,
2658 2053 2791 2120 οὔθ’
2834 2055 2985 2124 ὅλως
3028 2055 3209 2120 ἄλλου

711 2164 860 2230 τινὸς
904 2164 941 2245 4,
991 2161 1138 2225 κατὰ
1183 2163 1248 2225 τὸ
1293 2162 1504 2226 οἰκεῖον
1551 2159 1704 2229 εἶδος
1747 2161 2001 2230 ἐπίτασις
2044 2161 2273 2244 φθορᾶς
2320 2161 2491 2222 αἰτία.
2562 2157 2654 2244 (ἢ)
2699 2160 2826 2224 ἐπεὶ
2872 2162 2909 2243 4,
2954 2160 3101 2224 κατὰ
3144 2163 3210 2222 τὸ

708 2266 936 2350 ψυχρὸν
987 2266 1072 2334 εἰς
1114 2265 1179 2328 τὸ
1229 2266 1444 2349 θερμὸν
1499 2265 1790 2348 μεταβολὴ
1848 2267 1947 2326 τοῦ
2006 2263 2213 2332 ὕδατος
2264 2262 2434 2346 ἀέρος
2490 2265 2612 2325 ἐστὶ
2656 2263 2959 2347 γεννητική
3014 2263 3212 2346 (οὐδὲν
3239 2281 3299 2324 2⁰

705 2369 812 2452 γὰρ
860 2367 980 2430 οἶόν
1033 2391 1098 2431 τε
1141 2366 1286 2430 ἄλλο
1335 2373 1508 2446 σῶμα
1561 2365 1622 2436 ἐξ
1677 2367 1883 2433 ὕδατος
1926 2365 2074 2429 κατὰ
2130 2365 2311 2451 μόνην
2366 2367 2469 2450 τὴν
2516 2367 2581 2429 ἐκ
2625 2371 2728 2430 τοῦ
2785 2372 3015 2453 ψυχροῦ
3060 2367 3212 2450 γενέ·

712 2473 845 2536 σθαι
894 2471 1271 2556 μεταβολήν),
1315 2471 1422 2534 οὐκ
1467 2468 1590 2534 ἔστι
1631 2471 1697 2532 δὲ
1741 2471 1856 2553 ἀὴρ
1906 2471 2123 2554 θερμὸς
2170 2472 2376 2554 μόνον,
2422 2469 2573 2532 ἀλλὰ
2620 2471 2716 2533 καὶ
2762 2470 2959 2554 ὑγρός,
3006 2472 3102 2534 καὶ
3145 2471 3212 2534 τό

599 2595 667 2642 20
702 2597 768 2656 γε
821 2574 968 2638 εἶναι
1020 2574 1183 2658 αὐτῷ
1235 2573 1364 2658 ἀέρι
1417 2573 1566 2636 κατὰ
1617 2572 1721 2656 τὴν
1777 2573 2068 2657 ὑγρότητα
2122 2577 2371 2656 μᾶλλον,
2432 2571 2555 2637 ἔστι
2608 2572 2661 2636 δ’
2716 2572 2831 2659 οὐχ
2886 2573 3085 2655 ὅμοιον
3142 2575 3207 2637 τὸ
3234 2591 3292 2634 ὅ

706 2679 875 2761 ὑγρὸν
929 2674 990 2740 ἔν
1035 2701 1096 2740 τε
1151 2677 1312 2740 ὕδατι
1368 2677 1464 2740 καὶ
1517 2675 1644 2760 ἀέρι
1697 2677 1792 2758 (τὸ
1839 2678 1944 2759 μὲν
1997 2677 2107 2760 γὰρ
2160 2677 2317 2759 ὕδωρ
2370 2677 2728 2762 παχύτερον,
2782 2678 2869 2740 διὸ
2924 2679 3023 2740 καὶ
3080 2679 3209 2741 ἀνα·

706 2782 1048 2865 πληστικόν,
1101 2783 1139 2863 4,
1187 2781 1253 2843 δὲ
1295 2785 1397 2843 τοῦ
1443 2781 1618 2864 ἀέρος
1671 2778 1919 2864 ὑγρότης
1961 2780 2205 2861 λεπτή),
2260 2779 2328 2842 οὐ
2376 2778 2549 2862 μόνον
2606 2782 2699 2844 δεῖ
2738 2786 2842 2865 τῆς
2890 2779 2898 2864 Ι
2946 2781 3094 2844 κατὰ
3138 2784 3205 2846 τὸ
3244 2791 3320 2848 32

703 2885 928 2970 ψυχρὸν
973 2888 1056 2968 τῷ
1106 2884 1268 2947 ῦὸατι
1315 2883 1671 2968 μεταβολῆς,
1725 2884 1877 2946 ἀλλὰ
1928 2884 2025 2947 καὶ
2072 2888 2175 2966 τῆς
2228 2884 2375 2946 κατὰ
2428 2885 2493 2946 τὸ
2538 2883 2727 2966 ὑγρόν.
2819 2887 2914 2946 καὶ
2963 2887 3208 2968 μάλιστα

699 2988 826 3050 ἐπεὶ
871 2989 909 3071 4,
955 2989 1148 3050 τοιάδε
1195 2985 1440 3070 ὑγρότης
1483 2987 1771 3055 εἰδοποιὸς
1814 2990 1917 3049 τοῦ
1964 2987 2164 3071 ἀέρος,
2208 2987 2290 3055 εἰς
2337 2985 2401 3048 ὃν
2446 2988 2485 3068 4,
2532 2987 2679 3050 κατὰ
2722 2987 2786 3050 τὸ
2832 2990 3057 3073 ψυχρὸν
3102 2993 3205 3052 τοῦ

597 3111 662 3159 25
701 3091 908 3158 ὕδατος
955 3089 1276 3174 μεταβολή,
1331 3091 1369 3173 ἡ
1415 3091 1482 3152 δὲ
1525 3089 1674 3152 κατὰ
1725 3091 1792 3152 τὸ
1837 3089 2009 3173 ὑγρὸν
2062 3093 2149 3173 τῷ
2206 3090 2368 3152 ὕδατι
2418 3090 2711 3174 μεταβολὴ
2768 3091 2881 3154 ὑπὸ
2928 3096 3029 3154 τοῦ
3075 3093 3205 3176 θερ-
3260 3108 3289 3152 ⁵

705 3199 816 3278 μοῦ
863 3194 959 3257 καὶ
1004 3197 1104 3256 τοῦ
1159 3192 1220 3256 ἐν
1275 3193 1464 3277 τούτῳ
1521 3191 1694 3277 ξηροῦ
1750 3193 1963 3274 γίνεται
2012 3189 2388 3260 λεπτόνοντος
2441 3192 2582 3255 αὐτὸ
2637 3194 2735 3256 καὶ
2788 3194 2892 3278 τὴν
2938 3193 2999 3256 ἐν
3043 3195 3207 3280 αὐτῷ

701 3297 1008 3383 παχύτητα
1057 3297 1541 3381 μεταβάλλοντος,
1589 3299 1714 3381 ἥτις
1760 3297 2061 3381 μεταβολὴ
2108 3298 2289 3359 δεῖται
2336 3295 2581 3380 χρόνου,
2626 3294 2722 3359 διὰ
2765 3301 2956 3372 τοῦτο,
3004 3298 3210 3383 μέχρις

704 3401 772 3465 ἄν
818 3403 856 3484 4,
911 3399 971 3462 ἐν
1027 3405 1111 3484 τῷ
1171 3399 1334 3462 ὕδατι
1389 3398 1670 3482 γενομένη
1727 3398 2019 3483 θερμότης
2073 3400 2177 3483 τὴν
2236 3399 2521 3484 ὑγρότητα
2576 3400 2661 3469 εἰς
2710 3405 2983 3463 τοσοῦτον
3040 3425 3205 3482 μετα·
3234 3418 3290 3460 ιο

703 3505 914 3589 βάλλῃ,
961 3505 1040 3570 ὡς
1087 3501 1240 3570 εἶδος
1285 3501 1454 3585 ἀέρος
1484 3501 1774 3583 γενέσθαι,
1820 3501 1979 3586 ὕδωρ
2022 3499 2108 3564 ἔτι
2155 3501 2311 3583 μένει
2352 3501 2436 3577 ὄν,
2483 3501 2551 3565 οὐ
2581 3507 2807 3565 τοιοῦτο
2853 3505 2957 3585 μὲν
3002 3503 3204 3566 ὁποῖον

599 3627 665 3676 3ο
701 3610 767 3671 τὸ
813 3607 1114 3690 εἱλικρινὲς
1161 3606 1336 3688 ὕδωρ,
1384 3605 1536 3668 ἀλλὰ
1579 3606 1942 3689 λεπτότερον.
2033 3604 2373 3688 λεπτότερον
2418 3603 2527 3689 γὰρ
2570 3605 2635 3667 τὸ
2682 3605 2825 3669 αὐτὸ
2868 3605 3026 3691 ὕδωρ
3072 3607 3203 3691 θερ-

593 3784 596 3788 ,
707 3711 925 3795 μανθὲν
971 3710 1010 3792 ἢ
1057 3711 1168 3792 πρὸ
1214 3713 1346 3784 τοῦ,
1405 3710 1502 3772 καὶ
1556 3709 1628 3771 τὰ
1673 3707 2097 3792 ἀποψυχθέντα
2151 3709 2216 3771 δὲ
2270 3710 2438 3771 πάλιν
2496 3709 2677 3772 ὕδατα
2727 3709 3044 3794 λεπτότερα
3087 3715 3203 3774 τῶν

698 3814 802 3896 τὴν
847 3812 1040 3896 ἀρχὴν
1091 3813 1171 3896 μὴ
1205 3810 1710 3895 τεθερμασμένων.
1781 3811 1914 3878 ὁδὸς
1960 3811 2065 3895 γὰρ
2112 3815 2195 3895 τῷ
2228 3811 2388 3874 ὕδατι
2434 3817 2538 3895 τῆς
2568 3812 2651 3880 εἰς
2694 3811 2841 3897 ἀέρα
2872 3815 3200 3898 μεταβολῆς
3226 3829 3283 3872 15

699 3919 736 4001 4,
787 3913 1109 4000 θερμότης,
1165 3916 1261 3978 καὶ
1306 3913 1422 3998 οὐχ
1467 3915 1665 3998 ὅμοιον
1709 3913 1775 3976 τὸ
1823 3915 1977 3997 ὕδωρ
2026 3915 2353 3999 θερμανθέν
2398 3937 2461 3978 τε
2504 3916 2599 3978 καὶ
2644 3917 2755 4000 πρὸ
2802 3920 2923 3979 τοῦ.
3014 3921 3097 3985 ὡς
3140 3915 3191 3980 δ’

702 4021 740 4103 4,
788 4018 1082 4104 θερμότης
1139 4020 1242 4102 τὴν
1299 4017 1584 4102 ὑγρότητα
1625 4017 1910 4094 λεπτύνει,
1966 4017 2150 4086 οὕτως
2194 4020 2363 4081 πάλιν
2410 4020 2446 4100 4,
2502 4017 2798 4103 ψυχρότης
2850 4019 3097 4105 παχύνει
3141 4043 3203 4083 τε

593 4142 660 4192 35
701 4125 796 4186 καὶ
843 4123 1188 4207 συνίστησιν.
1279 4122 1377 4184 καὶ
1423 4121 1550 4184 ἐπεὶ
1595 4122 1632 4204 4,
1681 4121 1915 4205 τοιαύτη
1972 4126 2074 4184 τοῦ
2121 4121 2295 4206 ὑγροῦ
2350 4121 2619 4190 σύστασις
2666 4122 2777 4184 ὑπὸ
2822 4125 2925 4184 τοῦ
2970 4127 3198 4207 ψυχροῦ
3227 4139 3285 4181 ω

701 4227 762 4290 ἐν
807 4225 1008 4312 χρόνῳ
1053 4227 1152 4290 καὶ
1205 4225 1354 4308 αὐτὴ
1399 4225 1639 4306 γίνεται,
1703 4223 1796 4285 διὰ
1841 4227 2011 4286 τοῦτο
2056 4223 2193 4288 οὐδὲ
2248 4225 2280 4286 ὁ
2334 4225 2449 4308 ἀὴρ
2496 4225 2749 4309 ψυχθεὶς
2801 4226 2955 4310 ὕδωρ
3000 4226 3197 4299 εὐθύς,

591 4401 661 4408 -.-
694 4403 703 4407 -

595 4505 616 4554 1
661 4497 795 4571 ὕδιὸρ
833 4501 990 4553 semel
1029 4519 1061 4551 a
1097 4499 1184 4567 Sp.
1411 4498 1444 4565 ἢ
1483 4499 1614 4551 κατὰ
1655 4499 1810 4551 Vict.:
1852 4497 1909 4550 οὗ
1948 4499 2079 4550 κατὰ
2118 4501 2351 4551 VFSLa:
2390 4497 2448 4550 οὐ
2488 4502 2567 4551 Ga
2797 4499 2825 4551 7
2864 4499 2959 4553 οὐκ
2998 4501 3128 4554 ἔστιν
3168 4499 3306 4574 ὕδωρ

591 4605 690 4642 om.
731 4607 764 4640 a
979 4588 1041 4640 10
1077 4583 1382 4655 μεταβάλλοι
1419 4601 1549 4638 corr.
1587 4603 1650 4640 ex
1691 4585 1987 4656 μεταβάλλει
2012 4589 2079 4638 F:
2120 4585 2419 4655 μεταβάλλει
2454 4591 2497 4640 1,
2536 4597 2587 4638 et
2624 4589 2756 4640 coni.
2794 4587 2881 4656 Sp.
3104 4591 3161 4642 11
3202 4591 3307 4644 ἐπι-

591 4675 802 4746 ζητῆσαι
843 4678 888 4726 V
1109 4673 1168 4726 16
1223 4673 1256 4742 ἡ
1299 4673 1412 4725 add.
1451 4675 1638 4728 B²S²a
1856 4674 1918 4727 17
1966 4675 2203 4746 γενητική
2242 4693 2273 4726 a
2310 4675 2397 4742 Sp.
2614 4673 2693 4726 19.
2734 4673 2802 4726 20
2854 4675 2913 4728 τό
2959 4694 3013 4745 γε
3056 4675 3130 4728 V²
3168 4677 3307 4730 Vict.

589 4763 706 4831 Sp.:
745 4763 803 4816 τό
840 4781 896 4816 τε
934 4763 1177 4815 v¹FSLa
1391 4759 1474 4814 21.
1514 4761 1580 4814 22
1627 4761 1686 4814 ἂν
1725 4761 2033 4832 ἀπληστικόν
2070 4781 2102 4815 a
2314 4763 2377 4814 :22
2416 4760 2511 4830 δεῖ]
2550 4757 2601 4813 δ’
2642 4763 2685 4814 εἰ
2726 4763 2791 4812 V¹
2834 4763 2987 4828 (corr.
3028 4763 3119 4828 ν’)

591 4851 658 4902 33
695 4849 726 4919 ἢ
765 4869 797 4901 a
986 4849 1051 4902 36
1091 4851 1176 4901 καὶ
1213 4847 1340 4919 αὑτὴ
1379 4849 1509 4902 Vict.
1549 4851 1664 4918 Sp.:
1704 4851 1788 4902 καὶ
1825 4869 1953 4924 αυτη
1984 4854 2045 4902 V:
2084 4851 2169 4901 καὶ
2206 4847 2333 4920 αὕτη
2372 4853 2440 4901 B:
2478 4849 2511 4919 ἡ
2551 4849 2755 4921 τοιαὺτη
2794 4853 3004 4904 GFSLa
