3684 5567
539 289 660 353 198
1375 291 1380 294 ’
1424 285 1882 346 ΑΛΕΞΑΝΔΡΟΥ
1922 284 2376 342 ΑΦΡΟΔΙΣΙΕΩΣ

642 457 936 544 τελειότης
983 462 1086 542 μὲν
1132 461 1239 546 γὰρ
1285 463 1324 545 ἡ
1372 463 1552 546 ἀρετὴ
1599 463 1695 525 καὶ
1743 461 1837 546 [ἡ]
1886 461 2139 547 ἀκρότης
2182 467 2287 546 τῆς
2340 463 2554 530 οἰκείας
2608 463 2841 546 φύσεως
2886 463 3153 536 ἑκάστου,

643 564 924 627 ἀδύνατον
970 565 1036 626 δὲ
1079 565 1283 634 ἀτελές
1325 589 1378 627 τι
1426 564 1490 627 ὃν
1535 566 1596 627 ἐν
1643 564 1959 647 τελειότητι
2004 563 2169 645 εἶναι,
2216 565 2419 634 ἀτελὲς
2462 565 2527 628 δὲ
2572 567 2637 629 τὸ
2668 565 2974 647 γενόμενον
3006 565 3151 628 εὐθὺ

644 671 727 750 τῷ
775 667 1100 749 γενέσθαι),
1147 667 1284 731 οὐδὲ
1326 668 1431 752 τὴν
1477 668 1688 752 ἀρετὴν
1735 667 1857 731 οἷόν
1902 691 1966 731 τε
2011 669 2109 731 τὸν
2156 667 2465 752 ἄνθρωπον
2510 665 2773 753 (ἔχοντα)
2816 673 3010 748 φῦναι.
3084 669 3151 730 οὐ
3184 685 3237 726 ιο

648 772 762 853 μὴν
809 772 1142 855 ἀσύμβολος
1185 774 1224 854 ἡ
1272 771 1442 854 φύσις
1485 771 1647 855 αὐτῷ
1697 773 1841 854 πρὸς
1884 771 1991 854 τὴν
2038 775 2239 855 κτῆσιν
2284 770 2485 854 αὐτῆς,
2531 769 2653 833 ἀλλ’
2697 768 2824 854 ἔχει
2867 768 3001 852 παρ’
3058 769 3155 832 αὐ·

573 893 604 940 5
643 878 750 954 τῆς
795 875 1034 956 δύναμίν
1080 898 1143 936 τε
1187 875 1284 938 καὶ
1329 872 1765 959 ἐπιτηδειότητα
1831 874 2097 956 δεκτικὴν
2154 873 2354 958 αὐτῆς,
2422 874 2493 957 ἣν
2550 871 2716 934 οὐδὲν
2783 876 2898 933 τῶν
2960 871 3154 934 ἄλλων

646 973 818 1060 ζῴων
871 974 1018 1061 ἔχει.
1109 978 1206 1039 καὶ
1263 977 1356 1039 διὰ
1415 977 1586 1058 τήνδε
1631 977 1736 1057 τὴν
1799 976 2037 1059 δύναμιν
2094 977 2127 1040 ὁ
2172 974 2484 1060 ἄνθρωπος
2548 980 2666 1038 τῶν
2720 973 2912 1036 ἄλλων
2983 970 3152 1057 ζῴων
3184 991 3236 1032 1⁵

644 1078 814 1161 φύσει
846 1079 1128 1164 διαφέρει,
1161 1079 1346 1142 καίτοι
1377 1083 1608 1142 πολλῶν
1641 1077 1813 1164 ζῴων
1847 1078 2303 1160 ἀπολειπόμενος
2334 1079 2394 1140 ἐν
2425 1084 2545 1146 τοῖς
2591 1082 2941 1159 σωματικοῖς
2986 1080 3155 1140 πλεο-

644 1183 1010 1264 νεκτήμασιν.
1056 1184 1110 1244 εἰ
1135 1182 1236 1264 μὲν
1263 1180 1361 1243 οὖν
1393 1182 1578 1250 οὕτως
1601 1180 1840 1266 εἴχομεν
1874 1178 2005 1263 παρ’
2040 1180 2223 1264 αὐτῆς
2252 1181 2356 1263 τὴν
2386 1181 2623 1264 δύναμιν
2652 1170 2903 1262 τῆν’τῶν
2932 1179 3155 1260 ἀρετῶν

645 1284 930 1365 δεκτικήν,
963 1287 1042 1354 ὡς
1075 1282 1367 1368 προιόντες
1401 1285 1496 1347 καὶ
1527 1284 1914 1367 τελειούμενοι
1947 1283 2043 1346 καὶ
2082 1283 2292 1365 ταύτην
2323 1284 2657 1367 λαμβάνειν,
2699 1284 2782 1350 ὡς
2814 1282 2881 1343 τὸ
2915 1303 3156 1364 περιπα-

545 1407 608 1453 10
645 1391 782 1462 τεῒν,
831 1390 913 1455 ὥς
957 1386 1022 1448 τὸ
1069 1387 1326 1461 ὀδόντας,
1383 1389 1464 1454 ὡς
1493 1388 1557 1449 τὸ
1589 1387 1780 1468 γένεια
1826 1387 2011 1470 φύειν,
2058 1389 2143 1454 ὡς
2172 1385 2316 1448 ἄλλο
2348 1408 2398 1448 τι
2430 1390 2543 1448 τῶν
2576 1385 2985 1468 ἐπιγινομένων
3014 1385 3155 1466 ἡμῖν
3182 1401 3239 1442 ω

648 1489 796 1552 κατὰ
827 1488 1018 1572 φύσιν,
1051 1487 1175 1552 οὐδ’
1217 1489 1403 1556 οὕτως
1435 1488 1502 1551 ἂν
1536 1487 1631 1572 ἐφ’
1673 1491 1813 1572 ἡμῖν
1847 1488 1996 1572 ἦσαν
2028 1488 2088 1550 αἱ
2120 1487 2319 1572 ἀρεταὶ
2350 1489 2549 1570 ὥσπερ
2580 1487 2717 1550 οὐδὲ
2744 1491 2860 1549 τῶν
2892 1508 3157 1570 προειρη-

651 1573 840 1673 μένων
871 1615 944 1666 τι,
979 1590 1105 1652 ἐπεὶ
1137 1592 1202 1652 δὲ
1235 1591 1314 1673 μὴ
1349 1595 1548 1654 τοῦτον
1585 1592 1683 1655 τὸν
1714 1591 1927 1674 τρόπον
1958 1589 2135 1658 αὐτὰς
2166 1591 2447 1672 κτώμεθα
2490 1591 2572 1672 (εἰ
2600 1589 2707 1672 γὰρ
2738 1588 2810 1673 ἧν
2856 1590 3055 1671 ὥσπερ
3085 1588 3157 1651 τὰ

644 1693 815 1768 ἄλλα,
845 1694 1030 1761 οὕτως
1063 1694 1126 1755 δὲ
1158 1696 1254 1756 καὶ
1283 1693 1559 1778 φρόνησίς
1593 1717 1654 1756 τε
1684 1695 1779 1756 καὶ
1811 1695 1991 1776 ἀρετὴ
2024 1696 2144 1759 τοῖς
2174 1691 2505 1774 ἀνθρώποις
2535 1695 2805 1774 συγγενῆ,
2846 1694 3053 1760 πάντες
3086 1691 3154 1753 ἂν
3184 1709 3239 1750 25

643 1796 682 1879 ἢ
730 1797 795 1858 οἵ
815 1817 880 1878 γε
926 1800 1206 1871 πλεῖστοι,
1253 1796 1452 1878 ὥσπερ
1497 1799 1614 1858 τῶν
1659 1795 1855 1859 ἄλλων
1900 1795 2047 1858 κατὰ
2090 1793 2260 1878 φύσιν
2306 1793 2503 1862 αὐτοῖς
2532 1796 2931 1878 τυγχάνουσιν,
2978 1795 3165 1861 οὕτως

543 1920 602 1966 15
642 1898 710 1960 οὐ
757 1899 862 1981 τὴν
907 1898 1144 1981 δύναμιν
1211 1901 1315 1982 τὴν
1362 1903 1477 1960 τῶν
1533 1897 1756 1982 ἀρετῶν
1825 1897 2091 1978 δεκτικὴν
2150 1894 2351 1978 μόνην,
2420 1897 2569 1959 ἀλλὰ
2636 1899 2731 1960 καὶ
2784 1897 2885 1965 τὰς
2946 1897 3158 1980 ἀρετὰς

644 2000 821 2069 αὐτὰς
867 1999 1003 2085 παρ’
1059 2000 1286 2084 ἐκείνης
1329 1999 1396 2063 ἂν
1444 1999 1684 2084 εἴχομεν
1731 2002 1827 2063 καὶ
1876 1999 2041 2062 οὐδὲν
2109 1996 2234 2060 οὐδ’
2290 1998 2478 2067 οὕτως
2532 1996 2600 2060 ἂν
2657 1996 2775 2060 ἔδει
2818 1999 3068 2062 ἐπαίνων
3115 1999 3241 2082 ἣευ

645 2103 840 2188 ψόγων
888 2102 927 2187 ἥ
957 2125 1109 2171 τινος
1141 2107 1256 2166 τῶν
1289 2102 1561 2166 τοιούτων
1607 2103 1703 2164 ἐπὶ
1753 2100 1873 2185 [δὲ]
1920 2105 2045 2169 ταῖς
2089 2100 2317 2182 ἀρεταῖς
2354 2123 2417 2162 τε
2446 2102 2543 2163 καὶ
2587 2101 2811 2168 κακίαις
2860 2101 3157 2185 θειοτέραν

645 2204 932 2289 πρόφασίν
999 2227 1062 2266 τε
1115 2205 1212 2267 καὶ
1257 2204 1456 2268 οὐσίαν
1502 2209 1608 2286 τῆς
1650 2203 1969 2287 παρουσίας
2012 2203 2205 2266 αὐτῶν
2252 2200 2537 2287 ἔχουσιν),
2608 2202 2735 2265 ἐπεὶ
2782 2205 2854 2286 δὴ
2902 2203 3015 2288 οὐχ
3061 2203 3157 2266 οὕ·

653 2332 766 2376 τως
813 2305 942 2391 ἔχει
1008 2304 1106 2388 (οὐ
1153 2306 1261 2389 γὰρ
1327 2304 1461 2373 τοὺς
1505 2307 1724 2374 πάντας
1769 2305 1905 2368 οὐδὲ
1971 2304 2106 2374 τοὺς
2150 2304 2452 2373 πλείστους
2505 2305 2738 2389 ὁρῶμεν
2804 2306 2907 2374 τὰς
2952 2305 3161 2388 ἀρετὰς

539 2431 608 2478 20
645 2408 909 2494 ἔχοντας,
953 2409 984 2471 ὃ
1031 2413 1146 2469 τῶν
1200 2407 1346 2470 κατὰ
1391 2408 1559 2491 φύσιν
1603 2407 1920 2489 γινομένων
1967 2404 2222 2489 σηξμεῖόν
2270 2405 2444 2482 ἐστιν,
2512 2405 2631 2470 ἀλλ’
2688 2408 2984 2491 ἀγαπητὸν
3050 2408 3151 2470 ἕνα
3192 2416 3266 2472 88

645 2536 756 2576 που
824 2513 1022 2595 λαβεῖν
1090 2514 1372 2586 τοιοῦτον,
1441 2509 1503 2579 ὃς
1549 2506 1623 2572 δι’
1679 2511 1991 2592 ἀσκήσεώς
2034 2531 2097 2570 τε
2144 2505 2241 2571 καὶ
2287 2511 2657 2579 διδασκαλίας
2712 2511 2992 2573 δείκνυσιν
3055 2512 3161 2594 τὴν

646 2619 762 2676 τῶν
809 2615 1142 2696 ἀνθρώπων
1189 2613 1330 2694 πρὸς
1375 2611 1448 2673 τὰ
1491 2609 1642 2674 ἄλλα
1697 2615 1825 2696 ζῷα
1871 2613 2119 2694 φυσικὴν
2166 2610 2513 2687 πλεονεξίαν,
2582 2611 2654 2674 δι’
2710 2615 2890 2676 αὑτοῦ
2936 2634 3161 2697 προστι·

649 2717 774 2784 θεὶς
819 2717 884 2778 τὸ
930 2716 1238 2795 ἀναγκαῖον
1285 2713 1479 2777 ἐνδέον
1526 2715 1695 2796 ἡμῶν
1741 2718 1816 2796 τῇ
1866 2713 2086 2796 φύσει),
2154 2714 2248 2777 διὰ
2320 2718 2489 2777 τοῦτο
2543 2713 2639 2800 ἐφ’
2695 2717 2837 2798 ἡμῖν
2892 2716 2954 2778 τέ
3010 2716 3165 2780 ἐστιν
3218 2735 3247 2776 5

649 2822 687 2902 ἡ
734 2823 850 2882 τῶν
897 2819 1119 2902 ἀρετῶν
1167 2823 1368 2900 κτῆσις
1413 2817 1510 2880 καὶ
1555 2817 1660 2885 οὐκ
1725 2816 2013 2902 ἄχρηστοι
2060 2816 2195 2880 οὐδὲ
2242 2819 2430 2902 μάτην
2476 2817 2611 2880 οὔτε
2654 2820 2711 2881 οἱ
2757 2815 2981 2882 ἔπαινοι
3024 2817 3160 2881 οὔτε

548 2943 613 2990 25
654 2925 710 2986 οἱ
757 2921 925 3006 ψόγοι
972 2919 1107 2983 οὔτε
1153 2919 1265 3004 <αἱ>
1312 2921 1451 3003 πρὸς
1501 2919 1708 3004 βελτίω
1755 2923 2076 3004 προτροπαὶ
2122 2919 2255 2983 οὔθ’
2312 2924 2348 3004 ἡ
2396 2920 2490 2983 διὰ
2521 2925 2637 2982 τῶν
2668 2921 2975 3006 βελτιόνων
3006 2921 3165 2984 ἐθῶν

653 3024 798 3088 κατὰ
843 3024 977 3092 τοὺς
1022 3021 1234 3105 νόμους
1280 3023 1504 3106 ἀγωγή.
1593 3026 1709 3083 τῶν
1779 3022 1884 3104 μὲν
1952 3024 2061 3106 γὰρ
2121 3023 2292 3106 φύσει
2347 3024 2491 3087 τισὶν
2560 3023 2941 3108 ὑπαρχόντων
2996 3024 3162 3086 οὐδὲν
3194 3043 3249 3084 ιο

652 3127 775 3190 οἷόν
822 3149 886 3188 τε
932 3125 1043 3188 ὑπό
1088 3148 1237 3193 τινος
1281 3123 1455 3194 ἔθους
1521 3125 1752 3187 ἀλλοῖον
1795 3125 2069 3206 γενέσθαι
2130 3125 2278 3211 (οὐχ
2322 3126 2509 3194 οὕτως
2552 3128 2829 3194 πολλάκις
2882 3127 2945 3188 τὸ
2992 3127 3167 3210 βάρος

655 3229 794 3315 ἔχον
842 3231 1360 3312 ἀναρριφθήσεται,
1407 3232 1488 3296 ὡς
1531 3227 1842 3312 ἐθισθῆναι
1886 3228 2034 3291 κατὰ
2080 3230 2183 3311 τὴν
2228 3229 2407 3292 αὑτοῦ
2452 3228 2623 3312 φύσιν
2668 3227 2789 3292 ἄνω
2834 3228 3167 3312 φέρεσθαι),

651 3332 725 3395 τὰ
768 3333 832 3394 δὲ
877 3332 1000 3416 ἤθη
1046 3335 1160 3394 τῶν
1207 3331 1538 3413 ἀνθρώπων
1584 3335 1710 3392 τοῖα
1757 3332 1857 3394 καὶ
1899 3335 2030 3393 τοῖα
2077 3330 2171 3393 διὰ
2216 3335 2333 3394 τῶν
2380 3331 2769 3414 διαφερόντων
2814 3331 2973 3394 ἐθῶν
3026 3333 3166 3413 γίνε-

550 3570 571 3621 1
626 3569 658 3638 ἡ
697 3568 796 3620 del.
837 3567 1096 3620 Schwartz
1347 3567 1378 3618 2
1433 3566 1609 3620 two-6
1659 3568 1734 3620 sic
1775 3571 1820 3622 H
2072 3569 2105 3621 3
2152 3569 2229 3637 τῷ
2277 3567 2533 3638 ἀνθρώπῳ
2581 3569 2747 3622 Lond.
2796 3571 2843 3622 Ο
3093 3571 3275 3641 ἔχοντα

544 3655 660 3708 add.
689 3655 758 3708 13²
936 3659 1184 3725 συμφῦναι
1213 3653 1379 3707 Lond.
1407 3659 1452 3708 O
1632 3657 1664 3706 4
1704 3655 1826 3724 μὴν]
1867 3656 2037 3723 μέντοι
2074 3655 2238 3708 Lond.
2262 3659 2307 3710 O
2492 3661 2651 3724 αυτῆς
2678 3661 2723 3707 V
2904 3655 2938 3709 Ξ)
2976 3658 3138 3724 αυτῆς
3156 3661 3201 3706 V

546 3742 575 3792 7
622 3741 848 3810 πολλῶν]
904 3749 1009 3794 τῶν
1057 3741 1227 3794 ἄλλων
1257 3744 1316 3794 'O
1497 3743 1529 3793 8
1579 3741 1781 3814 εἴχομεν
1828 3741 1943 3794 Cas·
1986 3747 2058 3796 O:
2116 3743 2298 3814 ἔχομεν
2346 3744 2466 3796 libri
2685 3742 2716 3794 9
2754 3761 2809 3795 τε
2846 3743 2934 3794 καὶ
2969 3741 3073 3794 τελ.
3111 3741 3165 3794 a’

551 3831 612 3881 12
650 3829 701 3881 δὲ
740 3829 810 3898 μὴ
849 3830 947 3895 (sic
986 3829 1102 3882 coll.
1141 3829 1212 3880 m¹
1253 3829 1391 3896 quod
1429 3829 1706 3896 scripserat
1743 3829 1813 3898 μὴ
1854 3828 1926 3892 δὲ)
1966 3832 2031 3881 V:
2080 3830 2206 3898 μηδὲ
2244 3829 2323 3882 ³¹²
2510 3830 2551 3882 εί
2604 3830 2695 3899 γὰρ
2752 3828 2815 3898 ἧν
2868 3829 3033 3882 Lond.
3082 3833 3154 3882 0:
3214 3830 3272 3882 οὐ

545 3917 636 3987 γὰρ
673 3917 735 3986 ἦν
775 3917 902 3966 Va¹=
959 3913 1096 3968 οὕτω
1153 3915 1214 3984 ἠν
1264 3915 1342 3967 12⁸³:
1391 3915 1423 3985 ἦ
1462 3917 1553 3987 γὰρ
1592 3915 1650 3968 ἂν
1688 3915 1751 3985 ἧν
1787 3916 1883 3968 13²:
1934 3917 1975 3968 εί
2015 3917 2104 3984 μὲν
2142 3919 2235 3988 γὰρ
2272 3917 2336 3988 ἠν
2374 3917 2490 3969 Cas,
2676 3917 2738 3968 13
2788 3917 2872 3968 καὶ
2918 3918 3099 3974 πάντες
3136 3917 3207 3970 13²

553 4005 613 4055 14
652 4003 710 4055 ἂν
748 4003 918 4055 αὐτῶν
953 4001 1226 4074 ἐτύγχανον
1264 4005 1350 4054 καὶ
1385 4003 1483 4054 B2:
1541 4003 1712 4056 αὐτῶν
1749 4001 2042 4073 τύγχανοιεν
2079 4003 2244 4056 Lond.
2285 4009 2356 4057 0:
2395 4003 2565 4061 αὔτως
2601 4005 2926 4076 τυγχάνουσιν
2966 4005 3165 4057 Gereke

551 4093 630 4142 14.
667 4091 728 4143 15
767 4089 931 4147 οὕτως
957 4088 1014 4140 οὺ
1052 4089 1143 4158 τὴν
1165 4089 1302 4140 13²3:
1342 4088 1507 4147 οὕτως
1532 4089 1620 4142 οὖν
1646 4091 1739 4159 τὴν
1762 4090 1915 4142 Va¹³t
1954 4088 2119 4148 οὕτως
2150 4090 2238 4144 οὖν
2263 4095 2351 4143 καὶ
2376 4093 2468 4162 τὴν
2491 4095 2565 4144 K:
2606 4089 2770 4149 οὕτως
2806 4091 2894 4143 οὖν
2922 4090 2980 4142 οὐ
3006 4093 3100 4160 τὴν
3128 4093 3273 4146 (Ἴδε-ε

547 4175 712 4235 οὕτως
748 4177 835 4230 οὖν
877 4176 991 4229 οὐδὲ
1016 4176 1108 4246 τὴν
1151 4177 1310 4228 Lond.
1334 4181 1378 4230 O
1567 4178 1624 4228 16
1666 4177 1724 4228 ἂν
1763 4175 1964 4250 εἴχομεν
2001 4175 2067 4242 (εἴ
2101 4183 2153 4229 et
2192 4198 2219 4231 ο
2246 4179 2303 4230 in
2340 4179 2443 4244 lit.)
2472 4182 2513 4231 B
2542 4179 2684 4232 Cas.:
2724 4178 2783 4230 ἂν
2821 4179 3025 4252 ἔχωμεν
3047 4179 3175 4231 Va¹z
3216 4179 3273 4232 ἂν

547 4265 733 4334 ἔχομεν
773 4269 841 4316 1⁴2:
881 4265 1128 4337 ἀνέχομεν
1165 4265 1220 4316 a²
1439 4265 1498 4315 17
1557 4263 1610 4316 δὲ
1655 4265 1822 4318 delevi
2073 4265 2268 4318 ἔπαινοί
2314 4285 2371 4318 τε
2421 4268 2507 4318 καὶ
2556 4265 2704 4335 ψόγοι
2751 4267 2967 4334 γίνονται
3014 4274 3133 4334 post
3179 4287 3269 4319 κα-

549 4355 680 4410 κίαις
734 4354 834 4404 ἰηε.
881 4353 950 4404 Β2
1167 4352 1230 4404 18
1276 4351 1470 4417 οὐσίαν]
1509 4351 1646 4405 ὁσίαν
1686 4353 1837 4420 Casp.
1880 4356 1952 4406 O:
2009 4353 2168 4405 αἰτίαν
2208 4353 2406 4407 Gercke
2622 4354 2826 4423 εἴχομεν
2865 4353 2981 4407 Cas.
3021 4355 3067 4407 Ο

550 4440 613 4509 δὴ
662 4437 757 4510 οὐχ
806 4439 1017 4506 scripsi:
1074 4433 1125 4489 δ’
1165 4438 1262 4507 οὐχ
1310 4440 1454 4491 libri:
1513 4439 1600 4491 οὖν
1652 4439 1750 4511 οὐχ
1797 4441 1853 4491 in
1902 4440 1977 4491 lit.
2016 4439 2085 4493 Β2
2288 4441 2357 4494 20
2414 4439 2691 4512 ἀγαπητὸν]
2740 4460 2767 4491 ν
2814 4443 2871 4493 in
2918 4440 2995 4493 lit.
3036 4445 3085 4492 V

549 4526 612 4576 21
657 4525 733 4592 ὃς]
775 4543 799 4582 ς
835 4541 876 4577 s.
903 4541 950 4577 v.
975 4527 1042 4577 V¹
1257 4525 1323 4576 22
1369 4544 1432 4577 τα
1471 4529 1518 4577 V
1697 4525 1855 4579 αὐτοῦ
1890 4531 1939 4575 V
2154 4525 2221 4579 23
2272 4529 2320 4579 τί
2358 4529 2485 4579 ἐστιν
2524 4529 2690 4580 Lond.
2732 4531 2777 4581 O
3028 4528 3095 4580 24
3141 4527 3277 4592 οὐδὲ]

551 4612 667 4664 οὔτε
704 4614 749 4664 O
967 4629 1040 4678 pr.
1078 4610 1216 4676 οὔτε]
1254 4611 1315 4664 bt
1349 4613 1407 4665 in
1443 4613 1522 4664 lit.
1553 4618 1596 4665 V
1814 4613 1881 4666 25
1920 4613 2037 4666 οὔτε
2072 4614 2124 4666 αἱ
2162 4615 2285 4685 πρὸς
2324 4613 2503 4684 βελτίω
2540 4615 2635 4668 B⁹z
2674 4614 2733 4667 οὐ
2770 4613 2896 4683 πρὸς
2932 4613 3143 4684 βελτίων
3182 4616 3275 4666 V¹:

551 4698 665 4750 οὔτε
700 4697 825 4770 πρὸς
863 4698 1072 4768 βελτίων
1109 4716 1157 4750 ν.
1184 4715 1230 4750 c.
1257 4699 1408 4751 Va¹²z
1457 4699 1572 4753 οὔτε
1619 4701 1670 4752 αἱ
1705 4700 1830 4770 πρὸς
1858 4699 2053 4770 βέλτιον
2092 4706 2267 4756 HEO:
2307 4699 2421 4754 οὔτε
2461 4702 2583 4772 πρὸς
2622 4701 2801 4770 βελτίω
2826 4703 2967 4756 Cam:
3006 4702 3122 4756 οὔτε
3159 4702 3279 4774 πρὸς

553 4785 745 4855 βέλτιον
783 4786 948 4838 Lond.
1165 4787 1226 4836 27
1269 4785 1386 4858 οὐχ]
1427 4783 1542 4839 οὐδ’
1585 4789 1660 4840 vel
1699 4788 1758 4840 οὐ
1795 4790 1888 4860 γὰρ
1928 4789 2127 4842 Gercke
2348 4789 2416 4842 28
2452 4787 2846 4862 ἀναριφθήσεται
2883 4794 2932 4842 V
3146 4791 3279 4861 παρὰ

552 4873 752 4926 Gercke
931 4872 996 4925 :29
1035 4873 1354 4926 τοιὰ-τοιὰ
1393 4879 1438 4926 V
