3684 5567
1404 232 1663 289 ΗΘΙΚΩΝ
1704 236 1719 290 Ι
1730 232 2234 290 ΙΡΟΒΛΗΜΑΊῺΝ
2275 236 2306 289 5
3094 234 3216 299 125

590 407 775 477 οὕτως
819 411 1074 494 διαιρεῖν.
1150 412 1316 473 δοκεῖ
1340 411 1447 494 γὰρ
1480 412 1517 493 ἡ
1550 408 1706 493 λύπη
1739 414 1813 493 τῇ
1849 410 2066 492 ἑαυτῆς
2095 408 2265 493 φύσει
2309 409 2488 472 κακὸν
2517 407 2664 471 εἶναι
2707 413 2827 476 τοῖς
2859 405 3097 492 ἔχουσιν

590 509 791 594 αὐτήν.
883 512 1005 576 ἀλλ’
1058 513 1110 575 εἰ
1154 513 1309 595 λύπη
1355 511 1565 585 κακόν,
1626 514 1693 575 τὸ
1748 510 1801 575 δ’
1859 512 2112 575 ἐναντίον
2167 516 2252 595 τῷ
2309 515 2476 595 κακῷ
2531 510 2755 593 ἀγαθὸν
2813 511 2852 594 ἢ
2899 507 3100 585 κακόν,

590 614 788 697 δεήσει
840 617 939 678 καὶ
992 616 1095 698 τὴν
1150 616 1368 698 ἡδονὴν
1428 615 1684 679 ἐναντίαν
1740 613 1917 679 οὖσαν
1979 618 2057 698 τῇ
2112 614 2270 697 λύπῃ
2325 614 2546 696 ἀγαθὸν
2607 614 2646 696 ἢ
2702 614 2880 676 κακὸν
2937 612 3100 675 εἶναι.
3157 626 3186 667 5

588 714 805 799 εὑρέθη
853 719 918 780 δὲ
962 716 1097 781 οὔτε
1141 722 1303 780 πᾶσα
1348 717 1569 799 ἀγαθὸν
1616 714 1762 781 οὖσα
1806 716 1944 780 οὔτε
1987 720 2148 779 πᾶσα
2193 714 2390 791 κακόν,
2443 714 2514 797 ἦν
2562 716 2627 779 δέ
2672 739 2754 783 τις
2798 715 2894 778 καὶ
2940 713 3098 777 ἀδιά-

518 836 548 883 5
585 840 781 902 φορος.
873 818 968 904 ἆρ’
1024 818 1123 883 οὖν
1169 820 1208 902 ἡ
1257 820 1361 903 μὲν
1408 819 1603 903 ἀγαθὴ
1658 820 1842 887 οὕτως
1897 818 2058 883 ἔσται
2103 818 2330 881 ἐναντία
2385 823 2458 899 τῇ
2505 818 2696 901 λύπῃ,
2753 820 2832 886 ὥς
2877 814 3100 897 ἀγαθὸν

588 924 787 1004 κακῷ,
843 922 881 1003 ἡ
936 923 1001 985 δὲ
1055 922 1339 1007 μοχθηρὰ
1382 926 1464 991 ὡς
1517 924 1695 985 κακὸν
1751 928 1949 1007 κακῷς
2011 919 2129 983 ἀλλ’
2187 921 2240 983 εἰ
2291 922 2497 997 οὕτως,
2551 922 2607 983 τί
2649 921 2768 1005 χρὴ
2823 919 2954 1002 περὶ
2997 922 3102 1000 τῆς
3131 932 3185 974 1⁰

587 1022 911 1107 ἀδιαφόρου
968 1022 1179 1106 λέγειν;
1240 1022 1313 1107 ἧν
1366 1025 1475 1107 γὰρ
1529 1024 1624 1087 ἐπὶ
1679 1030 1801 1093 ταῖς
1856 1022 2196 1107 ἀδιαφόροις
2248 1023 2552 1109 ἐνεργείαις
2607 1021 2907 1105 γινομένη,
2971 1022 3100 1104 ἥτις

588 1123 695 1188 οὐκ
758 1124 922 1189 ἔσται
987 1126 1212 1189 ἐναντία
1262 1126 1443 1209 λύπῃ,
1512 1125 1673 1191 ἔσται
1726 1131 1811 1210 τῷ
1869 1130 2034 1211 κακῷ
2089 1126 2156 1189 οὐ
2225 1125 2400 1209 μόνον
2467 1126 2645 1189 κακὸν
2713 1126 2812 1187 καὶ
2872 1124 3094 1205 ἀγαθὸν

586 1226 831 1303 ἐναντία,
878 1227 1030 1291 ἀλλὰ
1075 1229 1171 1292 καὶ
1212 1229 1550 1313 ἀδιάφορον,
1597 1228 1739 1311 ὅπερ
1786 1227 1855 1291 οὐ
1904 1229 2080 1291 δοκεῖ.
2149 1229 2188 1311 ἢ
2236 1230 2354 1314 χρὴ
2402 1233 2518 1291 τῶν
2565 1230 2793 1311 ἡδονῶν
2839 1226 3099 1290 καθόλου
3130 1242 3181 1283 15

488 1349 550 1397 10
588 1330 859 1413 διαίρεσιν
906 1332 1300 1415 ποιησάμενον
1355 1332 1552 1416 λαβεῖν
1598 1332 1701 1399 τὰς
1754 1330 1858 1411 μέν
1910 1354 2065 1400 τινας
2117 1330 2310 1394 αὐτῶν
2356 1329 2501 1394 εἶναι
2556 1329 2702 1392 κατὰ
2761 1327 2932 1412 φύσιν
2979 1333 3099 1397 τοῖς

585 1433 889 1516 ἡδομένοις
934 1433 1139 1513 αὐτάς,
1197 1435 1298 1503 τὰς
1344 1436 1409 1497 δὲ
1454 1435 1612 1517 παρὰ
1656 1432 1847 1517 φύσιν.
1939 1433 2086 1497 κατὰ
2131 1433 2301 1518 φύσιν
2356 1434 2462 1517 μὲν
2505 1433 2609 1502 τὰς
2651 1432 2953 1517 γινομένας
2995 1431 3093 1493 ἐπὶ

582 1538 705 1605 ταῖς
749 1536 897 1598 κατὰ
940 1536 1111 1619 φύσιν
1142 1536 1449 1620 ἡδομένοις
1494 1536 1819 1620 ἐνεργείαις,
1867 1535 2027 1619 παρὰ
2071 1536 2238 1619 φύσιν
2286 1536 2350 1597 δὲ
2395 1537 2478 1598 ὧν
2522 1535 2620 1599 καὶ
2663 1535 2940 1618 ἐνέργειαι
2985 1558 3096 1597 τοι·
3121 1550 3180 1592 2⁰

580 1642 768 1701 αὗται.
836 1640 1069 1722 ἑκάστῳ
1114 1638 1222 1722 γὰρ
1271 1637 1412 1723 ζῴῳ
1457 1639 1573 1703 εἰσί
1614 1662 1760 1708 τινες
1798 1637 2016 1703 οἰκεῖα(
2055 1662 2117 1701 τε
2162 1640 2258 1703 καὶ
2305 1638 2452 1701 κατὰ
2496 1639 2666 1723 φύσιν
2699 1638 2891 1702 αὐτῶν
2937 1637 3092 1722 ἐνέρ-

578 1764 743 1823 γειαι.
835 1740 931 1804 καὶ
975 1739 1085 1824 γὰρ
1139 1741 1459 1825 ἀνθρώπου
1516 1742 1657 1805 εἰσὶν
1706 1741 1990 1825 ἐνέργειαί
2037 1764 2183 1810 τινες
2229 1740 2376 1804 κατὰ
2432 1740 2534 1822 τὴν
2581 1741 2898 1825 ἀνθρώπου
2945 1738 3093 1822 γινό-

479 1862 539 1911 15
580 1866 747 1926 μεναι
790 1843 991 1927 φύσιν,
1044 1844 1143 1907 καὶ
1195 1844 1377 1907 ἵππου
1434 1844 1582 1907 κατὰ
1632 1844 1738 1926 τὴν
1792 1848 1896 1906 τοῦ
1955 1843 2163 1919 ἵππου,
2221 1846 2316 1908 καὶ
2361 1843 2530 1910 κυνὸς
2585 1844 2680 1905 καὶ
2735 1847 2850 1905 τῶν
2898 1842 3092 1907 ἄλλων
3121 1858 3177 1901 25

582 1944 755 2031 ζῴων
802 1946 1047 2027 ὁμοίως,
1104 1946 1186 2008 ὧν
1232 1948 1329 2009 καὶ
1372 1946 1476 2015 τὰς
1519 1946 1733 2029 ἡδονὰς
1776 1946 1927 2009 κατὰ
1972 1946 2141 2029 φύσιν
2189 1948 2284 2009 καὶ
2329 1946 2510 2013 αὐτὰς
2555 1946 2674 2030 χρὴ
2721 1944 2906 2027 λέγειν
2953 1945 3094 2009 ἐκεί·

578 2071 725 2123 νοις,
781 2048 881 2117 τὰς
934 2048 989 2111 δ’
1045 2049 1141 2111 ἐπὶ
1185 2054 1310 2118 ταῖς
1356 2050 1469 2113 ὑπό
1526 2073 1693 2112 τινων
1738 2048 1808 2112 οὐ
1855 2049 2003 2112 κατὰ
2060 2049 2166 2131 τὴν
2220 2048 2435 2111 οἰκείαν
2489 2048 2660 2131 φύσιν
2713 2046 2904 2111 αὐτῶν
2950 2072 3093 2131 γινο-

578 2150 779 2234 μέναις
822 2150 1130 2236 ἐνεργείαις
1174 2152 1388 2235 ἡδονὰς
1432 2151 1592 2236 παρὰ
1635 2152 1807 2235 φύσιν
1836 2152 1959 2235 (διὸ
2005 2152 2102 2214 καὶ
2149 2150 2497 2234 ὁμωνύμους
2543 2150 2814 2233 ἐκείνας),
2860 2151 2944 2213 ὦν
2989 2150 3093 2219 τὰς

577 2254 681 2335 μὲν
728 2254 877 2317 κατὰ
922 2254 1091 2339 φύσιν
1139 2256 1405 2322 ἑκάστοις
1458 2256 1556 2316 καὶ
1609 2254 1824 2337 ἡδονὰς
1870 2254 2082 2337 κυρίως
2125 2253 2273 2317 εἶναι
2324 2252 2330 2337 ἱ
2381 2252 2617 2337 ῥητέον,
2675 2254 2776 2322 τὰς
2825 2254 2890 2315 δὲ
2933 2254 3090 2337 παρὰ
3119 2268 3175 2311 ao

470 2375 537 2422 20
574 2356 743 2439 φύσιν
775 2356 1011 2426 ἐκείνοις
1056 2362 1175 2426 τοῖς
1220 2356 1527 2441 ἡδομένοις
1570 2356 1751 2425 αὐτὰς
1791 2358 2024 2440 ἡδονάς,
2071 2356 2138 2419 οὐ
2182 2358 2296 2439 μὴν
2342 2357 2557 2440 κυρίως
2601 2378 2665 2419 τε
2695 2356 2790 2419 καὶ
2837 2355 3041 2423 ἁπλῶς
3087 2364 3195 2421 240

573 2460 806 2542 ἡδονάς,
854 2460 1053 2544 ὥσπερ
1098 2462 1195 2523 καὶ
1237 2460 1455 2543 ὑγιεινὰ
1500 2461 1571 2523 τὰ
1618 2461 1721 2541 μὲν
1769 2460 1992 2534 ἁπλῶς,
2037 2460 2110 2522 τὰ
2155 2460 2219 2521 δὲ
2249 2461 2462 2533 τοῖσδε,
2509 2461 2606 2522 καὶ
2650 2458 2752 2527 τὰς
2799 2458 2902 2539 μὲν
2950 2459 3088 2543 ἀλη-

572 2561 697 2631 θῶς
740 2586 804 2625 τε
849 2563 944 2626 καὶ
989 2562 1204 2646 κυρίως
1248 2562 1462 2646 ἡδονὰς
1506 2562 1733 2645 ἀγαθὰς
1776 2561 1922 2626 εἶναι
1964 2566 2086 2630 τοῖς
2131 2560 2441 2645 ἡδομένοις
2483 2560 2662 2629 αὐτὰς
2708 2561 2933 2645 ῥητέον,
2989 2563 3092 2633 τὰς
3144 2579 3172 2621 5

568 2666 634 2728 δὲ
678 2665 836 2750 παρὰ
881 2666 1051 2751 φύσιν
1094 2664 1399 2750 γινομένας
1443 2667 1585 2730 τισὶν
1642 2664 1748 2729 οὐκ
1794 2662 1974 2733 οὔσας
2018 2664 2221 2734 ἁπλῶς
2266 2664 2478 2748 ἡδονὰς
2526 2664 2838 2749 μοχθηροῖς
2881 2688 2944 2728 τε
2987 2667 3087 2730 καὶ

568 2770 771 2838 κακάς.
837 2769 889 2831 εἰ
934 2770 1009 2851 δὴ
1057 2770 1313 2851 μάλιστα
1354 2762 1665 2853 ἄνθρωπος
1709 2770 1806 2832 καὶ
1853 2768 2002 2831 κατὰ
2046 2767 2216 2853 φύσιν
2263 2766 2420 2852 ἔχων
2471 2769 2719 2850 μάλιστα
2765 2769 2798 2830 ὁ
2843 2767 3086 2850 ἀγαθός,

462 2888 527 2939 25
566 2870 680 2934 εἶεν
727 2870 797 2935 ἂν
838 2872 934 2934 καὶ
963 2872 1265 2958 ἀνθρώπῳ
1310 2873 1461 2936 κατὰ
1504 2873 1675 2957 φύσιν
1714 2873 1921 2955 ἡδοναὶ
1955 2873 2207 2951 μάλιστα
2248 2873 2310 2934 αἱ
2357 2871 2546 2955 τούτῳ
2575 2870 2938 2955 φαινόμεναι,
2985 2873 3082 2935 καὶ

566 2973 715 3057 ἡδέα
759 2973 848 3042 οἷς
892 2974 1059 3044 οὖτος
1104 2976 1317 3059 χαίρει.
1394 2975 1505 3039 ὅσα
1550 2976 1617 3037 δὲ
1660 2976 1851 3059 τούτῳ
1897 2976 2184 3059 δυσχερῆ,
2230 2979 2412 3037 ταῦτα
2458 2974 2614 3057 παρὰ
2659 2974 2830 3058 φύσιν
2876 2998 2940 3038 τε
2985 2977 3084 3039 καὶ
3113 2992 3169 3035 ιι)

566 3076 681 3162 οὐχ
726 3077 928 3146 ἁπλῶς
972 3078 1148 3162 ἡδέα,
1204 3079 1258 3141 εἰ
1302 3079 1397 3142 καὶ
1442 3080 1673 3162 ἥδοιντό
1717 3101 1865 3147 τινες
1919 3076 2010 3140 ἐπ’
2065 3078 2282 3146 αὐτοῖς.
2372 3078 2698 3161 διαφέροιεν
2752 3076 2807 3140 δ’
2865 3077 2934 3141 ἂν
2979 3080 3076 3142 καὶ

564 3184 679 3242 τῶν
727 3181 877 3244 κατὰ
930 3180 1099 3265 φύσιν
1146 3183 1379 3267 ἑκάστῳ
1435 3183 1661 3265 ἡδονῶν
1716 3186 1801 3265 τῷ
1857 3182 1918 3244 αἱ
1973 3182 2077 3263 μὲν
2133 3180 2324 3243 αὐτῶν
2373 3184 2624 3265 μᾶλλον,
2685 3182 2746 3245 αἱ
2801 3182 2865 3244 δὲ
2909 3182 3082 3266 ἧττον

566 3284 775 3347 οἰκεῖαι
820 3284 985 3348 εἶναι.
1056 3286 1209 3348 οὕτω
1255 3285 1306 3348 δ’
1349 3285 1418 3349 ἄν
1466 3284 1559 3369 εἴη
1604 3288 1678 3368 τῇ
1714 3284 1872 3368 λύπῃ
1918 3289 2085 3368 κακῷ
2140 3282 2259 3346 ὄντι
2301 3286 2341 3367 ἡ
2385 3285 2598 3367 κυρίως
2640 3307 2705 3347 τε
2751 3286 2848 3347 καὶ
2881 3286 3084 3354 ἁπλῶς
3114 3301 3164 3345 15

458 3403 528 3452 30
564 3386 747 3469 ἡδονὴ
794 3387 1021 3450 ἐναντία
1076 3385 1223 3451 οὖσα
1268 3388 1490 3470 ἀγαθὸν
1537 3393 1729 3464 πᾶσα,
1785 3388 1839 3451 εἰ
1885 3390 1978 3451 καὶ
2027 3389 2107 3470 μὴ
2166 3388 2414 3472 ὁμοίως,
2473 3389 2532 3451 αἱ
2578 3388 2644 3450 δὲ
2703 3389 2860 3471 παρὰ
2905 3389 3076 3473 φύσιν

567 3488 701 3553 οὔτε
743 3492 948 3574 ἡδοναὶ
996 3491 1200 3560 ἁπλῶς
1244 3490 1376 3554 οὔτε
1408 3491 1643 3573 ἀγαθαί,
1688 3512 1730 3551 «κ
1774 3512 1815 3551 «-
1860 3513 1900 3551 ᾱιι
1947 3490 2062 3554 εἶεν
2107 3491 2157 3554 δ’
2202 3490 2270 3553 ἄν
2317 3491 2416 3554 καὶ
2460 3490 2555 3553 ἐπὶ
2594 3495 2716 3559 τοῖς
2744 3490 3082 3576 ἀδιαφόροις

564 3598 848 3657 τοιαῦται·
915 3593 1053 3657 οὐδὲ
1106 3594 1217 3679 γὰρ
1262 3594 1334 3657 τὰ
1380 3595 1670 3679 ἀδιάφορα
1724 3593 1786 3656 ἐν
1831 3599 1950 3663 τοῖς
2009 3594 2160 3657 κατὰ
2200 3594 2389 3677 φύσιν.
2481 3595 2666 3677 ἡδονῇ
2715 3594 2780 3656 δὲ
2823 3594 3078 3659 ἐναντίον
3106 3612 3164 3656 2⁰

561 3696 737 3780 λύπη,
782 3695 905 3760 ἀλλ’
946 3696 1015 3760 οὐ
1062 3695 1255 3775 πόνος,
1302 3696 1365 3761 εἴ
1385 3721 1450 3780 γε
1496 3698 1670 3766 πόνος
1713 3697 1911 3782 θλῖψιν
1959 3698 2296 3781 σωματικὴν
2342 3699 2517 3780 δηλοῖ
2557 3698 2652 3760 καὶ
2698 3697 2884 3781 λύπην
2929 3702 3078 3776 τινά,

562 3798 684 3863 ἀλλ’
725 3799 793 3863 οὐ
839 3800 944 3882 τὴν
990 3801 1213 3869 ἁπλῶς.
1295 3802 1334 3883 ἡ
1382 3802 1447 3863 δὲ
1490 3800 1647 3885 λύπη
1695 3802 1732 3883 ἡ
1776 3799 2039 3863 καθόλου
2085 3800 2190 3883 τὴν
2235 3802 2464 3864 τοιάνδε
2508 3801 2763 3886 ψυχικὴν
2809 3802 3076 3868 διάθεσιν

454 3920 520 3971 35
558 3901 856 3985 σημαίνει,
911 3900 1016 3965 εἴτ’
1073 3902 1170 3965 ἐπὶ
1216 3901 1412 3987 θλίψει
1455 3903 1665 3984 γίνοιτο
1712 3908 2020 3985 σωματικῇ
2067 3902 2173 3967 εἶτ’
2230 3904 2327 3967 ἐπὶ
2373 3903 2631 3967 διαθέσει
2675 3904 2780 3966 τινὶ
2825 3910 3074 3990 ψυχικῇ,

559 4006 757 4090 ὥσπερ
813 4006 909 4069 καὶ
954 4006 993 4088 ἡ
1041 4005 1223 4089 ἡδονὴ
1279 4004 1417 4090 οὐχὶ
1474 4006 1779 4089 σωματικὴ
1838 4004 2042 4089 μόνον,
2099 4006 2249 4069 ἀλλὰ
2302 4005 2398 4069 καὶ
2445 4008 2692 4091 ψυχική.
2781 4011 2858 4088 τῇ
2906 4012 3076 4092 κοινῇ
3105 4026 3160 4069 25

554 4106 653 4171 οὖν
698 4108 888 4191 ἡδονῇ
934 4108 1087 4192 λύπη
1136 4109 1299 4193 κοινὴ
1345 4105 1494 4172 οὖσα
1536 4108 1808 4186 ἐναντίον,
1857 4110 1895 4192 ἡ
1942 4107 1994 4171 δ’
2030 4108 2128 4172 ἐπὶ
2171 4111 2296 4177 ταῖς
2342 4108 2500 4192 παρὰ
2546 4108 2716 4193 φύσιν
2768 4106 2776 4195 Ι
2826 4112 3032 4196 ἡδονή,
3079 4122 3176 4178 241

456 4392 477 4442 1
518 4390 678 4461 δοκεῖ]
728 4398 773 4445 εἰ
809 4392 865 4443 in
902 4392 978 4443 lit.
1018 4394 1065 4442 V
1280 4390 1313 4443 8
1350 4390 1469 4459 οὐκ]
1509 4391 1727 4445 fortasse
1764 4392 1808 4444 εἰ
2022 4392 2154 4464 λύπῃ
2194 4410 2249 4445 a:
2299 4392 2433 4463 λύπη
2474 4396 2522 4443 V
2737 4393 2874 4447 ἔσται
2910 4396 3002 4466 γὰρ
3042 4394 3180 4451 οὕτω

446 4479 523 4548 τῷ
566 4495 598 4531 ιι
643 4480 733 4545 Sp.
964 4478 1024 4530 11
1083 4477 1135 4530 δὲ
1176 4476 1184 4546 Ι
1226 4477 1279 4530 δὲ
1318 4482 1367 4529 V
1600 4478 1661 4530 12
1716 4478 1976 4548 ἡδομένοις
2023 4481 2234 4548 scripsi:
2291 4479 2535 4549 ἡδομένοις
2583 4482 2701 4533 VB:
2755 4484 3035 4550 γινομέναις
3072 4486 3184 4539 B'a

448 4568 534 4633 Sp.
751 4567 821 4618 20
855 4565 1067 4619 ἐκεῖνοισ
1104 4567 1181 4618 sic
1220 4569 1268 4616 V
1482 4564 1565 4619 20.
1606 4566 1669 4617 21
1719 4565 1779 4619 οὒ
1828 4566 2206 4638 μὴν-ἡδονάς
2251 4584 2349 4620 om.
2387 4570 2468 4620 Ba
2505 4570 2594 4636 Sp.
2827 4568 2891 4622 31
2940 4571 3180 4625 lacunam

446 4652 679 4705 indicavi
893 4654 961 4706 34
998 4650 1221 4705 καθόλον
1260 4656 1351 4721 Sp.
1566 4652 1816 4724 ψυχικὴν]
1857 4655 1955 4724 κὴν
1993 4656 2051 4707 in
2089 4656 2186 4709 litt.
2214 4654 2246 4708 5
2283 4656 2570 4709 litterarum
2610 4659 2659 4706 V
2872 4657 2939 4710 35
2977 4674 3055 4725 pr.
3091 4654 3179 4712 εἴτ’

444 4740 547 4791 Βέ
581 4742 697 4807 Sp.:
736 4739 827 4793 εἶδ’
855 4742 971 4794 VB¹
1154 4739 1221 4792 37
1263 4739 1397 4811 λύπη
1436 4740 1515 4809 <ἠ>
1553 4744 1689 4795 coni.
1727 4744 1816 4810 Sp.
1998 4743 2217 4798 fortasse
2253 4750 2360 4802 τοῖς
2535 4742 2835 4814 ἡδονὴ-ρ.
2869 4744 3016 4813 126‚1
3058 4747 3184 4816 ἀγα-

445 4823 536 4880 θὸν
576 4830 633 4880 in
670 4828 749 4880 lit.
776 4832 827 4880 V
