3684 5567
1333 251 1494 310 ΠΕΡΙ
1533 251 2003 315 ΕΙΜΑΡΜΕΝΗΣ
2038 255 2105 308 36
2945 256 3071 321 209

471 427 640 510 ἡμῶν
683 449 769 496 τις
819 427 1083 510 πεισθείη
1149 425 1279 490 ποτ’
1335 426 1405 490 ἄν
1449 426 1606 512 λόγῳ
1649 428 1688 510 ἢ
1733 426 1897 512 νόμῳ
1950 427 2143 497 ἄλλως
2193 427 2438 498 ἀξιοῦντι
2490 429 2755 512 πράττειν
2806 425 2965 511 παρὰ
2992 441 3048 484 1⁰

473 527 576 611 τὴν
621 533 738 593 τῶν
779 531 1185 614 περιεστώτων
1230 529 1504 613 ἀνάγκην.
1594 529 1662 592 οὖ
1725 529 1834 614 γὰρ
1901 530 2075 595 πλέον
2138 555 2191 595 τι
2232 533 2373 615 ἡμῖν
2438 532 2505 594 ἐκ
2568 535 2671 594 τοῦ
2715 529 2966 594 συνιέναι

474 634 588 693 τῶν
653 632 1176 716 προστασσομένων
1243 632 1354 694 ὑπὸ
1399 637 1516 695 τῶν
1561 632 1756 715 νόμων
1820 629 2057 718 ἔχουσιν
2101 634 2720 719 προκαταβεβλημένας
2762 633 2965 708 αἰτίας,

473 733 565 802 αἷς
607 737 1020 817 περιεστώσαις
1063 734 1407 798 ἀκολουθεῖν
1473 735 1576 818 τὴν
1623 736 1808 820 ὁρμὴν
1876 736 2116 820 ἀνάγκη.
2204 737 2389 805 οὕτως
2452 737 2519 798 δὲ
2562 735 2838 820 ἀναιροῖτ’
2897 734 2965 798 ἂν
2992 752 3047 794 15

403 857 436 905 5
471 838 537 899 τὸ
583 837 652 899 ἐκ
695 842 812 901 τῶν
856 837 1050 919 νόμων
1080 837 1390 922 χρήσιμον,
1435 835 1497 900 εἴ
1531 861 1596 921 γε
1639 840 1692 902 οἱ
1739 839 1842 921 μὲν
1888 839 2056 922 νόμοι
2098 840 2497 923 προστακτικοὶ
2545 839 2648 922 μέν
2692 840 2801 903 εἰσι
2847 842 2964 902 τῶν

474 939 780 1023 ποιητέων,
827 941 1264 1023 ἀπαγορευτικοὶ
1307 941 1373 1004 δὲ
1415 946 1532 1004 τῶν
1577 941 1646 1005 οὔ
1690 942 2000 1025 ποιητέων,
2064 941 2180 1028 οὐχ
2246 942 2445 1007 ἕπεται
2490 943 2555 1007 δὲ
2597 947 2673 1026 τῇ
2718 947 2835 1005 τῶν
2878 941 2969 1004 νό-

474 1066 599 1127 μων
643 1043 948 1129 προστάξει
1012 1045 1080 1107 τὸ
1123 1043 1264 1108 καθ’
1320 1045 1507 1130 ὁρμὴν
1552 1047 1709 1129 ἡμᾶς
1753 1045 2022 1130 ἐνεργεῖν,
2093 1045 2228 1109 ὅταν
2294 1045 2367 1109 τὰ
2410 1049 2775 1129 περιεστῶτα,
2814 1044 2968 1109 αἴτια

474 1146 536 1216 ἐξ
579 1148 833 1232 ἀνάγκης
873 1149 1032 1230 ἡμᾶς
1073 1147 1177 1210 ἐπ’
1233 1147 1382 1212 ἄλλα
1425 1149 1550 1211 τινὰ
1613 1154 1746 1232 κινῇ
1791 1171 1855 1212 τε
1896 1149 1993 1212 καὶ
2046 1149 2218 1234 φέρῃ.
2308 1149 2721 1234 ἀναιρουμένου
2765 1149 2830 1212 δὲ
2875 1147 2970 1212 διὰ
2996 1165 3053 1207 ευ

475 1251 582 1334 τὴν
624 1251 896 1336 τοιαύτην
938 1251 1293 1336 εἱμαρμένην
1337 1256 1441 1315 τοῦ
1487 1253 1602 1314 ἀπὸ
1649 1256 1764 1316 τῶν
1809 1251 2004 1335 νόμων
2050 1251 2364 1336 χρησίμου,
2410 1249 2715 1336 ἀναιροῖντ’
2759 1251 2829 1314 ἂν
2873 1253 2970 1315 καὶ

375 1373 438 1420 10
473 1351 578 1438 <οἱ>
621 1353 806 1437 νόμοι.
894 1355 952 1417 τί
1010 1355 1120 1438 γὰρ
1165 1353 1378 1438 ὄφελος
1421 1355 1638 1438 νόμων,
1704 1355 1789 1424 οἷς
1833 1355 2145 1418 πείθεσθαι
2212 1355 2314 1438 τὴν
2382 1353 2641 1424 ἐξουσίαν
2708 1356 2821 1418 ὑπὸ
2865 1361 2969 1440 τῆς

475 1457 826 1541 εἱμαρμένης
871 1458 1262 1542 ἀφῃρήμεθα;
1309 1457 1415 1520 οὐκ
1458 1457 1575 1541 ἄρα
1615 1462 1702 1542 τῷ
1733 1459 2001 1544 τοιαύτην
2030 1456 2175 1521 εἶναι
2219 1457 2323 1541 τὴν
2368 1457 2721 1542 εἱμαρμένην
2768 1456 2967 1520 ἕπεται
2992 1473 3047 1516 25

472 1562 538 1622 τὸ
581 1561 758 1642 νόμον
802 1559 963 1624 εἶναι.
1054 1561 1280 1625 ἐναντία
1321 1561 1430 1645 γὰρ
1475 1560 1796 1646 εἱμαρμένη
1844 1585 1907 1625 τε
1950 1562 2048 1625 καὶ
2103 1559 2300 1644 νόμος,
2366 1558 2425 1622 εἴ
2461 1582 2527 1641 γε
2571 1559 2603 1621 ὁ
2649 1561 2753 1643 μὲν
2799 1559 2973 1642 νόμος

476 1663 892 1747 προστακτικός
931 1664 1054 1727 ἐστι
1097 1667 1214 1726 τῶν
1259 1663 1559 1747 πρακτέων
1605 1687 1667 1726 τε
1711 1664 1808 1728 καὶ
1854 1663 1957 1748 μή,
2006 1666 2088 1733 ὡς
2132 1669 2246 1726 τῶν
2276 1662 2682 1747 πραττομένων
2726 1661 2967 1746 δυναμέ-

475 1788 590 1828 νων
634 1765 800 1850 αὐτῷ
845 1766 1158 1830 πείθεσθαι
1202 1766 1492 1830 κελεῦοντι
1555 1767 1673 1848 (διὸ
1719 1769 1814 1829 καὶ
1860 1767 1993 1836 τοὺς
2038 1767 2119 1851 μὴ
2166 1766 2545 1849 πειθομένους
2590 1768 2672 1834 ὥς
2716 1765 2971 1849 ἁμαρτά·
2997 1783 3055 1825 ευ

377 1889 435 1936 15
473 1892 670 1938 νοντας
715 1873 930 1954 ζημιοῖ,
975 1873 1158 1953 τιμῶν
1202 1869 1338 1939 τοὺς
1380 1869 1760 1950 πειθομένους
1803 1873 1886 1939 ὥς
1929 1868 2401 1954 κατορθοῦντας),
2455 1869 2494 1951 ἡ
2542 1867 2605 1930 δὲ
2649 1869 2969 1954 εἱμαρμένη

477 1973 663 2036 πάντα
706 1971 780 2035 τὰ
821 1970 1091 2055 γινόμενα
1137 1972 1460 2056 ἀναγκαίως
1502 1995 1565 2036 τε
1609 1973 1705 2036 καὶ
1743 1969 1815 2034 δι’
1873 1973 2079 2056 ὁμοίας
2123 1973 2307 2040 αἰτίας
2348 1972 2491 2056 φησὶ
2534 1971 2811 2054 γίνεσθαι,
2855 1977 2971 2036 τῶν

477 2077 542 2140 δὲ
586 2075 658 2139 δι’
693 2075 896 2157 ὁμοίας
939 2076 1248 2160 γινομένων
1295 2077 1478 2145 αἰτίας
1521 2075 1636 2162 οὐχ
1681 2075 1804 2139 οἷόν
1849 2099 1911 2139 τε
1957 2075 2029 2139 τὰ
2074 2077 2179 2159 μὲν
2224 2075 2613 2158 ἁμαρτήματα
2651 2073 2855 2157 λέγειν,
2901 2075 2974 2138 τὰ

477 2179 542 2242 δὲ
585 2179 1030 2262 κατορθώματα.
1064 2171 1068 2175 ’
1119 2178 1171 2241 εἰ
1213 2179 1323 2262 γὰρ
1366 2179 1522 2262 λέγοι
1567 2202 1650 2248 τις
1695 2180 1792 2242 καὶ
1837 2179 1934 2242 τὸν
1978 2177 2154 2259 νόμον
2198 2177 2260 2239 ἐν
2303 2181 2424 2246 τοῖς
2472 2175 2479 2261 Ι
2527 2177 2852 2260 ἀναγκαίοις
2893 2201 2958 2242 τε
2994 2185 3079 2242 116

477 2283 574 2344 καὶ
616 2281 1256 2366 προκαταβεβλημένοις
1321 2283 1434 2345 ὑπὸ
1475 2287 1583 2365 τῆς
1625 2281 1980 2366 εἱμαρμένης
2044 2281 2246 2350 αἰτίοις
2288 2279 2451 2358 εἶναι,
2518 2282 2693 2364 δῆλον
2746 2283 2829 2349 ὡς
2880 2282 2977 2344 καὶ

375 2405 444 2451 20
481 2388 600 2453 τοῖς
665 2385 1018 2470 πράσσουσιν
1084 2383 1222 2449 καθ’
1281 2386 1466 2469 ὁρμὴν
1527 2385 1599 2448 τὰ
1643 2383 1768 2448 κατ’
1824 2384 1999 2448 αὐτὸν
2046 2384 2105 2448 ἐν
2149 2387 2271 2452 τοῖς
2335 2387 2710 2468 περιεστῶσιν
2776 2383 2973 2454 αἰτίοις

483 2487 582 2551 καὶ
625 2485 800 2555 αὐτὸς
842 2485 1003 2551 ἔσται
1047 2487 1625 2572 κατηναγκασμένως,
1681 2485 1748 2550 οὔ
1795 2488 2202 2572 περιστήσεται
2246 2487 2311 2549 δὲ
2354 2492 2474 2556 τοῖς
2518 2488 2859 2572 πράττουσιν
2902 2487 2975 2551 τὰ
3025 2505 3055 2548 5

485 2592 566 2674 μὴ
633 2589 760 2654 κατ’
814 2589 1008 2655 αὐτόν.
1098 2593 1152 2654 οἱ
1219 2591 1284 2655 δὲ
1347 2590 1562 2676 ταύτην
1629 2595 1731 2654 τοῦ
1799 2593 1879 2676 μὴ
1927 2593 2203 2674 πράσσειν
2270 2588 2343 2652 τὰ
2399 2589 2546 2654 κατὰ
2588 2590 2722 2659 τοὺς
2764 2587 2977 2674 νόμους

485 2692 720 2778 ἔχοντες
763 2695 866 2778 τὴν
912 2694 1094 2756 αἰτίαν
1140 2692 1431 2778 πρόδηλον
1477 2698 1558 2762 ὡς
1602 2693 1707 2757 οὐκ
1756 2693 1824 2756 ἂν
1870 2693 2151 2778 ψέγοιντο.
2228 2695 2355 2760 πῶς
2384 2692 2493 2777 γὰρ
2524 2691 2697 2774 ἄξιος
2741 2695 2809 2756 τὸ
2838 2696 2975 2775 γοῦν

483 2797 543 2858 ἐν
589 2802 708 2866 τοῖς
752 2801 1129 2880 περιεστῶσιν
1174 2795 1300 2860 κατ’
1357 2799 1609 2880 ἀνάγκην
1654 2797 1875 2873 αἰτίοις,
1919 2797 2006 2864 οἷς
2050 2796 2132 2879 μὴ
2178 2794 2427 2858 ἕπεσθαι
2468 2795 2574 2880 τὴν
2630 2796 2816 2880 ὁρμὴν
2861 2794 2974 2880 οὐχ

376 2920 442 2968 25
480 2899 603 2963 οἷόν
647 2923 729 2978 τε,
799 2898 904 2962 οὐκ
949 2897 1022 2982 ἧν
1069 2899 1134 2962 ἐκ
1177 2903 1294 2962 τῶν
1339 2897 1534 2982 νόμιον
1578 2900 1749 2976 αἰτία,
1815 2897 1943 2962 κατ’
1998 2901 2251 2984 ἀνάγκην
2318 2899 2443 2962 τινὰ
2488 2899 2583 2962 καὶ
2624 2897 2976 2983 εἱμαρμένην
3004 2917 3061 2958 ιο

481 3008 744 3088 παρεῖναι
788 3001 1182 3086 κεκωλυμένη.
1272 3003 1420 3066 ἀλλὰ
1485 3004 1670 3072 οὕτως
1738 3026 1802 3086 γε
1848 3001 1971 3067 οὐδ’
2028 3003 2095 3066 ἂν
2140 3003 2315 3085 νόμος
2380 3001 2463 3065 ἔτι
2522 3001 2614 3084 εἴη
2681 2998 2837 3086 ἔχων
2884 3001 2977 3064 καὶ

480 3105 864 3189 πειθομένους
907 3106 1092 3188 αὑτῷ,
1138 3103 1279 3187 εἴγε
1306 3106 1426 3190 χρὴ
1473 3106 1660 3189 τούτῳ
1705 3106 2013 3170 πείθεσθαι
2044 3106 2227 3188 λέγειν
2272 3104 2332 3175 ἐξ
2358 3105 2611 3189 ἀνάγκης
2642 3104 2979 3188 ἑπομένους,

481 3211 576 3272 καὶ
620 3207 755 3275 τοὺς
801 3209 881 3291 μὴ
931 3208 1312 3291 πειθομένους
1343 3209 1454 3270 ὑπὸ
1485 3209 1740 3293 ἀνάγκης
1771 3209 1922 3278 τινὸς
1952 3209 2263 3272 πείθεσθαι
2294 3193 2765 3291 κεκωλυμένους..
2824 3207 2977 3270 ὥστε
3005 3223 3059 3266 16

486 3310 630 3372 πολὺ
698 3309 766 3373 ἂν
813 3310 1204 3394 ἀληθέστερον
1251 3309 1344 3394 εἴη
1391 3312 1844 3395 συνειλημμένον
1911 3313 1975 3374 τὸ
2012 3309 2095 3374 ιεἰ
2151 3309 2270 3374 ἔστι
2335 3312 2569 3393 τοιαύτη
2634 3310 2978 3394 εἱμαρμένη,

373 3432 443 3480 3ο
481 3412 586 3475 οὐκ
630 3411 750 3476 ἔστι
795 3412 1024 3495 νόμος’.
1115 3415 1531 3498 ἀναιρουμένου
1578 3415 1642 3476 δὲ
1687 3413 1864 3495 νόμου
1910 3415 2003 3477 καὶ
2071 3413 2173 3477 σὺν
2236 3413 2396 3497 αὐτῷ
2446 3412 2861 3498 ἁμαρτήματός
2916 3436 2979 3475 τε

482 3517 580 3581 καὶ
625 3516 1102 3601 κατορθώματος,
1147 3515 1424 3600 ἀναιροῖτ’
1459 3516 1548 3591 ἄν,
1595 3519 1676 3584 ὡς
1722 3517 1813 3579 καὶ
1862 3514 2023 3578 αὐτοὶ
2053 3515 2148 3578 διὰ
2189 3521 2295 3600 τῆς
2337 3515 2686 3585 ἀκολουθίας
2730 3515 2979 3600 ἐλάμβα-

372 3791 406 3844 3
451 3791 622 3848 ἀντίας
669 3789 724 3842 ⁸²
979 3791 1010 3844 7
1066 3790 1126 3843 τὸ
1173 3792 1291 3844 ΗΒι
1347 3795 1442 3856 (ex
1489 3795 1648 3856 corr.)
1693 3796 1763 3844 O:
1821 3792 1885 3844 τὰ
1934 3791 2025 3843 rel.
2226 3791 2290 3844 τὰ
2336 3807 2379 3842 ε.
2412 3807 2461 3842 v.
2498 3794 2547 3842 V
2726 3793 2757 3844 9
2811 3789 3089 3862 ἀναιροῖντ’

376 3878 490 3942 (alt.
516 3897 542 3929 ν
577 3893 618 3930 s.
645 3879 714 3940 v.)
737 3876 890 3930 Van:
927 3875 1173 3949 ἀναιροῖτ’
1197 3881 1284 3932 KS
1465 3879 1530 3930 10
1565 3880 1611 3932 οἱ
1649 3879 1766 3931 add.
1804 3879 1883 3930 ειη
2057 3877 2118 3930 τὸ
2155 3879 2247 3951 γὰρ
2284 3879 2363 3931 ει12
2545 3879 2608 3930 12
2644 3877 2729 3947 τὸ]
2764 3878 2854 3931 τὸν
2891 3877 2971 3932 ει12

379 3965 442 4018 13
495 3965 823 4036 πρεπόντων
861 3969 950 4020 Es
996 3965 1114 4020 Οεε.
1153 3965 1318 4019 Lond.
1356 3970 1401 4020 Ο
1553 3967 1719 4019 13.14
1755 3965 2022 4035 δυνάμεων
2056 3969 2106 4018 Κ
2257 3967 2319 4018 14
2356 3967 2498 4036 αυτῷ
2520 3982 2649 4020 corr.
2675 3983 2741 4019 ex
2778 3967 3015 4019 abtffivv

379 4053 444 4107 15
477 4055 547 4124 τῇ
581 4054 634 4106 δὲ
671 4053 940 4125 εἱμαρμένῃ
981 4055 1118 4106 coni.
1169 4057 1214 4107 Ο
1399 4053 1458 4106 16
1497 4069 1616 4123 φασι
1653 4055 1788 4106 coni.
1828 4057 1874 4106 O
2060 4054 2138 4106 16.
2183 4054 2244 4106 17
2290 4059 2396 4107 τῶν
2423 4093 2435 4107 .
2460 4095 2472 4107 .
2497 4055 2770 4125 γινομένων
2806 4055 2971 4108 Lond.
3011 4056 3085 4107 0:

373 4145 452 4213 τῷ
489 4181 502 4195 .
528 4181 540 4194 .
579 4142 823 4212 γινομένῳ
863 4141 982 4195 libri
1166 4142 1228 4194 18
1263 4141 1394 4211 λέγει
1432 4140 1510 4192 ⁸¹²
1695 4141 1764 4193 20
1799 4140 2123 4211 πράσσουσιν]
2161 4157 2426 4211 προσουσιν
2462 4143 2533 4196 V¹
2574 4147 2723 4208 (corr.
2759 4159 2809 4194 v.
2835 4158 2878 4194 e.
2906 4141 2979 4207 V)

373 4225 498 4281 κατ’
537 4227 690 4281 αὐτὸν
728 4228 894 4280 Lond.
932 4231 1004 4282 0:
1061 4227 1191 4282 καθ’
1228 4229 1397 4287 αὑτοῖς
1432 4229 1584 4282 vast:
1639 4226 1766 4281 καθ’
1805 4227 1986 4287 αὖτοὺς
2024 4232 2162 4282 HES
2200 4229 2341 4282 Ca8.=
2397 4229 2525 4283 κατ’
2568 4231 2750 4286 αὐτοὺς
2782 4228 2855 4282 Β2

373 4315 436 4368 21
486 4316 978 4386 κατηναγκασμένως
1017 4319 1177 4370 KES:
1215 4317 1608 4387 κατηναγμένωσ
1643 4317 1759 4383 (sic,
1797 4333 1955 4385 supra
1979 4339 2051 4370 m:
2093 4336 2119 4370 0
2144 4319 2241 4385 m¹)
2278 4321 2343 4370 V:
2390 4317 2865 4387 κατηναγκασμένος
2904 4313 2984 4368 ⁸¹²

374 4403 442 4456 22
475 4404 628 4456 αὐτόν
653 4403 817 4457 Lond.
843 4407 914 4458 O:
939 4403 1122 4461 αὐτοὺς
1145 4404 1267 4457 libri
1408 4404 1587 4475 νόγους
1607 4404 1660 4456 a¹
1802 4405 1870 4458 23
1893 4405 1976 4474 τὸ]
2005 4403 2082 4458 ὅτι
2100 4405 2291 4458 Lond.:
2332 4404 2551 4456 fortasse
2578 4404 2717 4457 τότε
2860 4403 2929 4455 24
2964 4399 3083 4456 καθ’

372 4490 534 4562 ὁρμὴν
561 4494 607 4545 Ο
788 4491 855 4544 25
887 4491 1106 4544 fortasse
1141 4491 1204 4562 ἦν
1237 4493 1316 4562 <ἠ>
1353 4493 1409 4544 ἐκ
1587 4492 1654 4544 26
1691 4491 2025 4563 κεκωλυμένη
2065 4493 2229 4545 Lond.
2256 4495 2330 4546 0:
2368 4491 2729 4562 κεκωλυμένην
2755 4496 2821 4545 V:
2859 4490 3088 4544 κεκωλυ-

372 4580 526 4649 μένης
563 4579 743 4648 (supra
772 4599 834 4649 ηε
873 4579 940 4647 οι)
977 4581 1064 4632 ES
1241 4579 1413 4647 νόμοις
1445 4579 1504 4632 a²
1679 4579 1838 4653 ἔχων]
1877 4577 1986 4640 ἐξὸν
2024 4580 2175 4647 Gasp.
2203 4584 2248 4633 Ο
2430 4579 2513 4632 26.
2541 4579 2605 4634 27
2644 4583 2729 4634 καὶ
2765 4577 3089 4648 πειθομένους

373 4671 422 4718 Η
447 4685 521 4736 γρ.
549 4665 613 4720 S²
647 4666 764 4720 Cas.
804 4664 956 4734 Gasp.
995 4669 1068 4718 0:
1124 4667 1298 4736 καίπερ
1345 4664 1586 4736 θεμένους
1621 4669 1748 4720 Va¹=
1797 4668 1885 4720 καὶ
1930 4666 2283 4737 περιθεμένους
2320 4665 2375 4718 8²
2584 4667 2651 4719 27
2690 4667 2835 4738 αὑτῷ
2872 4669 3086 4735 scripsi:

369 4754 512 4824 αὐτῷ
549 4757 596 4806 Η
623 4772 698 4826 γρ.
723 4754 865 4808 (ἔπει
903 4753 1070 4806 αὐτῶν
1101 4754 1253 4807 Va¹²=
1297 4753 1449 4807 αὐτὸν
1487 4754 1558 4808 13²
1593 4753 1755 4807 Lond.
1784 4758 1830 4808 Ο
2052 4753 2243 4824 τοὺτῳ]
2282 4758 2431 4806 τοῦτο
2468 4755 2650 4823 (supra
2674 4773 2727 4808 o:
2767 4775 2812 4808 ω
2839 4755 2935 4822 m¹)
2968 4759 3017 4806 V

371 4861 440 4913 29
485 4846 909 4932 συΙνείΙλημμένον
945 4859 1019 4910 sic
1055 4861 1121 4910 V:
1160 4857 1510 4930 συνειλημένον
1549 4862 1602 4912 ⁸¹
1815 4859 1887 4912 30
1928 4858 2081 4928 νόμον
2118 4859 2175 4911 ⁸²

475 4965 623 5016 suppl.
651 4966 784 5006 Arint-
811 4963 855 5006 Π
879 4961 908 5005 2
961 4964 1085 5005 Alex.
1115 4966 1274 5016 scripta
1301 4967 1481 5006 minora.
2608 4946 2689 5010 14
