3684 5567
1377 202 1639 260 ΗΘΙΚΩΝ
1680 202 2212 261 ΠΡΟΒΑΗΜΑἹῺΝ
2253 208 2296 259 Α
2331 209 2348 259 1
2771 211 2776 215 ’
3107 210 3229 273 119

618 381 727 459 κῆς
770 380 872 439 τοῦ
917 377 1097 461 πρίειν
1144 381 1368 451 καλῶς,
1424 379 1514 441 διὸ
1560 378 1657 440 καὶ
1702 379 1928 462 αἱρετὸν
1981 384 2055 461 τῇ
2106 379 2209 462 μὲν
2256 380 2320 441 τὸ
2375 382 2536 442 πλεῖν
2578 384 2652 462 τῇ
2701 380 2766 442 δὲ
2808 382 2874 444 τὸ
2919 380 3121 463 πρίειν,

622 478 712 540 ὅτι
756 480 941 563 χωρὶς
984 480 1205 543 τούτων
1250 480 1364 564 οὐχ
1408 479 1529 542 οἷόν
1577 504 1639 542 τε
1683 480 1915 548 ταύταις
1959 484 2060 544 τοῦ
2092 481 2470 565 προκειμένου
2515 482 2713 550 τέλους
2754 488 2975 567 τυχεῖν.
3053 481 3120 561 οὐ
3176 498 3204 540 5

624 579 733 663 γὰρ
778 581 895 643 ἀπὸ
943 586 1057 643 τῶν
1106 579 1178 644 δι’
1236 581 1561 665 ἀποτυχίαν
1606 583 1758 651 τινὸς
1801 583 2116 665 γινομένων
2171 581 2232 645 ἔν
2279 605 2382 645 τινι
2427 585 2466 665 ἡ
2513 584 2694 667 κρίσις
2737 590 2852 647 τῶν
2899 586 3122 647 ὑποκει-

620 682 829 761 μένων,
875 682 1026 745 άλλὰ
1071 683 1187 745 ἀπὸ
1240 688 1357 745 τῶν
1403 684 1484 745 ὧν
1531 684 1701 767 χάριν
1757 682 1911 747 ἔστιν
1964 708 2026 747 τε
2081 684 2178 746 καὶ
2220 684 2431 766 γίνεται
2475 686 2949 769 προηγουμένως.
3041 690 3121 755 ὡς

547 804 577 851 5
618 783 671 846 δ’
714 784 810 848 ἐπὶ
852 790 969 848 τῶν
1012 786 1160 849 κατὰ
1204 785 1307 854 τὰς
1345 784 1553 870 τέχνας
1596 786 1911 869 γινομένων
1943 785 2091 870 ἔχει,
2137 788 2292 849 οὕτω
2337 789 2434 850 καὶ
2464 788 2560 850 ἐπὶ
2589 792 2705 850 τῶν
2750 788 2898 852 κατὰ
2927 788 3117 873 φύσιν.
3148 804 3204 845 ιο

619 888 713 950 καὶ
757 886 865 969 γὰρ
920 886 1015 949 ἐπ’
1072 887 1307 950 ἐκείνων
1363 890 1579 957 σκοπὸς
1630 892 1705 973 τῇ
1752 889 1924 972 φύσει
1966 889 2032 951 τὸ
2079 887 2322 972 βέλτιον,
2374 894 2490 951 τῶν
2537 891 2870 974 δυναμένων
2917 890 3117 973 ἄμφω,

612 990 709 1052 καὶ
754 990 963 1053 τούτου
1009 991 1181 1074 χάριν
1228 991 1265 1072 ἡ
1313 990 1485 1074 φύσις
1536 991 1766 1054 δίδωσιν
1812 991 1975 1055 αὐτό.
2067 990 2180 1054 ὅσα
2221 990 2332 1076 γὰρ
2381 992 2461 1073 μὴ
2507 992 2630 1055 οἷόν
2673 1016 2736 1056 τε
2779 992 2957 1061 εὐθὺς
3004 994 3116 1054 ὑπὸ

610 1096 716 1174 τῆς
760 1091 995 1175 φύσεως
1038 1092 1311 1174 γινόμενα
1354 1095 1459 1175 τὴν
1506 1092 1717 1155 οἰκείαν
1761 1090 1921 1177 ἔχειν
1968 1092 2322 1175 τελειότητα,
2366 1092 2588 1161 τούτοις
2632 1094 2870 1177 ἡφύσις
2915 1093 3121 1156 δίδωσι
3147 1109 3200 1151 15

612 1193 850 1277 δύναμιν
897 1199 998 1257 τοῦ
1046 1194 1286 1263 τελείοις
1328 1194 1626 1275 γενέσθαι,
1674 1194 1952 1258 ἀδύνατον
1999 1194 2063 1258 δέ
2109 1218 2160 1257 τι
2207 1195 2444 1278 δύναμιν
2491 1192 2650 1279 ἔχειν
2696 1196 2847 1264 τινὸς
2892 1197 2974 1279 μὴ
3023 1197 3117 1259 καὶ

508 1317 571 1364 10
605 1298 672 1360 τὸ
726 1297 1111 1380 ἀντικείμενον
1166 1296 1329 1381 αὐτῷ
1386 1296 1731 1377 δυνάμενον·
1799 1297 1984 1379 ταύτῃ
2037 1297 2144 1381 γὰρ
2203 1298 2440 1379 δύναμις
2495 1297 2780 1379 ἐνεργείας
2833 1298 3112 1383 διαφέρει.

607 1399 697 1463 διό
742 1400 883 1463 εἰσιν
930 1400 1034 1483 μὲν
1078 1400 1139 1462 αἱ
1185 1400 1458 1479 δυνάμεις
1501 1397 1956 1483 προηγουμένως
1999 1406 2116 1461 τῶν
2165 1398 2500 1484 βελτιόνων,
2561 1398 2762 1461 ἕπεται
2807 1396 2858 1461 δ’
2914 1400 3115 1467 αὐταῖς
3142 1416 3198 1458 2⁰

604 1502 665 1571 ἐξ
711 1502 963 1585 ἀνάγκης
1017 1503 1083 1565 τὸ
1136 1501 1234 1565 καὶ
1286 1504 1403 1563 τῶν
1458 1500 1869 1583 ἀντικειμένων
1921 1500 2068 1564 εἶναι
2121 1502 2361 1570 τούτοις.
2450 1503 2504 1564 εἰ
2548 1504 2619 1585 δὴ
2676 1504 2715 1586 ἡ
2761 1503 2942 1585 κρίσις
2985 1503 3115 1565 ἑκά-

606 1625 745 1667 στου
799 1604 915 1667 ἀπὸ
972 1607 1089 1665 τῶν
1142 1602 1597 1687 προηγουμένων
1653 1604 1749 1664 καὶ
1805 1604 1888 1665 ὧν
1943 1603 2098 1667 ἐστιν
2155 1603 2254 1686 (οὐ
2305 1604 2417 1687 γὰρ
2473 1608 2575 1667 τοῦ
2643 1606 2723 1687 μὴ
2779 1608 3112 1687 περιπατεῖν

600 1708 773 1791 χάριν
818 1708 857 1789 ἡ
902 1706 1139 1788 δύναμις
1192 1708 1232 1788 ἡ
1278 1707 1731 1789 περιπατητική,
1796 1706 1848 1768 εἰ
1903 1707 2001 1768 καὶ
2045 1706 2260 1787 γίνεταί
2308 1729 2448 1768 ποτε
2500 1704 2562 1768 ἐν
2605 1712 2691 1791 τῷ
2738 1711 2908 1770 τοῦτο
2953 1710 3114 1770 δυνα-
3141 1722 3196 1765 85

502 1830 563 1878 15
603 1810 761 1895 μένῳ
808 1811 903 1872 καὶ
948 1811 985 1892 ἡ
1020 1808 1290 1892 στέρησις
1332 1808 1533 1881 αὐτοῦ,
1578 1809 1675 1870 καὶ
1720 1808 1771 1870 εἰ
1818 1808 1923 1889 μὲν
1965 1808 2190 1891 αἱρετὸν
2235 1806 2328 1890 εἴη
2372 1808 2438 1869 τὸ
2484 1815 2838 1890 περιπατεῖν,
2885 1812 3111 1894 αἱρετὸν

600 1916 677 1995 τῇ
726 1913 935 1975 ἑαυτοῦ
980 1910 1152 1994 φύσει
1206 1912 1302 1973 καὶ
1359 1910 1422 1972 τὸ
1468 1909 1751 1973 δύνασθαι
1802 1916 2168 1994 περιπατεῖν,
2225 1911 2278 1973 εἰ
2325 1908 2332 1994 Ι
2380 1913 2477 1975 καὶ
2531 1912 2594 1974 τὸ
2643 1912 2926 1975 δύνασθαι
2971 1914 3068 1975 καὶ
3113 1920 3217 1975 228

601 2016 682 2099 μὴ
727 2019 1058 2099 περιπατεῖν
1088 2012 1243 2098 ἔχει·
1292 2014 1344 2075 εἰ
1389 2014 1453 2075 δὲ
1486 2012 1672 2076 ἐκεῖνο
1720 2013 1801 2095 μὴ
1842 2012 2091 2096 αἱρετόν,
2137 2013 2274 2076 οὐδὲ
2313 2016 2379 2077 τὸ
2412 2014 2725 2097 δύνασθαι)
2768 2016 2866 2077 καὶ
2909 2015 2975 2077 τὸ
3008 2019 3112 2097 ζῆν

600 2119 673 2201 δὴ
718 2116 859 2203 ἔχον
906 2115 1143 2198 δύναμιν
1200 2116 1261 2179 ἐν
1308 2116 1470 2201 αὑτῷ
1525 2120 1627 2179 τοῦ
1672 2138 1735 2178 τε
1776 2113 1844 2179 εὖ
1900 2120 2004 2199 ζῆν
2051 2116 2148 2179 καὶ
2201 2120 2300 2180 τοῦ
2357 2121 2580 2209 κακῶς.
2606 2117 2910 2199 δεδομένον
2957 2116 3113 2200 παρὰ

601 2226 708 2304 τῆς
750 2221 985 2305 φύσεως
1028 2221 1169 2303 ἡμῖν
1215 2223 1315 2281 τοῦ
1362 2217 1428 2281 εὖ
1475 2223 1579 2301 ζῆν
1624 2220 1796 2303 χάριν
1854 2217 1952 2301 (οὐ
1995 2219 2104 2301 γὰρ
2151 2218 2222 2302 ἧν
2267 2218 2389 2281 οἷόν
2434 2243 2499 2282 τε
2551 2219 2730 2287 εὐθὺς
2772 2217 3110 2301 γενομένους
3164 2236 3192 2277 5

494 2342 559 2389 20
596 2320 755 2408 ἔχειν
800 2324 866 2386 τὸ
912 2320 979 2385 εὖ
1027 2326 1157 2405 ζῆν·
1225 2322 1393 2385 οὐδὲν
1438 2320 1548 2405 γὰρ
1604 2320 1665 2383 ἐν
1712 2321 1911 2383 ἀτελεῖ
1957 2320 2206 2395 τέλειον,
2263 2324 2376 2384 πᾶν
2433 2322 2498 2384 δὲ
2551 2322 2750 2390 ἀτελὲς
2801 2322 2980 2389 εὐθὺς
3023 2326 3110 2406 τῷ

595 2425 923 2508 γενέσθαι),
978 2424 1073 2509 εἴη
1122 2423 1190 2487 ἂν
1235 2424 1461 2507 αἱρετὸν
1515 2427 1619 2486 τοῦ
1664 2423 1899 2506 ἀρίστου
1945 2424 2117 2508 χάριν
2171 2427 2288 2486 τῶν
2344 2423 2404 2486 ἐν
2449 2426 2586 2507 ἡμῖν
2631 2422 2904 2505 γενέσθαι
2949 2426 3108 2486 δυνα-

601 2527 789 2610 μένων
838 2526 1223 2611 [δεδομένον].
1314 2527 1545 2611 ἄριστον
1603 2527 1706 2608 μὲν
1752 2526 1860 2609 γὰρ
1907 2527 2003 2588 καὶ
2048 2526 2210 2594 τέλος
2253 2526 2320 2589 τὸ
2363 2524 2430 2589 εὖ
2476 2530 2601 2610 ζῆν,
2663 2532 2833 2589 τοῦτο
2887 2525 2938 2589 δ’
2994 2527 3110 2613 οὐχ
3139 2542 3192 2586 ιο

597 2630 720 2692 οἶόν
764 2652 829 2692 τε
872 2631 1055 2714 χωρὶς
1110 2634 1212 2692 τοῦ
1261 2633 1366 2713 ζῆν
1407 2627 1699 2711 γενέσθαι.
1790 2632 1918 2697 πῶς
1960 2628 2068 2712 γὰρ
2115 2628 2224 2692 οὐκ
2280 2629 2648 2713 ἀπεμφαῖνον
2692 2630 2758 2692 τὸ
2805 2629 2957 2710 ὁμοῦ
3001 2628 3108 2711 μὲν

594 2731 781 2814 λέγειν
826 2734 984 2816 ἡμᾶς
1029 2732 1144 2794 ὑπὸ
1190 2737 1295 2814 τῆς
1338 2732 1571 2815 φῦσεως
1624 2731 1767 2813 πρὸς
1817 2734 1986 2795 τοῦτο
2032 2732 2370 2794 οἰκειῶσῦαι
2424 2732 2520 2794 καὶ
2576 2736 2680 2814 τῆς
2726 2732 2952 2794 ἑαυτῶν
2999 2752 3108 2794 σω-

490 2854 555 2903 25
594 2836 789 2919 τηρίας
832 2836 1003 2919 χάριν
1050 2840 1229 2897 ποιεῖν
1276 2835 1484 2911 πάντα,
1530 2835 1679 2916 ὁμοῦ
1726 2835 1790 2896 δὲ
1837 2834 1921 2916 μὴ
1968 2833 2153 2915 λέγειν
2203 2832 2414 2917 [ἡμᾶς]
2464 2837 2545 2902 ὡς
2589 2836 2732 2918 πρὸς
2775 2835 2840 2897 τὸ
2885 2834 3108 2916 ἀγαθὸν

600 2937 743 3001 αὐτὸ
789 2939 895 3021 τὴν
939 2936 1111 3021 φύσιν
1156 2938 1314 3019 ἡμᾶς
1344 2937 1622 3015 οἰκειοόν;
1670 2934 1759 2997 ὅτι
1789 2935 1901 3019 γὰρ
1945 2939 2026 3004 ὡς
2071 2936 2214 3018 πρὸς
2257 2937 2324 2997 τὸ
2371 2935 2592 3017 ἀγαθὸν
2637 2938 2703 2999 τὸ
2738 2939 2841 3019 ζῆν
2888 2935 3106 3021 ᾠκειώ-
3136 2950 3189 2993 15

596 3040 781 3123 μεῦα,
838 3042 1013 3123 δῆλον
1061 3039 1158 3101 καὶ
1203 3038 1269 3101 ἐκ
1322 3042 1424 3101 τοῦ
1478 3039 1612 3121 περί
1663 3060 1727 3099 τε
1778 3038 1846 3099 τὸ
1897 3039 2109 3105 παῖδας
2151 3038 2512 3121 ποιήσασθαι
2567 3040 2788 3121 πολλὴν
2845 3039 3104 3120 σπουδὴν

594 3141 969 3226 εἰσφέρεσθαι
1016 3145 1097 3209 ὡς
1128 3140 1443 3223 ἐσομένους
1486 3142 1695 3223 τρόπον
1735 3140 1862 3203 τινὰ
1907 3139 1979 3202 δι’
2024 3140 2280 3215 ἐκείνων,
2326 3140 2476 3203 ἀλλὰ
2521 3142 2614 3203 καὶ
2648 3140 2742 3203 διὰ
2786 3146 2887 3203 τοῦ
2919 3142 3106 3203 πάντα

593 3244 633 3307 ἃ
677 3243 1026 3331 φοβούμεθα
1070 3244 1383 3327 φοβεῖσθαι
1430 3242 1729 3325 μειζόνως,
1776 3242 1920 3305 διότι
1952 3242 2334 3305 ὑποπτεύεται
2381 3244 2478 3305 καὶ
2510 3244 2766 3306 θανάτου
2798 3243 2952 3306 αἴτια
2983 3241 3103 3307 ἔσε·
3130 3260 3187 3301 20

486 3366 555 3415 30
593 3350 751 3413 σθαι.
841 3346 929 3411 ὅτι
982 3345 1035 3409 δ’
1093 3347 1209 3409 ἀπὸ
1262 3351 1368 3429 τῆς
1420 3347 1562 3428 πρὸς
1617 3346 1689 3408 τὰ
1744 3346 1952 3429 βελτίω
2009 3347 2312 3428 δυνάμεως
2363 3347 2402 3429 ἡ
2459 3346 2640 3429 κρίσις
2692 3353 2808 3409 τῶν
2867 3347 3098 3427 μεταξύ,

591 3452 767 3533 δῆλόν
828 3450 982 3513 ἐστιν
1045 3450 1143 3512 καὶ
1206 3448 1273 3511 ἐκ
1330 3452 1433 3510 τοῦ
1482 3448 1581 3510 τὸν
1643 3446 1953 3530 ἄνθρωπον
2017 3446 2431 3529 ὁμολογεῖσθαι
2494 3450 2610 3509 τῶν
2674 3446 2866 3512 ἄλλων
2929 3446 3101 3535 ζῴων

592 3552 825 3637 ἄμεινον
873 3557 1027 3637 ζῷον
1074 3550 1239 3625 εἶναι,
1284 3554 1453 3613 τοῦτο
1499 3549 1583 3625 δέ,
1628 3548 1773 3612 διότι
1818 3554 1935 3612 τῶν
1966 3550 2159 3613 ἄλλων
2192 3549 2360 3613 οὐδὲν
2405 3551 2618 3634 ἀρετῆς
2647 3553 2925 3616 δεκτικόν.
2995 3560 3101 3638 τῷ,
3129 3569 3184 3611 25

591 3656 659 3719 οὔ
715 3656 867 3719 ἐστιν
922 3656 1221 3739 ἀμείνονος
1276 3652 1566 3733 δεκτικόν,
1622 3657 1793 3715 τοῦτο
1847 3658 1964 3714 τῶν
2019 3653 2080 3714 ἐν
2133 3657 2253 3720 τοῖς
2305 3652 2506 3722 ἄλλοις
2559 3652 2734 3739 ζῴοις
2784 3656 3098 3739 γινομένων

591 3759 835 3843 αἱρετῶν
876 3758 1109 3841 ἄμεινον
1156 3756 1321 3834 εἶναι,
1371 3756 1378 3843 Ι
1430 3758 1617 3842 τούτῳ
1664 3756 1904 3841 βελτίων
1952 3757 1983 3818 ὃ
2022 3754 2352 3840 ἄνθρωπος,
2398 3756 2546 3833 ἐπεί,
2593 3756 2756 3840 εἴγε
2799 3762 2896 3821 καὶ
2941 3761 3056 3822 ἀπὸ
3103 3768 3204 3823 229

484 3881 551 3930 35
588 3868 704 3926 τῶν
750 3860 1033 3945 χειρόνων
1079 3863 1119 3944 ἡ
1164 3860 1347 3945 κρίσις
1398 3861 1615 3943 ἐγίνετο
1661 3864 1775 3922 τῶν
1824 3857 2065 3941 μεταξύ,
2119 3856 2287 3921 οὐδὲν
2334 3858 2588 3922 ἐκώλυεν
2644 3861 2740 3923 τὸν
2787 3860 3096 3945 ἄνθρωπον

588 3966 628 4048 ἢ
683 3966 951 4028 κάκιστον
1005 3969 1121 4026 τῶν
1179 3962 1349 4048 ζῴων
1403 3962 1619 4045 λέγειν,
1672 3967 1775 4026 τοῦ
1822 3962 2096 4025 κακίστου
2147 3965 2265 4023 τῶν
2321 3960 2501 4024 ὄντων
2558 3967 2660 4046 τῆς
2715 3963 2916 4032 κακίας
2961 3962 3098 4027 ὄντα

587 4064 877 4143 δεκτικόν,
924 4066 961 4149 ἢ
1010 4066 1259 4149 μηδενὸς
1300 4072 1417 4129 τῶν
1464 4064 1657 4128 ἄλλων
1707 4062 1882 4150 ζῴων
1928 4064 2075 4127 εἶναι
2119 4062 2292 4127 αὐτὸν
2340 4065 2630 4149 βελτίονα,
2677 4064 2805 4128 ἐπεὶ
2850 4066 2910 4127 ἐν
2955 4070 3097 4130 πᾶσι
3149 4086 3178 4127 5

484 4314 508 4365 1
556 4314 675 4384 τῇδε
710 4318 759 4365 V
940 4314 970 4365 6
1008 4311 1295 4381 δυναμένων
1333 4312 1493 4364 vict.:
1544 4310 1807 4379 δυνάμεων
1845 4310 1967 4363 libri
2164 4308 2198 4361 8
2234 4308 2388 4381 ἔχειν]
2426 4328 2453 4361 ν
2493 4327 2534 4363 s,
2562 4328 2610 4362 v,
2649 4314 2696 4362 V
2893 4312 2924 4364 9
2961 4310 3200 4383 δύνΙαῙνα-

479 4418 560 4470 μιν
596 4405 647 4453 V
825 4397 874 4452 δ’
916 4400 987 4453 ἔτι
1025 4418 1057 4453 a
1252 4400 1315 4453 13
1352 4400 1483 4451 ἐστιν
1520 4400 1711 4470 (χάριν)
1750 4399 1861 4451 sive
1898 4397 2027 4449 ἐστιν
2065 4398 2258 4461 <ἕνεκα>
2296 4399 2431 4450 coni.
2470 4400 2556 4465 Sp.
2741 4398 2805 4451 15
2854 4398 2992 4450 αὐτῶ
3029 4415 3060 4451 a

479 4490 565 4542 alt.
602 4488 689 4541 καὶ
727 4503 825 4541 om.
864 4505 897 4539 a
932 4490 1021 4554 Sp.
1206 4487 1267 4540 18
1323 4486 1466 4555 αὐτῷ
1501 4490 1552 4538 V
1732 4485 1881 4555 εὗζην
1918 4490 1969 4537 V
2153 4484 2214 4536 19
2251 4485 2532 4554 γενομένοις
2568 4486 2656 4552 Sp.
2837 4486 2904 4537 20
2950 4486 3028 4555 τῷ
3065 4490 3198 4540 VBS

478 4574 677 4629 viem:
724 4574 783 4627 τὸ
820 4578 919 4627 Fa:
975 4578 1065 4627 τοῦ
1103 4578 1192 4643 Sp.
1405 4574 1473 4627 22
1530 4572 1793 4641 δεδομένον
1831 4574 2214 4640 circumscripsi
2417 4572 2484 4623 25
2541 4572 2674 4641 ἡμᾶς
2710 4572 3093 4640 circumscripsi

475 4662 535 4715 τὸ
581 4677 680 4714 om.
729 4680 761 4713 a
804 4664 894 4730 Sp.
1075 4662 1139 4714 26
1197 4662 1331 4732 ἡμᾶς
1376 4661 1475 4715 del.
1521 4664 1610 4728 Sp.
1792 4661 1876 4713 26.
1915 4660 1981 4712 27
2020 4657 2326 4727 οἰκειώμεθα
2365 4677 2397 4710 a
2433 4662 2522 4727 Sp.
2700 4658 2766 4710 27
2804 4678 2858 4711 τε
2897 4659 2998 4712 del.
3035 4662 3127 4728 Sp.

480 4786 546 4839 28
582 4768 833 4851 ἐκεινωψ,
871 4781 1001 4836 ἀλλὰ
1029 4784 1105 4837 sic
1126 4788 1170 4835 V
1318 4782 1384 4833 29
1423 4780 1570 4850 διότι]
1600 4780 1680 4834 ὅτε
1702 4780 1960 4833 Schwartz
2105 4781 2187 4833 32.
2211 4780 2278 4833 33
2315 4782 2393 4851 τῷ
2420 4778 2506 4831 οὖν
2535 4778 2594 4832 οὗ
2621 4798 2652 4831 a
2675 4782 2765 4847 Sp.
2909 4779 2973 4832 37
3015 4780 3048 4850 ἡ
3087 4798 3120 4831 a
