3684 5567
1137 228 1296 285 ΠΕΡΙ
1333 229 1654 286 ΚΡΑΣΕΩΣ
1691 230 1812 286 ΚΑΙ
1851 231 2204 288 ΑΥΞΗΣΕΩΣ
2246 235 2445 288 lO—ll
3027 234 3154 298 225

537 401 642 483 τὴν
688 399 753 463 δὲ
796 401 1162 485 πάσχουσαν,
1231 403 1519 488 μεμῖχθαι
1584 408 1659 488 τῇ
1710 405 1822 488 ὕλῃ
1868 405 2055 487 λέγειν
2102 406 2198 469 τὸν
2244 404 2405 485 θεόν,
2472 408 2567 470 διὰ
2627 409 2821 490 ποὶσης
2863 404 3045 489 αὐτῆς

541 503 814 586 διήκοντα
857 504 955 566 καὶ
1002 507 1438 589 σχηματίζοντα
1480 506 1684 588 αὐτήν,
1729 508 1824 571 καὶ
1874 513 2208 592 μορφοῦντα
2236 509 2333 572 καὶ
2364 513 2827 591 κοσμοποιοῢντα
2856 509 3045 592 τούτῳ

539 610 626 689 τῷ
672 606 894 690 τρόπῳ.
985 607 1037 670 εἰ
1077 608 1186 692 γὰρ
1231 609 1370 678 θεὸς
1435 608 1562 672 κατ’
1617 609 1827 680 αὐτοὺς
1873 615 2070 695 σῶμα,
2136 615 2366 694 πνεῦμα
2430 612 2511 674 ὢν
2556 611 2755 695 νοερόν
2820 636 2885 676 τε
2950 611 3048 675 καὶ

539 707 740 784 ἀίδιον,
809 710 905 772 καὶ
949 710 988 792 ἡ
1036 710 1146 794 ὕλη
1191 711 1256 773 δὲ
1301 715 1498 794 σῶμα,
1567 718 1798 796 πρῶτον
1846 714 1949 795 μὲν
1996 715 2161 776 ἔσται
2228 715 2397 777 πάλιν
2465 715 2663 798 διῆκον
2732 719 2909 796 σῶμα
2952 712 3047 776 διὰ
3074 729 3131 771 ιο

469 829 500 878 5
540 813 833 893 σώματος,
885 809 1084 876 ἔπειτα
1127 814 1194 876 τὸ
1239 819 1466 897 πνεῦμα
1508 819 1679 879 τοῦτο
1725 816 1854 900 ἤτοι
1898 841 1951 880 τι
1997 812 2111 878 τῶν
2156 818 2457 900 τεσσάρων
2496 821 2613 879 τῶν
2646 817 2850 880 ἁπλῶν
2882 814 3044 881 ἔσται

540 915 850 996 σωμάτων,
918 915 957 978 ἃ
1008 916 1106 979 καὶ
1151 919 1418 1002 στοιχεῖά
1461 939 1652 1002 φασιν,
1698 918 1737 1002 ῆ
1787 919 1857 983 ἐκ
1900 919 2121 982 τούτων
2166 919 2453 1003 σύγκριμα
2496 918 2609 1002 (ὥς
2653 943 2763 982 που
2809 920 2905 984 καὶ
2950 917 3047 981 αὐ-

539 1019 627 1080 τοὶ
693 1017 982 1100 λέγουσιν·
1050 1020 1150 1082 καὶ
1190 1021 1300 1105 γὰρ
1345 1020 1517 1104 ἀέρος
1558 1022 1657 1084 καὶ
1701 1023 1883 1106 πυρὸς
1948 1023 2283 1106 ὑφίστανται
2347 1023 2451 1105 τὴν
2497 1021 2696 1086 οὐσίαν
2762 1020 2923 1108 ἔχειν
2988 1021 3055 1084 τὸ

541 1119 819 1203 πνεῦμα),
865 1119 926 1204 ἥ,
969 1119 1073 1206 (εἰ)
1117 1121 1262 1186 ἄλλο
1305 1147 1359 1186 τι
1404 1122 1520 1207 εἴη,
1563 1122 1726 1187 ἔσται
1769 1126 1834 1187 τὸ
1882 1125 2042 1188 θεῖον
2088 1125 2283 1193 αὐτοῖς
2327 1129 2503 1206 σῶμα
2548 1126 2785 1210 πέμπτη
2828 1149 2912 1195 τις
2955 1124 3047 1188 οὐ·
3075 1141 3129 1182 15

541 1223 660 1296 σία,
702 1225 891 1308 χωρὶς
938 1224 1289 1295 ἀποδείξεώς
1332 1249 1485 1295 τινος
1528 1229 1626 1291 καὶ
1669 1229 2042 1311 παραμυθίας
2082 1227 2363 1310 λεγομένη
2409 1233 2530 1297 τοῖς
2574 1229 2719 1312 πρὸς
2760 1229 2858 1291 τὸν
2906 1229 3052 1312 μετὰ

441 1346 504 1392 10
540 1331 658 1389 τῶν
702 1327 934 1391 οἰκείων
981 1327 1282 1411 τιθέμενον
1327 1333 1500 1392 τοῦτο
1546 1330 1940 1411 ἀντιλέγουσιν
1986 1334 2067 1400 ὥς
2103 1330 2345 1413 λέγοντα
2390 1331 2704 1415 παράδοξα.
2794 1333 2847 1395 εἰ
2903 1332 2967 1394 δὲ
3012 1330 3053 1414 ἧ

542 1432 659 1492 τῶν
703 1431 1004 1514 τεσσάρων
1046 1453 1099 1493 τι
1144 1429 1238 1514 εἴη
1295 1431 1350 1514 ἤ
1395 1455 1448 1494 τι
1492 1431 1552 1500 ἐξ
1591 1433 1826 1496 ἐκείνων
1896 1434 2201 1516 σύγκριμα,
2270 1431 2433 1497 ἔσται
2497 1433 2563 1496 τὸ
2628 1435 2697 1497 ἐκ
2760 1438 2868 1518 τῆς
2913 1434 3053 1516 ὕλης

541 1535 898 1616 γεννώμενον
967 1538 1141 1616 σῶμα
1194 1536 1308 1619 πρὸ
1365 1539 1469 1598 τοῦ
1525 1535 1795 1619 γενέσθαι
1862 1537 2213 1620 πεφοιτηκὸς
2280 1533 2351 1599 δι’
2418 1536 2601 1620 αὐτῆς
2664 1540 2759 1601 καὶ
2819 1539 3055 1600 τεκνοῦν
3083 1551 3140 1594 2⁰

545 1635 604 1704 ἐξ
647 1635 872 1720 ἐκείνης
917 1635 1136 1720 ὁμοίως
1176 1641 1296 1707 τοῖς
1339 1637 1538 1708 ἄλλοις
1582 1639 1677 1702 καὶ
1723 1640 1921 1703 ἑαυτό.
2012 1637 2095 1701 ἔτι
2140 1661 2203 1701 τε
2269 1640 2505 1724 ὕστερον
2552 1638 2621 1702 ἂν
2689 1640 2722 1702 ὃ
2767 1639 2908 1708 θεὸς
2950 1645 3056 1724 τῆς

544 1738 684 1821 ὕλης
727 1737 844 1823 εἴη,
889 1737 1049 1821 εἴγε
1094 1744 1208 1803 πᾶν
1255 1741 1359 1824 μὲν
1405 1743 1470 1805 τὸ
1515 1740 1715 1805 ἔνυλον
1762 1745 1937 1823 σῶμα
2005 1746 2111 1826 τῆς
2178 1741 2320 1826 ὕλης
2366 1742 2619 1826 ὕστερον.
2707 1744 2774 1806 τὸ
2832 1744 2941 1826 γὰρ
2987 1742 3055 1805 ἐκ

445 1860 505 1908 15
542 1845 648 1923 τῆς
691 1841 887 1926 ἀρχῆς
931 1843 1188 1927 ὕστερον,
1255 1845 1288 1908 ὁ
1334 1845 1400 1908 δὲ
1442 1846 1582 1914 θεὸς
1626 1848 1886 1908 τοιοῦτον
1932 1848 2134 1927 σῶμα·
2204 1843 2272 1906 οὐ
2316 1844 2425 1928 γὰρ
2472 1846 2545 1928 δὴ
2590 1851 2664 1928 τῇ
2713 1845 2827 1929 ὕλῃ
2874 1846 2907 1908 ὁ
2954 1844 3053 1908 αὐ-

545 1943 660 2013 τός.
749 1949 1008 2015 τοιοῦτος
1073 1947 1138 2010 δὲ
1193 1947 1274 2009 ὢν
1319 1947 1412 2031 εἴη
1459 1947 1527 2010 ἂν
1584 1948 1759 2033 μέχρι
1802 1953 2004 2032 φωνῆς
2070 1947 2252 2016 ἀίδιος
2296 1947 2490 2015 αὐτοῖς
2556 1947 2763 2030 μόνης·
2831 1948 2885 2011 εἰ
2947 1947 3057 2031 γὰρ

545 2047 744 2130 γέγονε
771 2047 998 2132 (γέγονε
1043 2050 1109 2112 δὲ
1153 2049 1221 2113 ἐκ
1265 2055 1371 2134 τῆς
1415 2050 1606 2134 ὕλης),
1652 2051 1768 2115 εἴτε
1813 2074 1866 2113 τι
1911 2055 2027 2114 τῶν
2071 2052 2276 2114 ἁπλῶν
2321 2050 2442 2114 ἐστι
2471 2052 2783 2132 σωμάτων,
2831 2049 2949 2116 εἴτε
2992 2051 3061 2115 ἐκ
3086 2069 3143 2110 2⁶

542 2151 762 2215 τούτων
814 2152 1117 2236 σύγκριμα.
1193 2153 1337 2237 πρὸς
1381 2154 1446 2216 δὲ
1488 2154 1711 2222 τούτοις
1753 2154 2096 2238 ἐπιζητῆσαι
2142 2177 2225 2223 τις
2267 2153 2359 2229 ἄν,
2402 2154 2455 2216 εἰ
2499 2158 2614 2216 τῶν
2660 2155 2728 2218 ἐκ
2770 2159 2875 2238 τῆς
2919 2155 3061 2237 ὕλης

549 2253 874 2336 γενομένων
921 2254 1044 2318 οἷόν
1087 2278 1152 2317 τε
1197 2257 1547 2339 δημιουργὸν
1591 2256 1779 2338 λέγειν
1823 2258 1922 2319 τὸν
1968 2257 2459 2341 διαπεφοιτηκότα
2488 2261 2591 2340 τῆς
2624 2257 2764 2340 ὅλης
2794 2258 2889 2321 καὶ
2922 2256 3060 2321 ὄντα

443 2377 514 2424 20
551 2357 612 2420 ἐν
657 2357 808 2440 αὐτῇ
856 2357 1015 2420 θεόν.
1105 2357 1354 2442 φέρουσι
1401 2358 1505 2440 μὲν
1550 2358 1659 2441 γὰρ
1704 2360 1788 2428 εἰς
1830 2359 1936 2442 τὴν
1982 2359 2345 2442 κατασκευὴν
2391 2361 2560 2423 τοῦδε
2602 2361 2668 2422 τὸ
2710 2360 2791 2444 μὴ
2844 2361 3063 2443 ὁμοίως

551 2465 671 2529 τοῖς
713 2459 887 2544 φύσει
930 2459 1250 2542 γινομένοις
1292 2461 1553 2544 γίνεσθαι
1598 2462 1670 2524 τὰ
1714 2461 1864 2524 κατὰ
1907 2460 2009 2529 τὰς
2054 2460 2282 2545 τέχνας.
2373 2461 2444 2524 τὰ
2491 2462 2594 2543 μὲν
2640 2462 2749 2546 γὰρ
2794 2464 2911 2526 ἀπὸ
2956 2469 3062 2548 τῆς
3086 2483 3143 2526 ω

551 2563 785 2647 φύσεως
830 2563 1276 2644 ἀποτελέσματα
1323 2563 1430 2628 οὐκ
1474 2565 1778 2645 ἐπιπολῆς,
1824 2565 1975 2627 ἀλλὰ
2021 2562 2095 2626 δι’
2152 2563 2305 2626 ὅλων
2351 2565 2725 2628 εἰδοποιεῒταί
2763 2587 2825 2629 τε
2874 2563 2881 2650 Ι
2918 2567 3012 2629 καὶ
3058 2573 3166 2630 607

553 2667 980 2742 διαπλάττεται,
1025 2667 1125 2730 καὶ
1170 2667 1242 2730 τὰ
1286 2663 1449 2730 ἔνδον
1496 2667 1688 2730 αὐτῶν
1735 2669 2161 2751 γλαφυρώτατα
2192 2666 2697 2751 πεφιλοτέχνηται,
2742 2669 2815 2730 τὰ
2846 2671 2912 2732 δὲ
2942 2674 3059 2732 τῶν

555 2773 781 2854 τεχνῶν
827 2769 1328 2852 διαμεμόρφωται,
1377 2772 1459 2838 ὧς
1503 2769 1598 2832 ἐπὶ
1641 2774 1758 2831 τῶν
1807 2771 2155 2852 ἀνδριάντων
2202 2767 2358 2854 ἔχει·
2405 2769 2477 2832 τὰ
2506 2770 2613 2852 γὰρ
2645 2769 2806 2834 ἔνδον
2838 2773 3058 2835 τούτων

445 2893 513 2942 25
551 2873 935 2936 ἀδιάπλαστα.
1049 2872 1146 2935 διὰ
1221 2873 1296 2955 δὴ
1371 2871 1542 2935 τοῦτό
1607 2892 1780 2955 φασιν
1856 2877 1972 2935 τῶν
2045 2872 2151 2953 μὲν
2227 2872 2541 2954 γινομένων
2619 2875 2765 2937 κατὰ
2850 2875 3061 2959 τέχνην
3100 2859 3107 2864 ’

553 2974 772 3045 ἔξωθεν
817 2975 962 3038 εἶναι
1006 2977 1101 3039 καὶ
1145 2975 1578 3059 κεχωρισμένον
1625 2977 1689 3038 τὸ
1737 2980 1961 3054 ποιοῦν,
2008 2975 2105 3038 ἐπὶ
2152 2977 2215 3038 δὲ
2261 2981 2379 3038 τῶν
2423 2975 2738 3056 γινομένων
2784 2975 2956 3060 φύσει
3001 2975 3063 3039 ἐν
3118 2994 3146 3035 5

555 3083 630 3161 τῇ
677 3079 792 3162 ὕλῃ
837 3077 981 3141 εἶναι
1027 3079 1132 3160 τὴν
1178 3077 1414 3160 δύναμιν
1480 3079 1586 3160 τὴν
1633 3080 1972 3162 μορφοῢσάν
2018 3101 2079 3140 τε
2124 3078 2221 3142 καὶ
2264 3083 2553 3158 γεννῶσαν
2623 3078 2791 3141 αὐτοί.
2881 3083 3063 3141 ταῦτα

557 3182 622 3244 δὲ
667 3181 782 3265 οὐχ
827 3184 1058 3264 ὁρῶμεν
1104 3183 1225 3249 τοῖς
1268 3180 1588 3262 γινομένοις
1633 3179 1967 3264 συνᾴδοντα.
2043 3182 2137 3243 ἐπὶ
2168 3180 2279 3264 γὰρ
2325 3182 2554 3243 πάντων
2598 3187 2715 3244 τῶν
2745 3182 3065 3263 γινομένων

560 3284 731 3367 φύσει
800 3281 1019 3351 ἔξωθέν
1083 3283 1142 3344 τί
1181 3283 1302 3346 ἐστι
1348 3283 1412 3344 τὸ
1459 3284 1564 3364 τὴν
1611 3283 1802 3367 ἀρχὴν
1850 3288 1954 3367 τῆς
1997 3281 2281 3365 γενέσεως
2342 3283 2534 3346 αὐτῶν
2600 3283 2741 3369 ἔχον
2808 3286 2904 3348 καὶ
2959 3290 3066 3368 τῆς

451 3407 520 3456 3ο
558 3390 795 3471 πρώτης
861 3387 920 3449 ἐν
965 3389 1041 3469 τῇ
1091 3385 1203 3468 ὕλῃ
1251 3385 1578 3469 μεταβολῆς
1644 3384 1845 3449 αἴτιον.
1936 3387 2008 3449 τά
2069 3408 2131 3448 τε
2174 3384 2284 3470 γὰρ
2352 3387 2509 3448 ἁπλᾶ
2565 3389 2811 3471 σώματα
2854 3393 2961 3471 τῆς
3003 3410 3067 3450 τε
3098 3403 3150 3446 ιο

557 3491 640 3559 εἰς
684 3489 914 3573 ἄλληλα
959 3489 1284 3572 μεταβολῆς
1353 3485 1570 3557 ἔξωθεν
1617 3487 1745 3573 ἔχει
1788 3489 1895 3570 τὴν
1942 3489 2143 3552 αἰτίαν.
2234 3489 2395 3574 ψῦξις
2458 3489 2567 3572 γὰρ
2630 3491 2727 3552 καὶ
2770 3491 3068 3574 θερμότης

553 3595 592 3677 ἡ
639 3590 910 3675 γινομένη
958 3591 1053 3654 διὰ
1095 3593 1200 3674 τὴν
1245 3594 1362 3652 τῶν
1430 3591 1710 3673 οὐρανίων
1777 3592 2069 3670 σωμάτων
2136 3591 2349 3654 ἄλλοτε
2421 3592 2657 3655 ἀλλοίαν
2723 3593 2866 3676 πρὸς
2918 3591 3069 3656 αὐτὰ

559 3695 762 3781 σχέσιν
829 3699 937 3778 τῆς
977 3694 1260 3775 γενέσεως
1302 3692 1499 3760 αὐτοῖς
1543 3695 1640 3757 καὶ
1684 3699 1789 3777 τῆς
1832 3695 2063 3778 φθορᾶς
2108 3695 2203 3757 καὶ
2270 3698 2375 3776 τῆς
2422 3694 2503 3763 εἰς
2547 3694 2775 3779 ἄλληλα
2821 3696 3068 3780 μεταβο-

557 3801 664 3882 λῆς
709 3796 886 3861 αἴτια.
964 3797 1112 3859 ἀλλὰ
1155 3797 1252 3860 καὶ
1297 3800 1412 3858 τῶν
1458 3801 1655 3879 φυτῶν
1699 3798 1796 3858 καὶ
1839 3801 1957 3859 τῶν
2004 3795 2174 3881 ζῴων
2222 3797 2465 3860 ἕκαστον
2512 3796 2625 3860 ὑπό
2670 3821 2818 3866 τινος
2848 3795 3068 3867 ἔξωθεν

457 4043 476 4092 l
531 4038 689 4108 λέγειν
737 4038 919 4107 Apelt:
976 4036 1110 4108 λέγει
1153 4037 1300 4089 libri:
1355 4034 1551 4105 λέγουσι
1597 4034 1762 4087 Ideler
2010 4033 2042 4086 6
2081 4033 2159 4086 ὥσ
2193 4034 2315 4103 που]
2364 4034 2533 4107 ὥσπερ
2568 4037 2650 4088 Ra
2895 4035 2930 4088 8
2978 4033 3021 4087 εἰ
3059 4035 3177 4088 add.

456 4127 614 4196 Apelt
861 4127 894 4178 9
951 4125 1194 4195 λεγομένη
1245 4124 1426 4193 Apelt:
1483 4121 1754 4192 λεγομένης
1809 4123 1927 4174 libri
2139 4121 2265 4190 τοῖς]
2303 4127 2397 4192 τῆς
2430 4126 2512 4175 Ra
2692 4121 2759 4174 10
2812 4121 3019 4192 λέγοντα
3064 4123 3177 4175 Ide·

452 4216 550 4268 let:
605 4214 799 4286 λέγοντι
846 4215 968 4268 libri
1189 4212 1250 4265 12
1287 4210 1614 4283 πεφοιτηκὼς
1651 4209 1814 4262 Ideler
2026 4206 2095 4277 δι]
2134 4227 2182 4260 τι
2221 4213 2299 4262 Ra
2501 4211 2709 4260 τεκνοῦν
2748 4208 2929 4276 Apelt:
2984 4209 3179 4261 τέκνων

452 4303 570 4356 libri
801 4303 865 4354 13
902 4302 1052 4354 ἑαυτό
1089 4301 1265 4368 Ape1t=
1307 4299 1474 4367 ἑαυτῷ
1508 4299 1626 4350 libri
1823 4296 1901 4364 τε]
1939 4297 1992 4348 δὲ
2032 4297 2199 4348 Ideler
2401 4296 2463 4347 16
2500 4297 2647 4368 μέχρι
2684 4299 2862 4365 φωνῆς
2899 4293 3054 4352 ἀίδιος
3090 4295 3179 4346 αὒ-

451 4397 560 4448 τοῖς
595 4390 883 4442 Schwartz:
941 4390 1086 4461 μέχρι
1123 4391 1299 4457 φωνῆς
1336 4385 1520 4444 αἰδοῖος
1556 4384 1725 4441 αὺτοῖς
1763 4389 1837 4435 A:
1896 4383 2044 4456 μέχρι
2082 4386 2314 4454 φωνῆσαι
2350 4379 2400 4434 δ’
2440 4382 2608 4440 αὐτοῖς
2648 4383 2845 4436 BCPS:
2885 4382 3035 4454 μέχρι
3070 4401 3180 4452 φω-

453 4481 599 4547 νῆσαι
645 4475 735 4528 δύο
780 4475 951 4533 αὐτοῖς
990 4481 1094 4530 Ra:
1150 4475 1194 4527 εἰ
1243 4475 1340 4545 χρὴ
1393 4477 1652 4542 φωνῆσαι,
1703 4467 1770 4523 δι’
1811 4471 1969 4540 αὐτῆς
2014 4471 2173 4538 Apelt
2352 4470 2521 4538 μόνοις
2558 4470 2724 4523 Ideler
2871 4469 2931 4521 17
2988 4469 3065 4538 δὲ]
3117 4470 3179 4539 δὴ

453 4565 614 4631 Apelt
661 4566 770 4616 sive
809 4562 908 4615 del.
1123 4561 1185 4613 21
1243 4562 1308 4614 τὰ
1353 4561 1486 4612 κατὰ
1529 4559 1640 4627 τὰς]
1689 4561 1779 4616 τὰς
1813 4561 1947 4611 κατὰ
1982 4563 2061 4613 Ra
2275 4557 2399 4622 ἀπὸ]
2457 4556 2554 4608 ὑπὸ
2609 4557 2773 4609 ldeler
2953 4557 3019 4609 22
3076 4559 3181 4610 έπι-

453 4650 615 4720 πολῆς
636 4656 708 4702 A:
747 4649 1020 4719 έπιπολλῆς
1045 4653 1247 4704 BPCS=
1286 4649 1365 4701 ἐπὶ
1389 4647 1578 4716 πολλῆς
1603 4650 1705 4699 Ra:
1745 4646 2005 4717 ἐπιφανείᾳ
2034 4646 2196 4698 ldeler
2266 4649 2272 4656 '
2370 4645 2437 4697 25
2472 4661 2619 4712 φασιν
2648 4647 2860 4714 scripsi:
2902 4647 3181 4715 φησάντων

456 4739 601 4792 liburia
638 4737 828 4809 ἔφησαν
869 4737 1026 4806 Apelt
1191 4737 1256 4788 26
1295 4737 1460 4800 (εἶναι)
1495 4735 1554 4787 τὸ
1582 4739 1753 4787 ποιοῦν
1783 4735 1949 4786 Ideler
2114 4735 2181 4786 28
2218 4739 2323 4785 τῶν
2360 4748 2459 4784 om.
2487 4736 2567 4785 Ra
2744 4733 2811 4785 32
2850 4734 2881 4802 ἡ
2920 4732 3181 4803 γινομένη]

455 4828 711 4897 ἡγουμένη
751 4829 828 4879 Ra
1007 4826 1184 4880 ἄλλοτε
1224 4841 1324 4877 om.
1364 4845 1396 4876 a

563 4933 708 4983 Suppl.
738 4933 870 4971 mist.
900 4933 942 4970 11
969 4927 996 4970 2
1051 4933 1174 4970 Alex.
1204 4933 1362 4979 scripta
1391 4930 1568 4968 minora.
2701 4911 2778 4972 15
