3684 5567
1367 280 1647 337 ΒΙΒΛΙΟΝ
1689 279 1946 337 'l'Pl'l'ON
1992 283 2122 335 1--2
3021 281 3100 346 81

491 575 538 639 Ι.
626 573 711 639 Τί
749 576 939 639 ἐστιν
985 577 1391 659 ἀνάμνησις.
3051 588 3080 630 5

651 744 1005 829 Ἀνάμνησίς
1048 746 1201 809 ἐστιν
1256 748 1483 830 εὕρεσις
1534 746 1629 809 διὰ
1682 747 1984 829 ζητήσεως
2036 747 2444 829 φαντάσματος
2497 746 2530 809 ὃ
2582 744 2810 820 ἐγένετό
2857 766 2997 807 ποτε

492 848 551 911 ἐν
595 852 680 932 τῷ
730 852 959 931 σώματι
1002 848 1063 911 ἐν
1110 844 1161 933 ᾧ
1208 849 1245 930 ἡ
1292 848 1606 932 αἰσθητικὴ
1653 851 1838 933 ψυχή.
3056 841 3064 847 ”

492 1089 569 1153 ΙΙ.
660 1088 932 1158 Λέξεως
976 1088 1301 1173 ἐξήγησις
1355 1089 1431 1151 ἐκ
1488 1092 1609 1152 τοῦ
1662 1088 1997 1173 δευτέρου
2045 1088 2214 1173 Περὶ
2270 1094 2498 1173 ψυχῆς
2553 1087 2764 1171 λόγου
2815 1084 2997 1171 Ἀρι·
3024 1101 3080 1144 10

425 1212 454 1261 5
492 1191 901 1268 στοτέλους,
958 1190 1040 1253 δι’
1095 1191 1175 1275 ἧς
1222 1188 1476 1273 λέ·“γει
1484 1188 1829 1275 “θεωροῦν
1875 1191 2000 1274 γὰρ
2056 1192 2317 1274 γίνεται
2362 1192 2444 1253 τὸ
2481 1189 2644 1275 ἔχον
2692 1190 2811 1273 τὴν
2858 1190 3000 1252 ἐπι·

491 1297 793 1379 στήμην,
850 1293 1019 1377 ὅπερ
1073 1293 1198 1356 οὐκ
1256 1291 1443 1357 ἔστιν
1491 1294 1982 1356 ἀλλοιοῦσθαι·
2047 1293 2147 1361 εἰς
2191 1292 2357 1356 αὐτὸ
2411 1294 2536 1379 γὰρ
2594 1295 2633 1376 ἡ
2681 1292 2996 1358 ἐπίδοσις

1336 1397 1451 1459 καὶ
1496 1396 1595 1464 εἰς
1639 1393 2162 1480 ἐντελέχειαν.”

661 1563 943 1636 Εἰπόντος
966 1564 1407 1649 Ἀριστοτέλους
1435 1566 1497 1628 ἐν
1527 1570 1612 1650 τῷ
1644 1565 1900 1650 δευτέρῳ
1935 1565 2074 1649 Περὶ
2120 1571 2320 1650 ψυχῆς
2363 1566 2408 1649 †
2439 1565 2536 1628 ἐπὶ
2565 1570 2670 1648 τῆς
2713 1588 2754 1627 ⁹1·
2799 1588 2839 1628 x·
2883 1565 3000 1627 ἀπὸ
3029 1580 3084 1621 15

490 1672 595 1751 τῆς
624 1667 821 1742 ἕξεως,
870 1668 939 1751 ἢν
971 1668 1130 1731 εἶπεν
1166 1667 1172 1749 Ι
1223 1668 1493 1751 δευτέραν
1524 1668 1761 1751 δύναμιν
1792 1668 2025 1751 (πρώτη
2056 1668 2163 1752 γὰρ
2196 1666 2266 1751 ἦν
2299 1668 2533 1747 δύναμις
2564 1666 2656 1751 (ἡ)
2687 1668 2830 1751 πρὸς
2859 1667 2964 1751 τὴν
3009 1675 3108 1731 152

394 1791 454 1837 ιο
490 1772 775 1854 ἀνάληψιν
827 1776 933 1853 τῆς
989 1770 1165 1839 ἕξεως
1226 1769 1679 1853 ἐπιτηδειότης),
1742 1772 2005 1837 εἰπόντος
2049 1768 2146 1832 οῦν
2193 1770 2370 1833 αὐτοῦ
2418 1772 2545 1853 περὶ
2591 1769 2773 1853 αὐτῆς
2817 1770 3004 1839 οὕτως

490 1876 805 1957 θεωροῦν
864 1873 991 1956 γὰρ
1049 1875 1314 1955 γίνεται
1373 1874 1451 1936 τὸ
1512 1872 1678 1958 ἔχον
1731 1873 1854 1955 τὴν
1919 1872 2342 1956 ἐπιστήμην,
2405 1872 2576 1955 ὅπερ
2634 1871 2759 1934 οὐκ
2815 1869 3000 1935 ἔστιν

492 1977 960 2040 ἀλλοιοῦσθαι
1020 1977 1152 2058 (εἰς
1210 1974 1375 2038 αὐτὸ
1435 1975 1563 2057 γὰρ
1621 1977 1659 2058 ἠ
1720 1975 2032 2044 ἐπίδοσις
2096 1977 2211 2037 καὶ
2268 1976 2370 2044 εἰς
2427 1974 2903 2059 ἐντελέχειαν)
2961 1974 3000 2058 ἢ
3056 1988 3084 2029 5

492 2080 729 2163 ἕτερον
774 2079 971 2161 γένος
1016 2080 1483 2147 ἀλλοιώσεως.
1559 2079 1665 2140 διὸ
1712 2077 1789 2140 οὐ
1836 2081 2068 2147 καλῶς
2112 2076 2265 2162 ἔχει
2308 2078 2536 2161 λέγειν
2581 2080 2656 2141 τὸ
2701 2082 3000 2161 φρονοῦν

492 2181 653 2245 ὅταν
699 2176 921 2267 φρονῇ
972 2182 1467 2255 ἀλλοιοῦσθαι,
1522 2182 1757 2263 ὥσπερ
1802 2180 1965 2243 οὐδὲ
2017 2181 2132 2242 τὸν
2186 2181 2562 2261 οἰκοδόμον
2609 2181 2780 2255 ὅταν,
2818 2181 3000 2243 οἰκο-

392 2305 451 2353 15
490 2286 692 2367 δομῇ.
782 2285 855 2347 τὸ
904 2284 1026 2367 μὲν
1074 2282 1191 2345 οῦν
1246 2284 1346 2352 εἰς
1390 2282 1834 2366 ἐντελέχειαν
1892 2281 2054 2363 ἄγον
2109 2283 2184 2345 ἐκ
2239 2284 2530 2364 δυνάμει
2585 2282 2782 2353 ὄντος
2827 2284 3003 2347 κατὰ
3031 2298 3086 2340 1⁰

490 2390 563 2451 τὸ
609 2392 794 2450 νοεῖν
840 2387 954 2449 καὶ
984 2390 1265 2470 φρονεῖν
1300 2385 1377 2448 οὐ
1410 2385 1866 2448 διδασκαλίαν
1897 2382 2032 2447 ἀλλ’
2076 2385 2324 2469 ἑτέραν
2369 2387 2772 2469 ἐπωνυμίαν
2805 2384 3001 2471 ἔχειν

492 2489 792 2565 δίκαιον,
855 2487 1016 2551 ταῦτ’
1074 2490 1332 2556 εἰπόντος
1378 2486 1556 2549 αὐτοῦ
1602 2487 1869 2570 ἐζητήθη
1917 2486 2173 2550 καθόλου
2229 2488 2340 2551 ὑπὸ
2387 2494 2490 2571 τῆς
2535 2490 2897 2575 ἐξηγήσεως,
2950 2490 3006 2551 εἰ

490 2590 583 2676 <ἡ>
628 2592 711 2660 εἰς
754 2592 859 2673 τὴν
906 2590 1193 2673 ἐνέργειαν
1242 2590 1535 2673 μεταβολὴ
1582 2590 1799 2674 κίνησίς
1845 2590 2015 2653 ἐστιν.
2093 2590 2146 2653 εἰ
2189 2590 2297 2674 γὰρ
2345 2592 2426 2675 μὴ
2474 2592 2806 2669 ἀλλοίωσις,
2854 2591 3002 2655 πολὺ
3032 2608 3085 2650 15

495 2697 711 2776 μᾶλλον
758 2693 828 2756 ἂν
874 2692 981 2755 οὐκ
1024 2692 1117 2775 εἴη
1162 2716 1247 2761 τις
1292 2696 1405 2755 τῶν
1453 2690 1647 2755 ἄλλων
1694 2692 1817 2773 [οὐ]
1864 2693 2168 2775 κινήσεων.
2244 2694 2310 2755 τὸ
2356 2694 2464 2777 γὰρ
2511 2695 2628 2757 ἀπὸ
2672 2700 2778 2778 τῆς
2821 2716 3002 2779 νοητι-

389 2817 458 2863 20
491 2801 599 2880 κῆς
643 2795 819 2864 ἕξεως
865 2796 1224 2879 μεταβάλλον
1269 2796 1352 2864 εἰς
1394 2795 1463 2857 τὸ
1508 2798 1657 2857 νοεῖν
1714 2818 1777 2858 τε
1830 2796 1928 2857 καὶ
1984 2795 2233 2877 ἐνεργεῖν
2279 2796 2586 2865 ἀλλοίωσις
2631 2798 2735 2879 μὲν
2781 2796 2888 2861 οὐκ
2935 2796 3001 2859 ἄν

492 2898 585 2982 εἴη
630 2922 733 2975 τις,
779 2896 883 2981 <εἰ>
928 2898 965 2981 ἡ
1000 2898 1103 2981 μὲν
1152 2898 1459 2966 ἀλλοίωσις
1502 2897 1650 2959 κατὰ
1680 2898 1873 2965 πάθος
1919 2898 2234 2982 μεταβολή,
2280 2896 2344 2981 (ἡ
2377 2897 2467 2983 δὲ)
2512 2899 2618 2963 οὐκ
2649 2898 2803 2964 ἔστιν
2837 2924 3003 2983 μετα·
3029 2917 3087 2958 ευ

494 3003 639 3087 βολὴ
686 3000 834 3065 κατὰ
878 3001 1089 3075 πάθος,
1144 2999 1205 3063 εἴ
1242 2998 1295 3083 γ’
1352 3000 1506 3064 ἐστὶν
1553 3000 1634 3068 εἰς
1677 2999 1886 3062 ταύτὸν
1933 2999 2206 3069 ἐπίδοσις.
2297 3004 2394 3064 καὶ
2437 3000 2588 3067 ἔστιν
2644 3005 2683 3086 ἡ
2737 3004 2854 3066 ἀπὸ
2899 3008 3004 3087 τῆς

492 3103 668 3173 ἕξεως
714 3102 970 3187 ἐνέργεια
1017 3104 1277 3185 σωστικὴ
1324 3107 1427 3185 τῆς
1474 3100 1649 3171 ἕξεως
1701 3104 1798 3165 καὶ
1853 3101 2148 3186 τελειότης
2191 3102 2401 3187 αυτῆς,
2455 3105 2519 3169 εἴ
2551 3130 2616 3189 γε
2658 3106 2824 3175 τέλος
2869 3107 2998 3169 ἑκά-

494 3226 614 3291 στῳ
662 3208 728 3269 τὸ
774 3205 843 3269 οὔ
890 3206 1063 3290 χάριν
1105 3204 1249 3282 ἐστι’,
1295 3209 1455 3267 πᾶσα
1500 3206 1565 3267 δὲ
1611 3204 1723 3274 ἕξις
1762 3204 1934 3267 ἕνεκα
1977 3210 2081 3288 τῆς
2127 3204 2415 3289 ἐνεργείας
2457 3208 2668 3289 γίνεται
2710 3214 2816 3293 τῆς
2859 3206 2987 3273 κατ’
3025 3226 3080 3267 25

388 3328 453 3377 25
491 3309 691 3394 αὐτήν.
782 3309 834 3370 εἰ
880 3309 945 3371 δὲ
990 3308 1071 3391 μὴ
1118 3306 1243 3370 κατ’
1300 3307 1605 3370 ἀλλοίωσιν
1652 3308 1684 3369 ὁ
1730 3308 1918 3376 οὕτως
1961 3306 2208 3389 ἐνεργῶν
2254 3313 2515 3385 κινεῖται,
2569 3311 2716 3374 πολυ
2767 3310 2774 3395 Ι
2825 3316 3104 3397 pax-153

491 3415 589 3475 λον
636 3409 757 3475 οὐδ’
800 3411 869 3474 ἂν
912 3410 1063 3473 κατὰ
1106 3409 1281 3472 τόπον
1327 3410 1366 3492 ἢ
1412 3408 1537 3472 κατ’
1581 3408 1816 3491 αὔξησιν
1863 3413 2102 3472 κινοῖτο·
2158 3412 2448 3491 σωμάτων
2493 3413 2600 3497 γὰρ
2647 3415 2707 3476 αἱ
2747 3416 3000 3498 κινήσεις

492 3514 725 3577 τοιαίδε.
816 3514 912 3575 καὶ
956 3512 1063 3594 γὰρ
1108 3510 1219 3596 <αἱ>
1264 3512 1383 3575 ἀπὸ
1428 3517 1542 3573 τῶν
1598 3512 1747 3574 κατὰ
1796 3511 1902 3579 τὰς
1955 3512 2162 3596 τέχνας
2215 3512 2391 3582 ἕξεων
2437 3515 2717 3599 ἐνέργειαι
2758 3518 3000 3599 γίνοιντο

495 3618 596 3699 μὲν
644 3616 736 3679 διὰ
782 3616 1095 3698 κινήσεως,
1149 3614 1277 3682 ἐπεὶ
1324 3619 1661 3698 σωματικῆς
1713 3614 2028 3697 ὑπηρεσίας
2081 3614 2334 3692 δέονται,
2387 3615 2555 3680 αὗται
2608 3619 2673 3681 δὲ
2718 3621 2870 3683 καθὸ
2917 3646 3001 3685 τε·
3053 3638 3082 3679 5

495 3716 789 3802 λειότητές
830 3718 944 3779 εἰσι
987 3721 1103 3778 τῶν
1149 3716 1355 3793 ἕξεων,
1410 3718 1518 3780 οὐκ
1562 3716 1631 3779 ἂν
1676 3717 1926 3799 κινήσεις
1979 3716 2114 3779 εἶεν.
2205 3716 2418 3802 μήποτ’
2475 3717 2574 3782 οὖν
2628 3720 2861 3801 ἄμεινον
2912 3748 3000 3807 γε·

388 3840 455 3889 3ο
492 3822 676 3889 νέσεις
720 3819 900 3887 αὐτὰς
944 3818 1127 3901 λέγειν
1172 3821 1361 3895 τινάς,
1418 3818 1482 3882 εἴ
1515 3842 1581 3902 γε
1626 3820 1769 3902 πρὸς
1812 3819 1918 3902 τὴν
1963 3818 2297 3902 τελειότητα
2336 3824 2454 3884 τῶν
2499 3821 2715 3885 οὐσιῶν
2761 3827 2843 3887 ὧν
2887 3826 3002 3889 εἰσι

493 3927 882 3987 συντελοῦσιν·
931 3921 1000 3984 οὐ
1032 3920 1137 4004 γὰρ
1183 3921 1416 4005 ἑκάστῳ
1446 3926 1562 3983 τῶν
1610 3921 1704 3983 διὰ
1733 3920 2017 4003 γενέσεως
2045 3921 2110 3983 τὸ
2155 3920 2304 3984 εἶναι
2336 3922 2595 4007 ἐχόντων
2639 3923 2731 4009 <ἡ>
2763 3924 2857 3989 ἐπὶ
2889 3928 2994 4013 τὴν
3025 3946 3081 3988 ιο

384 4155 416 4205 4
454 4150 707 4222 δευτέρου]
748 4150 812 4202 de
848 4165 931 4201 an.
958 4149 1023 4213 11,
1048 4148 1097 4201 5.
1124 4149 1306 4202 417b5
1479 4150 1509 4201 6
1548 4149 1579 4217 ἢ
1618 4148 1715 4202 οὒκ
1752 4151 1913 4203 Arist.
2080 4150 2113 4202 8
2151 4150 2253 4219 ἐπὶ]
2293 4154 2401 4221 περὶ
2437 4152 2556 4221 Sp.:
2594 4154 2811 4209 fortasse
2847 4158 2959 4228 περὶ
2994 4160 3108 4228 (τῆς

374 4240 645 4311 ἐνεργείας)
858 4236 891 4287 9
927 4234 1080 4294 ἕξεως
1116 4234 1181 4288 8⁹
1214 4237 1375 4290 viem
1423 4235 1607 4316 λέξεως
1642 4237 1763 4290 libri
1822 4282 1829 4289 .
1966 4238 2002 4307 ἡ
2037 4238 2154 4289 add.
2193 4238 2339 4291 Diels
2538 4242 2598 4291 11
2637 4240 2672 4311 ἢ
2710 4241 2804 4294 οὐκ
2841 4244 3000 4296 Arist.

391 4325 453 4377 13
489 4325 549 4377 οὒ
585 4322 758 4381 καλῶς
796 4321 903 4394 ἔχει
926 4322 1064 4374 vict.
1100 4339 1167 4375 ex
1191 4324 1353 4376 Arist.
1380 4322 1498 4392 Sp.:
1548 4322 1643 4375 οὐκ
1678 4322 1849 4382 ἄλλως
1883 4323 2014 4393 ἔχειν
2053 4326 2122 4377 G:
2162 4323 2257 4376 οὒκ
2295 4324 2462 4383 ἄλλως
2499 4326 2609 4379 ἐκεῖ
2641 4332 2802 4381 VBS:
2841 4328 2899 4381 οὒ
2933 4329 3107 4390 καλῶς

386 4412 487 4483 ἔχει
522 4412 632 4463 ἐκεῖ
662 4414 704 4463 F
929 4408 1109 4478 λέγειν]
1148 4408 1277 4478 λέγει
1314 4428 1345 4461 a
1585 4410 1646 4463 16
1702 4415 1850 4463 νοοῦν
1889 4414 1973 4464 καὶ
2009 4414 2225 4480 φρονοῦν
2264 4412 2424 4464 Arist.
2645 4415 2702 4466 17
2761 4412 2860 4465 ὑπὸ
2896 4417 3106 4483 scripsi:

387 4496 483 4549 ἀπὸ
534 4497 655 4549 libri
841 4494 919 4547 17.
962 4495 1025 4547 18
1074 4496 1116 4547 εἰ
1153 4495 1187 4564 ἡ
1228 4496 1344 4548 v²B
1393 4498 1529 4548 coni.
1567 4496 1681 4563 Sp.:
1730 4497 1773 4549 εἰ
1812 4498 2027 4551 v¹FSa:
2078 4499 2110 4567 ἡ
2151 4501 2194 4552 G
2382 4498 2442 4549 19
2489 4498 2548 4550 οὒ
2585 4500 2683 4551 del.
2721 4500 2878 4553 B⁹S²=
2936 4516 3036 4553 om.
3073 4520 3108 4555 a

386 4584 474 4651 Sp.
650 4582 713 4635 21
756 4582 801 4634 εἰ
838 4582 955 4635 add.
993 4582 1129 4634 vict.
1168 4582 1255 4649 Sp.
1434 4582 1467 4649 ἠ
1506 4581 1557 4633 δὲ
1594 4583 1713 4635 add.
1749 4583 1916 4637 B²s²a
1952 4585 2040 4651 Sp.
2223 4584 2287 4637 26
2335 4593 2526 4637 κινοῖτο
2574 4587 2828 4653 σωμάτων
2865 4587 2981 4655 Sp.=
3029 4606 3106 4641 κι-

388 4676 462 4722 νεῖ
493 4668 551 4721 τὸ
588 4676 737 4737 σῶμα
773 4674 877 4722 τῶν
912 4669 1063 4722 libri:
1120 4674 1309 4722 κινοῖτο
1346 4672 1551 4733 (κινοῖτο
1589 4668 1645 4721 τὸ
1659 4669 1703 4732 Ρ)
1751 4675 1900 4738 σῶμα
1934 4676 2038 4723 τῶν
2077 4672 2214 4724 vict.
2429 4671 2496 4723 27
2542 4670 2596 4723 αἱ
2631 4673 2748 4724 add.
2787 4674 2874 4741 Sp.

388 4772 453 4824 28
504 4777 597 4841 μὲν
634 4771 729 4825 S²a
764 4772 885 4839 Sp.:
943 4774 1033 4840 μὲν
1070 4792 1105 4841 η
1151 4772 1227 4824 sic
1263 4774 1331 4821 Vt
1387 4772 1477 4838 μὲν
1523 4772 1557 4841 ἡ
1595 4776 1709 4826 GF:
1766 4776 1856 4842 μὲν
1901 4774 1933 4843 ἢ
1977 4778 2040 4825 B:
2099 4776 2188 4843 μὲν
2233 4776 2266 4844 ἣ
2306 4778 2366 4828 Sl
2616 4776 2722 4827 ἐπεὶ
2759 4776 2922 4829 GFB²
2969 4776 3104 4829 vict.

386 4858 499 4927 Sp.:
536 4858 617 4911 ἐπὶ
653 4860 741 4911 VS
779 4858 818 4923 (1
852 4860 909 4911 in
946 4859 1047 4923 lit.)
1260 4857 1323 4910 31
1366 4856 1447 4926 ob]
1487 4858 1539 4909 ἐν
1578 4861 1713 4913 coni.
1752 4863 1841 4928 Sp.
1881 4861 1957 4927 (et
1991 4860 2068 4931 <ἡ>
2103 4860 2230 4927 ὲπὶ);
2271 4860 2303 4930 ἡ
2341 4862 2487 4914 Diels

490 4964 635 5015 Suppl.
662 4966 797 5004 Arist.
824 4964 867 5003 11
884 4960 921 5003 -2
974 4966 1101 5005 Alex.
1128 4965 1289 5014 scripta
1318 4965 1495 5003 minora.
2664 4949 2705 5012 6
