3684 5567
522 269 603 333 42
1252 269 1709 325 ΑΛΕΞΑΝΔΡΟΥ
1748 268 2054 325 ΑΠΟΡΙΩΝ
2093 268 2214 324 ΚΑΙ
2251 267 2516 324 ΛΥΣΕΩΝ

556 504 559 507 ,
630 440 730 504 οὖν
778 444 1027 529 ὑπάρχει
1083 444 1145 506 τὸ
1193 442 1344 513 εἶδος
1398 448 1471 527 τῇ
1522 444 1633 525 ὅλῃ
1691 447 1771 513 ὣς
1824 443 1886 506 ἐν
1944 448 2016 527 τῇ
2067 443 2235 527 οὐσίᾳ
2287 443 2468 527 αὐτῆς
2515 440 2606 513 ὅν,
2663 442 2862 525 ὥσπερ
2906 442 3003 503 καὶ
3048 464 3132 523 τῳ

634 541 778 629 ζῴῳ
827 546 857 607 ὁ
901 545 1211 627 ἄνθρωπος
1254 547 1349 608 καὶ
1396 549 1563 608 παντὶ
1605 550 1689 630 τῷ
1737 546 1797 609 ἐν
1851 551 1926 629 τῇ
1975 546 2142 628 οὐσία
2187 545 2365 608 αὐτοῦ
2413 544 2532 608 ὄντι
2583 542 2718 607 καθ’
2775 544 2917 606 αὑτὸ
2963 543 3136 625 ὑπάρ-

634 668 796 727 χοντι
841 648 1023 730 αὐτῷ.
1112 646 1197 710 ἔτι
1241 671 1305 710 τε
1350 647 1456 710 οὐκ
1501 649 1663 711 ἔσται
1717 648 1777 711 ἐν
1834 654 1908 731 τῇ
1957 650 2138 731 αὑτῆς
2191 647 2360 730 φύσει
2415 644 2636 731 ἔχουσα
2689 646 2755 709 τὸ
2802 650 2916 708 τῶν
2963 646 3135 707 εἰδῶν

630 748 917 826 δεκτικόν,
974 748 1093 812 ἀλλ’
1149 748 1297 812 αὐτὰ
1350 749 1421 811 τὰ
1475 748 1622 833 εἴδη.
1713 748 1797 812 ἔτι
1851 750 1980 833 ἤτοι
2035 751 2252 830 ἑκάστη
2309 750 2418 833 ὅλη
2473 749 2598 829 ἅμα
2649 748 2721 809 τὰ
2773 747 2900 829 εἴδη
2949 748 3132 808 πάντα
3165 761 3219 803 ιο

559 868 589 915 5
630 848 771 926 ἕξει,
828 850 860 912 ὃ
907 852 1185 915 ἀδύνατον
1232 850 1383 933 (ἔστι
1428 852 1537 935 γὰρ
1584 856 1678 915 καὶ
1724 852 2054 919 ἐναντίωσις
2097 852 2156 913 ἐν
2205 854 2321 919 τοῖς
2367 851 2586 919 ἐνὺλοις
2631 848 2859 925 εἴδεσιν,
2915 854 2998 918 ὡς
3041 849 3138 911 ἐπὶ

630 956 745 1013 τῶν
796 955 1100 1038 στοιχείων
1155 956 1413 1037 ὁρῶμεν,
1473 954 1534 1023 ἐξ
1589 953 1655 1016 οὗ
1712 958 1888 1037 δῆλον
1943 953 2030 1016 ὅτι
2087 955 2168 1036 μὴ
2216 955 2402 1015 πάντα
2448 954 2506 1014 ἐν
2551 957 2624 1033 τῇ
2679 953 2859 1033 αὐτῇ·
2907 950 2992 1013 ἔτι
3035 950 3138 1034 (εἰ)

628 1052 759 1138 εἶχε
812 1057 997 1117 πάντα
1057 1057 1094 1136 ἡ
1150 1054 1328 1138 αὐτή,
1385 1056 1489 1118 οὐκ
1546 1054 1613 1118 ἂν
1672 1056 1742 1140 ἧν
1798 1058 1835 1139 ἡ
1884 1056 2029 1119 κατὰ
2082 1054 2301 1136 γένεσιν
2359 1053 2708 1138 μεταβολή),
2775 1054 2826 1116 εἰ
2882 1052 2932 1115 δ’
2989 1052 3136 1137 ἄλλη
3166 1070 3220 1111 15

630 1154 797 1232 ἄλλο,
843 1155 1141 1239 ἄφθαρτον
1188 1156 1257 1219 ἂν
1305 1157 1546 1221 ἕκαστον
1590 1158 1660 1242 ἦν
1691 1163 1809 1221 τῶν
1854 1158 2090 1221 ἐνὺλων.
2167 1158 2220 1219 εἰ
2263 1155 2314 1219 δ’
2357 1156 2428 1239 ἦν
2477 1154 2756 1240 φθαρτόν,
2801 1157 2896 1219 καὶ
2941 1158 2978 1239 ἡ
3029 1157 3135 1240 ὕλη

632 1255 699 1318 ἂν
745 1258 1183 1343 συνεφθείρετο,
1239 1258 1487 1344 ἐδείχθη
1533 1257 1585 1321 δ’
1644 1260 1824 1328 ἀίδιος
1869 1258 2035 1324 οὖσα.
2125 1257 2247 1321 ἀλλ’
2305 1257 2429 1321 οὐδ’
2487 1262 2568 1326 ὡς
2613 1258 2684 1319 τὰ
2729 1256 3138 1341 συμβεβηκότα

528 1378 591 1424 10
630 1364 707 1441 τῇ
754 1360 867 1443 ὕλῃ
912 1360 981 1424 τὰ
1028 1360 1156 1444 εἴδη
1203 1362 1355 1425 ἐστὶν
1402 1360 1463 1424 ἐν
1508 1361 1678 1444 αὐτῇ.
1770 1360 1932 1426 ἔσται
1977 1363 2083 1445 γὰρ
2130 1362 2189 1423 ἐν
2237 1360 2602 1445 ὑποκειμένῳ
2648 1361 2822 1442 αὐτῇ,
2869 1360 2962 1421 καὶ
3011 1359 3137 1441 ἤτοι
3163 1374 3220 1416 so

632 1462 798 1525 οὐσία
845 1461 982 1526 ὄντα
1029 1464 1435 1547 συμβεβηκότα
1482 1462 1672 1537 ἔσται,
1728 1464 1761 1526 ὃ
1806 1463 2052 1539 ἄτοπον,
2105 1464 2144 1547 ἢ
2191 1464 2242 1525 εἰ
2289 1462 2702 1547 συμβεβηκότα
2753 1461 2847 1544 εἴη
2894 1463 2988 1525 καὶ
3033 1468 3137 1545 τῆς

630 1566 865 1647 φύσεως
909 1569 1025 1627 τῶν
1072 1565 1547 1649 συμβεβηκότων,
1594 1564 1755 1628 ἔσται
1802 1548 2055 1649 ἡόὐσία
2088 1565 2522 1650 συναμφότερος
2566 1564 2627 1633 ἐξ
2675 1564 2812 1646 ὕλης
2857 1565 2953 1627 καὶ
2998 1585 3135 1646 συμ-

630 1667 975 1751 βεβηκότος,
1032 1668 1183 1730 οῧτω
1239 1666 1291 1729 δ’
1346 1666 1452 1729 οὐκ
1510 1666 1669 1730 ἔσται
1724 1668 1927 1736 ἁπλῶς
1979 1690 2017 1751 η
2066 1668 2502 1753 συναμφότερος
2545 1666 2712 1730 οὐσία
2757 1667 2950 1742 οὐσία,
3007 1666 3125 1729 ἀλλ’
3164 1684 3218 1724 25

628 1768 829 1853 ὥσπερ
873 1773 990 1831 τῶν
1035 1768 1182 1831 κατὰ
1227 1770 1439 1853 τέχνην
1491 1769 1805 1852 γινομένων
1855 1769 2115 1832 ἕκαστον.
2209 1768 2293 1833 ἔτι
2339 1771 2393 1832 εἰ
2438 1771 2540 1852 μὲν
2595 1768 2664 1853 ἧν
2712 1794 2749 1853 η
2799 1771 2906 1855 ὕλη
2952 1771 3138 1855 χωρὶς

527 1890 586 1938 15
626 1870 813 1938 εἴδους
858 1870 1005 1933 εἶναι
1050 1871 1372 1954 δυναμένη,
1428 1870 1653 1935 ἐδύνατ’
1712 1870 1779 1933 ἂν
1826 1872 1887 1933 ἐν
1935 1871 2300 1956 ὑποκειμένῳ
2347 1870 2492 1934 εἶναι
2539 1871 2688 1955 αὐτῇ
2739 1873 2802 1934 τὸ
2849 1872 3030 1944 εἶδος,
3085 1872 3136 1934 εἰ

628 1974 693 2036 δὲ
744 1972 749 2057 ἢ
800 1974 901 2037 σὺν
948 1972 1089 2037 εἴδει
1143 1976 1180 2056 ἡ
1237 1973 1551 2042 ὑπόστασις
1604 1972 1757 2055 αὐτῇ
1772 2024 1785 2052 ,
1849 1973 1944 2034 καὶ
2003 1971 2152 2035 ἔστιν
2207 1973 2392 2042 οὕτως
2445 1975 2504 2036 ἐν
2562 1974 2926 2059 ὑποκειμένῳ
2980 1975 3131 2058 αὐτῇ
3175 1983 3245 2037 82

625 2074 920 2159 γινόμενον
966 2078 1032 2139 τὸ
1078 2075 1249 2151 εἶδος,
1298 2079 1379 2145 ὥς
1424 2074 1575 2159 οὔσῃ
1622 2073 1746 2157 μετ’
1788 2072 1983 2143 εἴδους
2027 2076 2122 2137 καὶ
2167 2075 2228 2136 ἐν
2276 2075 2590 2139 ὑποστάσει
2637 2077 2730 2139 καὶ
2777 2076 2890 2159 ἤδη
2939 2080 3134 2159 σώμα-

627 2200 699 2252 τι,
747 2177 874 2260 ἤτοι
928 2179 987 2240 ἐν
1041 2178 1246 2261 ἐκείνῳ
1292 2175 1457 2240 ἔσται
1509 2182 1592 2260 τῷ
1650 2179 1877 2257 σώματι
1933 2182 2018 2261 τῷ
2075 2174 2269 2260 ἔχοντι
2324 2177 2388 2240 τὸ
2436 2177 2616 2254 εἶδος,
2671 2178 2730 2247 ἐξ
2785 2178 2854 2242 οὗ
2899 2183 2974 2263 τῇ
3023 2180 3134 2263 ὅλῃ
3189 2198 3219 2239 ὅ

628 2276 719 2363 <η>
762 2280 845 2348 εἰς
887 2284 1055 2342 τοῦτο
1104 2280 1396 2363 μεταβολή
1442 2278 1505 2361 (ὃ
1554 2280 1859 2342 ἀδύνατον·
1918 2285 2044 2347 πῶς
2086 2278 2192 2361 γὰρ
2239 2278 2360 2341 οἷόν
2409 2303 2472 2343 τε
2527 2279 2586 2342 ἐν
2631 2286 2715 2363 τῷ
2766 2282 3133 2366 φθειρομένῳ

521 2401 587 2447 ‘20
627 2387 697 2465 τῇ
746 2382 827 2449 εἰς
870 2386 1038 2445 τοῦτο
1087 2383 1385 2466 μεταβολῇ
1442 2381 1626 2464 λέγειν
1672 2381 1816 2444 εἶναι
1868 2385 2066 2455 τοῦτο,
2123 2378 2208 2465 <ὃ>
2254 2382 2367 2465 οὐχ
2413 2380 2535 2443 οἷόν
2581 2406 2644 2445 τε
2689 2384 2909 2446 ἐκείνου
2957 2390 3134 2457 σωζο-

628 2484 805 2565 μένου
849 2484 1107 2566 γίνεσθαι
1153 2485 1212 2546 ἐν
1258 2482 1471 2567 αὐτῇς)
1530 2484 1566 2567 ἢ
1614 2484 1674 2545 ἐν
1720 2490 1793 2565 τῇ
1851 2488 2018 2545 τοῦτο
2074 2484 2300 2567 ἐχούσῃ
2359 2484 2422 2545 τὸ
2475 2483 2630 2553 εἶδος
2681 2487 2765 2553 εἰς
2817 2487 2849 2550 ὃ
2899 2487 3134 2571 μεταβέ-

624 2588 852 2670 βληκεν.
944 2584 1061 2648 ἀλλ’
1119 2584 1241 2648 οὐδ’
1299 2586 1358 2649 ἐν
1413 2587 1599 2669 τούτῳ
1657 2584 1777 2647 οἷόν
1824 2608 1916 2663 τε,
1971 2582 2034 2647 εἴ
2078 2608 2144 2667 γε
2197 2590 2367 2647 τοῦτο
2424 2586 2527 2669 μὲν
2574 2588 2638 2651 τὸ
2699 2593 2872 2671 σῶμα
2917 2588 2984 2653 ἐκ
3029 2596 3130 2673 τῆς
3163 2606 3216 2648 ιο

624 2686 765 2769 ὕλης
811 2688 907 2750 καὶ
937 2688 1141 2751 τούτου
1187 2692 1287 2749 τοῦ
1320 2686 1509 2757 εἴδους
1552 2689 1617 2750 τὸ
1665 2686 1808 2750 εἶναι
1839 2684 1987 2772 ἔχει,
2035 2686 2202 2749 οὐδὲν
2249 2689 2312 2750 δὲ
2344 2688 2486 2750 αὐτὸ
2532 2690 2692 2773 αὑτῷ
2742 2692 3130 2776 συμβέβηκεν.

622 2789 717 2851 καὶ
764 2787 833 2871 ἧν
880 2789 939 2851 ἐν
989 2789 1355 2875 ὑποκειμένῳ
1402 2791 1467 2852 τὸ
1515 2791 1595 2873 μὴ
1643 2792 1722 2858 ὡς
1770 2788 1944 2873 μέρος
1991 2789 2054 2851 ὂν
2099 2790 2158 2851 ἐν
2205 2785 2257 2876 ᾧ
2308 2790 2490 2864 ἐστιν,
2546 2792 2610 2853 τὸ
2659 2791 2708 2854 δ’
2764 2792 2917 2862 εἶδος
2961 2798 3132 2857 τοῦτο

458 2974 463 2977 ¹
514 2910 579 2959 25
621 2890 793 2975 μέρος
839 2890 959 2953 ἐστὶ
1006 2896 1105 2954 τοῦ
1155 2892 1557 2972 ὑποκειμένου.
1645 2891 1860 2974 μήποτ’
1916 2890 2014 2954 οὖν
2062 2892 2248 2961 οὕτως
2294 2892 2664 2977 συμβεβηκὸς
2694 2895 2755 2957 ἐν
2787 2899 2862 2977 τῇ
2909 2896 3022 2978 ὕλῃ
3069 2897 3133 2959 τὸ
3162 2912 3216 2953 ιε
3299 2962 3309 2969 ‚

621 2992 805 3069 εἶδος,
856 2995 952 3058 καὶ
998 2994 1059 3057 ἐν
1106 2994 1471 3077 ὑποκειμένῳ
1518 2992 1653 3055 καθ’
1710 2994 1850 3055 αὑτὸ
1897 2994 2115 3069 οὕτως,
2173 2998 2254 3063 ὡς
2297 2994 2521 3075 λέγεται
2568 2994 2702 3059 καθ’
2759 2998 2909 3059 αὑτὰ
2956 2998 3132 3083 ὑπάρ-

621 3119 749 3181 χειν
795 3099 901 3159 τινὶ
946 3098 1017 3160 τὰ
1064 3096 1121 3158 ἐν
1167 3102 1240 3179 τῇ
1291 3097 1459 3181 οὐσίᾳ
1506 3096 1683 3159 αὐτοῦ
1731 3092 1888 3172 ὄντα,
1943 3095 2062 3159 ἀλλ’
2120 3098 2245 3160 ἐπεὶ
2291 3096 2362 3179 ἦν
2411 3098 2506 3160 καὶ
2556 3097 2730 3166 ἄλλος
2775 3098 2985 3181 τρόπος
3029 3105 3132 3163 τοῦ

621 3198 757 3261 καθ’
802 3198 965 3272 αὑτό,
1020 3198 1088 3261 οὑ
1133 3199 1228 3261 καὶ
1267 3196 1675 3281 Ἀριστοτέλης
1719 3198 1817 3259 καὶ
1865 3196 2235 3282 Θεόφραστος
2281 3200 2341 3262 ἐν
2386 3202 2507 3268 τοῖς
2541 3196 2831 3283 Ὑστέροις
2875 3202 3132 3267 ἀναλυτι·
3159 3220 3215 3262 so

620 3305 744 3367 κοῖς
798 3300 1281 3383 μνημονεύουσιν,
1342 3299 1508 3369 οὖτος
1562 3299 1613 3363 δ’
1670 3300 1823 3363 ἐστὶν
1881 3300 2018 3364 καθ’
2077 3302 2139 3365 ὃν
2185 3301 2413 3384 ἐλέγετο
2461 3300 2597 3363 καθ’
2658 3302 2800 3365 αὑτὸ
2849 3304 3130 3390 ὑπάρχειν

512 3422 579 3469 3ο
616 3402 751 3480 τινί,
808 3401 876 3465 οὔ
931 3403 991 3466 ἐν
1046 3408 1133 3487 τῷ
1188 3404 1417 3488 ὁρισμῷ
1472 3404 1537 3466 τὸ
1596 3398 1647 3487 ᾧ
1709 3402 1963 3487 ὑπάρχει
2019 3396 2560 3487 παραλαμβάνεται,
2619 3404 2754 3467 καθ’
2812 3406 2875 3468 ὃν
2920 3409 3129 3488 τρόπον

618 3510 719 3568 τοῦ
766 3504 902 3568 καθ’
944 3507 1085 3568 αὑτὸ
1132 3507 1163 3568 ὁ
1210 3506 1472 3589 περιττὸς
1503 3505 1749 3587 ἀριθμὸς
1794 3507 1890 3567 καὶ
1923 3504 2116 3589 ἄρτιος
2161 3506 2518 3589 ὑπάρχουσιν
2564 3510 2653 3592 τῷ
2701 3508 2938 3592 ἀριθμῷ
2972 3508 3131 3590 (ἑκά-
3158 3526 3214 3569 25

618 3630 780 3691 τερον
826 3607 935 3691 γὰρ
990 3607 1179 3670 αὐτῶν
1234 3606 1555 3691 ὁριζόμενοι
1610 3612 1695 3689 τῷ
1754 3608 1989 3690 ἀριθμῷ
2050 3607 2111 3669 ἐν
2166 3612 2252 3690 τῷ
2308 3607 2534 3692 ὁρισμῷ
2588 3608 2884 3693 χρώμεθα
2937 3610 3128 3675 αὐτῶν

512 3880 543 3931 2
581 3884 853 3947 exspectas
888 3884 985 3931 πᾶν
1024 3878 1091 3931 τὸ
1125 3880 1176 3931 ἐν
1201 3881 1268 3950 τῇ
1299 3878 1440 3947 οὐσίᾳ
1475 3878 1632 3932 αὑτοῦ
1668 3877 1699 3930 ὄ
1709 3896 1735 3929 ν
1772 3896 1829 3931 τι
1865 3882 1916 3931 et
1950 3877 2177 3951 ὑπάρχον
2203 3878 2296 3947 [τι]
2332 3878 2475 3949 αὑτῷ
2509 3879 2754 3953 (ὑπάρχον
2786 3900 2834 3934 τι
2869 3881 2949 3935 αὖ.
2978 3884 3148 3947 Kroll)

510 3967 543 4020 3
580 3968 740 4036 αὑτῆσ
759 3971 808 4019 V
951 3968 985 4017 4
1010 3965 1143 4035 ἤτοι]
1168 3966 1390 4020 fortasse
1416 3964 1585 4018 οὐκέτι
1734 3966 1765 4018 6
1791 3966 1833 4017 εἰ
1861 3981 1960 4018 om.
1983 3970 2054 4018 V¹
2075 3968 2216 4033 (add.
2237 3966 2332 4033 V²)
2477 3969 2510 4020 8
2536 3966 2820 4038 ἄφθαρτον]
2845 3966 3072 4039 φθαρτὸν
3099 3974 3232 4025 coni.

510 4054 599 4123 Sp.
755 4056 797 4107 εἰ
834 4050 883 4106 δ’
912 4053 973 4123 ἠν
997 4053 1211 4106 V²BS2a
1238 4054 1349 4121 Sp.:
1387 4054 1419 4122 ἡ
1459 4054 1501 4105 εἰ
1528 4058 1591 4106 L:
1630 4054 1661 4121 ἢ
1703 4054 1945 4107 etc-1²8¹:
1987 4055 2060 4123 εἴη
2086 4056 2155 4105 V¹
2304 4055 2369 4107 10
2406 4054 2537 4127 αὐτῇ
2556 4055 2631 4106 V²
2655 4056 2769 4123 Sp.:
2809 4054 2935 4127 αὕτη
2964 4062 3064 4111 Fa:
3103 4058 3230 4130 αὐτη

508 4160 608 4210 V':
647 4176 775 4227 αυτη
802 4162 846 4210 1,
1012 4159 1073 4211 15
1112 4157 1242 4231 αὑτῇ
1280 4176 1312 4210 a
1349 4158 1465 4226 Sp.:
1504 4147 1629 4225 ἁυτη
1670 4158 1746 4209 sic
1789 4162 1848 4208 V:
1885 4156 2014 4226 αὑτὴ
2053 4162 2095 4209 L
2243 4159 2303 4211 16
2344 4158 2475 4227 αὐτῇ
2511 4160 2698 4227 (prius)
2737 4160 2809 4213 V²
2845 4160 2958 4228 Sp.:
2998 4180 3124 4232 αυτη
3165 4168 3231 4215 V:

508 4244 635 4317 αὕτη
676 4248 817 4299 SLa:
858 4244 984 4314 αὑτὴ
1022 4249 1063 4297 F
1240 4245 1375 4316 αὐτῇ
1408 4246 1667 4311 (alterum)
1694 4244 1825 4296 V²a:
1867 4244 1996 4313 αὐτὴ
2035 4248 2148 4298 FL:
2189 4264 2316 4315 αυτη
2350 4247 2414 4295 V¹
2601 4248 2663 4299 19
2700 4246 2732 4316 ἡ
2772 4248 2840 4306 εἰς
2867 4247 2982 4301 v²13
3011 4250 3126 4317 Sp.:
3163 4252 3232 4308 εἰς

508 4335 797 4389 V'GFSLa
975 4332 1043 4384 20
1080 4330 1107 4384 δ
1144 4332 1261 4385 add.
1297 4332 1416 4385 v²B
1454 4332 1542 4399 Sp.
1730 4330 1797 4384 22
1833 4328 1948 4384 οὐδ’
1988 4333 2038 4385 ἐν
2073 4333 2238 4403 τοὺτῳ
2267 4332 2587 4387 v²GFS²L2
2627 4334 2770 4387 οὐδὲν
2807 4336 3232 4391 robrmzv113¹s=

508 4420 652 4473 οὐδὲν
688 4418 886 4473 τούτων
912 4420 1004 4473 132:
1045 4420 1158 4473 οὐδὲ
1193 4418 1361 4472 τούτω
1387 4419 1505 4471 S²a2
1546 4416 1661 4470 οὐδὲ
1696 4424 1848 4472 τοῦτο
1873 4420 1960 4487 Sp.
2105 4420 2172 4473 23
2209 4424 2298 4473 τοῦ
2325 4419 2507 4474 τοὺτου
2537 4440 2569 4473 a
2591 4420 2704 4488 Sp.:
2741 4426 2830 4474 τοῦ
2866 4422 3057 4493 ταύτην
3093 4425 3229 4478 coni.

508 4508 597 4576 Sp.
811 4506 952 4576 αὐτῷ
993 4509 1063 4559 V¹
1110 4509 1259 4573 (corr.
1298 4506 1393 4571 V2)
1609 4505 1675 4558 24
1714 4506 1776 4575 ἧν
1820 4507 2116 4561 V¹GFS¹L:
2157 4508 2284 4559 ἐστιν
2321 4508 2539 4560 v²Bs²a
2740 4509 2920 4561 τοὺτου
2957 4528 2990 4562 a
3027 4512 3114 4577 Sp.

510 4596 577 4647 ‘25
615 4591 812 4665 μήποθ’
841 4596 915 4647 V¹
952 4596 1104 4661 (corr.
1124 4594 1219 4661 V2)
1385 4591 1573 4660 οὕτως]
1614 4592 1729 4645 οὔτε
1766 4592 1864 4645 13²:
1905 4594 1965 4645 οὺ
2004 4594 2280 4657 Schwartz,
2319 4595 2458 4662 quod
2495 4596 2668 4663 placet
2833 4596 2898 4649 26
2939 4594 3063 4649 καθ’
3105 4596 3228 4651 αὑτὸ

514 4679 681 4739 οὕτως
718 4684 929 4751 scripsi:
969 4680 1132 4739 οὕτως
1166 4677 1291 4733 καθ’
1331 4680 1455 4733 αὑτὸ
1480 4678 1809 4733 v²GFSBLa
1834 4682 1952 4747 Sp.:
1991 4677 2110 4731 κατ’
2139 4679 2262 4732 αὐτὸ
2299 4678 2466 4731 οὕτωσ
2487 4683 2556 4731 V¹
2737 4681 2923 4751 οὕτως]
2963 4684 3078 4736 οὔτε
3114 4688 3158 4737 Β

508 4768 591 4820 28.
634 4767 698 4819 29
734 4767 983 4840 Ὗστέροις
1021 4768 1355 4837 ἀναλυτικοῖς]
1398 4768 1550 4822 Anal.
1590 4774 1725 4834 post.
1766 4768 1805 4831 1,
1830 4768 1864 4817 4
1921 4766 2100 4818 73:34
2121 4782 2231 4833 sqq.
2412 4767 2472 4818 31
2517 4768 2640 4820 αὑτὸ
2673 4768 2885 4822 v²BS³a
2923 4774 3036 4839 Sp.:
3075 4770 3227 4824 αὑτὸν

509 4856 733 4912 'WFS'L
949 4856 1015 4909 3⁵2
1052 4856 1101 4907 ἐν
1140 4858 1217 4927 τῷ
1252 4874 1291 4909 s.
1332 4874 1375 4909 V.
1418 4860 1463 4909 V
1680 4854 1852 4906 αὑτῶν
1891 4858 1951 4906 V:
1993 4869 2093 4906 om.
2133 4872 2164 4905 a
2199 4854 2287 4922 Sp.
