3684 5567
634 257 779 297 xvm
1801 254 1840 306 P
1851 253 2028 305 RAEF
2038 252 2195 305 ΑΤΙΟ

634 427 903 491 tustiora
954 435 1122 495 sunt.
1208 427 1334 494 hoc
1376 434 1593 493 autem
1645 432 1889 493 certum
1933 433 2052 509 est,
2105 425 2158 491 si
2215 424 2573 491 uncialibus
2617 424 2892 509 scriptus
2937 431 3076 490 erat
3123 424 3346 507 codex,

636 567 717 614 ex
798 568 921 631 quo
998 547 1182 613 fluxit
1264 548 1579 631 Venetus,
1667 547 1871 612 multa
1943 544 2330 631 compendia
2416 542 2792 611 intermixta
2863 540 3091 626 fuisse,
3169 543 3348 609 cuius

634 668 989 751 scripturae
1035 666 1288 750 generis
1332 666 1678 750 imaginem
1722 666 1908 731 nobis
1953 666 2269 751 praebent
2310 664 2379 730 in
2427 664 2670 731 Veneto
2717 671 2783 729 et
2831 663 3112 748 capitum
3157 662 3348 729 rubra

636 794 701 852 et
745 786 1134 869 marginales
1177 784 1633 851 adnotationes
1671 792 1738 851 et
1779 784 2144 869 argumenti
2190 790 2572 867 conspectus
2618 784 2823 868 primo
2871 782 3136 869 physico
3183 781 3344 847 libro

635 912 701 970 et
756 906 979 970 morali
1033 904 1357 989 praefixus
1408 907 1587 988 (nam
1648 904 1841 989 pinax
1900 905 2007 987 qui
2069 912 2222 971 ante
2275 906 2546 970 alterum
2607 910 2673 969 et
2739 904 2994 969 tertium
3051 902 3344 987 physico-

636 1045 771 1088 rum
835 1024 1069 1108 legitur
1131 1024 1502 1091 minusculis
1555 1024 1953 1109 conscriptus
2007 1026 2152 1109 est).
2241 1031 2460 1091 tantus
2513 1031 2614 1090 est
2680 1043 2983 1089 numerus
3035 1022 3347 1107 deprava-

634 1150 839 1208 tarum
910 1144 1303 1229 syllabarum
1370 1143 1874 1229 terminantium,
1951 1144 2028 1209 cf.
2087 1145 2279 1228 7,2.9
2330 1144 2478 1228 8,18
2534 1144 2738 1228 1033.
2765 1144 2851 1209 24
2906 1140 3340 1227 12,17.·23.27

638 1264 840 1347 15,19.
866 1264 949 1329 22
998 1264 1181 1347 17,12
1228 1264 1415 1349 2137
1461 1264 1654 1347 2234
1696 1264 1844 1347 26,6
1890 1264 2096 1348 27‚18.
2125 1263 2209 1329 28
2261 1266 2410 1346 29‚5
2464 1264 2629 1341 31‚5.
2657 1264 2865 1330 10.20
2920 1263 3110 1348 3625
3153 1260 3340 1338 39‚17

630 1383 776 1467 48,3
822 1386 1011 1461 7038
1056 1382 1205 1469 83,4
1252 1384 1436 1469 112,3
1482 1391 1601 1450 etc.
1690 1386 1842 1450 nolo
1897 1383 2020 1448 hoc
2074 1384 2214 1449 loco
2273 1404 2494 1449 omnes
2538 1383 2768 1450 Veneti
2825 1382 3220 1465 corruptelas
3275 1380 3343 1445 in

632 1522 749 1567 sua
794 1522 1036 1585 genera
1079 1502 1481 1569 distribuere.
1594 1502 1709 1569 sed
1753 1504 2068 1570 conducet
2125 1504 2251 1569 duo
2307 1503 2589 1569 breviter
2633 1511 2915 1585 notasse,
2975 1520 3141 1585 quae
3186 1520 3342 1585 prae

632 1622 863 1688 ceteris
928 1622 1247 1707 respicere
1306 1622 1541 1690 debeat
1604 1622 2078 1689 emendaturus.
2169 1623 2480 1689 latissime
2545 1622 2712 1688 enim
2781 1629 2960 1706 patet
3025 1620 3342 1687 vocalium

632 1741 799 1807 inter
843 1762 915 1807 se
958 1749 1023 1807 et
1066 1741 1609 1826 diphthongorum
1656 1744 2062 1827 permutati0,
2124 1763 2290 1825 quae
2345 1763 2473 1807 non
2519 1744 2726 1808 solum
2771 1742 2835 1807 in
2881 1766 2934 1806 ει
2981 1749 3046 1808 et
3089 1766 3129 1824 ι,
3173 1766 3234 1805 αι
3277 1748 3340 1806 et

631 1884 662 1923 ε
707 1862 999 1945 offendit,
1066 1864 1179 1928 sed
1226 1870 1411 1928 tanta
1455 1868 1571 1936 est,
1640 1869 1709 1927 ut
1774 1862 2056 1929 cuiusvis
2101 1862 2344 1928 vocalis
2401 1882 2539 1927 cum
2599 1880 2982 1945 unaquaque
3035 1860 3340 1926 confusae

630 1980 803 2045 haud
850 1980 1107 2047 difficile
1151 1980 1234 2046 sit
1277 1980 1577 2064 exempla
1619 1981 2123 2065 deprehendere.
2216 1980 2449 2047 deinde
2494 1981 2724 2046 iterum
2771 1980 3127 2047 miserrima
3157 1982 3340 2047 omis—

630 2095 877 2163 sio‘num
922 2100 1111 2185 copia
1155 2100 1607 2184 conquerenda
1660 2108 1778 2186 est,
1831 2101 1916 2167 de
1967 2122 2096 2185 qua
2140 2101 2271 2166 dixi
2325 2100 2390 2165 in
2446 2099 2848 2184 praefatione
2894 2102 3018 2167 vol.
3065 2102 3116 2186 I,
3163 2124 3223 2187 p.
3253 2102 3336 2168 X.

628 2218 744 2284 sed
788 2220 1007 2285 taedet
1050 2220 1421 2303 singillatim
1466 2220 1705 2287 referre
1736 2228 1801 2287 et
1845 2222 2092 2287 litteras
2125 2228 2188 2287 et
2231 2220 2520 2306 syllabas
2563 2227 2630 2287 et
2673 2241 2867 2287 voces
2906 2230 2972 2287 et
3003 2223 3337 2289 enuntiata

628 2358 794 2420 quae
837 2338 1150 2406 excidere.
1239 2340 1602 2423 legentibus
1647 2341 1816 2407 enim
1873 2341 2038 2405 ultro
2096 2361 2166 2407 se
2213 2340 2512 2406 obtrudet
2557 2342 2773 2405 lacera
2815 2340 3150 2427 archetypi
3197 2361 3334 2426 spe·

628 2458 757 2522 cies
801 2456 1005 2522 instar
1048 2457 1233 2522 cribri
1280 2458 1602 2541 perforati.
1692 2480 1838 2525 raro
1873 2467 2098 2526 contra
2143 2459 2576 2525 removendae
2607 2468 2754 2525 sunt
2792 2461 3039 2528 otiosae
3084 2461 3335 2527 litterae

624 2577 1021 2661 syllabaeve,
1064 2584 1134 2643 ut
1177 2579 1373 2663 25,13
1418 2578 1741 2661 27,14.15
1787 2580 1976 2661 3535
2020 2581 2160 2664 6651
2213 2580 2403 2659 7732
2453 2580 2666 2664 129,1;
2733 2586 2798 2645 et
2841 2599 2994 2645 casu
3040 2579 3336 2647 videntur

625 2695 778 2761 olim
823 2715 860 2762 e
912 2697 1200 2781 margine
1267 2697 1331 2763 in
1398 2703 1640 2763 textum
1703 2697 2040 2782 irrepsisse
2106 2718 2314 2782 pauca
2365 2698 2506 2782 illa,
2576 2718 2740 2781 quae
2797 2699 3084 2766 recidere
3139 2699 3328 2766 debui

626 2815 817 2901 2324
858 2816 1216 2901 26‚20—22
1259 2818 1533 2902 48,4-5
1578 2818 1767 2902 67‚22
1792 2838 1886 2899 sq.
1931 2820 2139 2902 9232.

525 2934 609 2997 V²
800 2935 1005 3001 Venio
1050 2956 1217 3001 nunc
1258 2936 1343 3001 ad
1387 2936 1453 3001 id
1497 2956 1701 3020 genus
1745 2937 2110 3019 lectionum,
2157 2939 2326 3023 quod
2369 2940 2438 3005 in
2481 2938 2662 3004 libris
2705 2939 2787 3005 de
2830 2939 3047 3006 anima
3085 2939 3169 3007 V²
3211 2940 3330 3025 sig-

626 3055 795 3121 navi.
885 3075 1035 3120 nam
1083 3054 1275 3120 etiam
1323 3056 1746 3133 Quaestiones
1791 3056 2018 3122 doctus
2072 3058 2182 3124 ille
2229 3059 2378 3125 licet
2427 3080 2557 3124 non
2605 3061 2830 3126 eadem
2877 3060 3109 3145 ubique
3152 3061 3330 3127 indu·

625 3174 781 3239 stria
824 3176 1258 3258 pertractavit.
1350 3177 1665 3260 permulta
1709 3176 1877 3242 enim
1923 3198 2063 3241 cum
2119 3179 2528 3245 adnotaverit
2589 3180 2790 3264 primo
2844 3180 3112 3265 physico
3168 3181 3326 3247 libro

626 3300 691 3359 et
744 3293 1093 3359 moralibus
1146 3295 1583 3379 problematis,
1638 3304 1970 3361 rarescunt
2015 3297 2152 3363 eius
2198 3298 2472 3381 vestigia
2516 3298 2667 3365 inde
2711 3299 2795 3364 ab
2843 3308 3071 3367 octavo
3117 3300 3327 3384 capite

622 3411 765 3476 libri
812 3413 1077 3477 alterius
1134 3413 1401 3499 physici.
1501 3414 1920 3481 confidentius
1975 3425 2190 3483 autem
2243 3438 2410 3483 nunc
2463 3427 2798 3504 postquam
2851 3420 3328 3487 accuratissime

622 3530 849 3595 iterum
896 3532 1179 3598 codicem
1235 3532 1597 3599 examinavi
1653 3534 1862 3601 eidem
1919 3536 2185 3621 tempori
2255 3536 2373 3603 has
2439 3538 2747 3606 lectiones
2812 3538 3031 3607 deberi
3086 3546 3324 3605 certum

625 3670 767 3716 esse
813 3650 1151 3731 contendo,
1196 3653 1280 3717 ab
1326 3654 1553 3719 eodem
1599 3652 1858 3719 homine
1901 3655 2242 3738 provenire
2297 3658 2662 3725 verisimile.
2760 3667 2932 3726 certe
2985 3679 3174 3725 nemo
3221 3682 3326 3745 po-

623 3772 773 3837 terit
816 3771 1088 3837 diversis
1131 3773 1497 3838 auctoribus
1542 3792 1659 3837 sua
1704 3773 1993 3839 reddere.
2083 3794 2232 3839 nam
2276 3774 2634 3842 litterarum
2666 3778 2869 3862 primo
2901 3779 3123 3846 obtutu
3155 3803 3328 3866 pror-

623 3910 731 3954 sus
777 3890 1071 3956 similium
1120 3892 1595 3976 discrepantiae
1649 3890 1839 3977 (quas
1892 3893 1958 3959 in
2010 3892 2240 3959 litteris
2295 3896 2327 3957 δ
2373 3902 2438 3960 et
2481 3918 2517 3961 σ
2563 3918 2705 3964 esse
2751 3920 2878 3965 non
2923 3901 3118 3987 nego)
3162 3902 3324 3969 tales

622 4016 788 4094 sunt,
834 4010 1058 4093 quales
1102 4010 1291 4077 facile
1335 4011 1525 4079 homo
1565 4013 1790 4079 doctus
1834 4012 2214 4081 festinanter
2258 4015 2544 4082 scribens
2587 4018 2901 4085 admittat.
2991 4040 3202 4105 neque
3244 4042 3324 4088 ex

621 4136 981 4195 atramento
1028 4130 1131 4195 hic
1172 4130 1447 4198 fusciore
1478 4132 1608 4197 illie
1638 4132 1876 4198 atriore
1919 4133 2162 4217 aliquid
2207 4135 2592 4204 concludere
2636 4139 2802 4206 licet.
2890 4140 3084 4206 immo
3129 4162 3323 4206 unum

618 4246 853 4330 ubique
898 4248 1254 4315 adhibitum
1311 4271 1454 4317 esse
1509 4270 1626 4317 eae
1684 4272 1880 4317 voces
1932 4261 2226 4339 arguunt,
2271 4255 2336 4320 in
2382 4256 2612 4340 quibus
2669 4259 2897 4325 eadem
2951 4260 3182 4327 coloris
3234 4260 3324 4325 di·

621 4367 895 4433 versitas
942 4376 1234 4453 apparet.
1283 4408 1363 4417 —
1409 4392 1617 4455 neque
1662 4371 1745 4437 de
1788 4372 2170 4440 auctoritate
2225 4394 2444 4441 earum
2503 4396 2673 4443 nunc
2724 4378 2912 4444 aliter
2964 4380 3194 4447 iudico.
3281 4400 3324 4446 a

618 4486 755 4551 viro
788 4498 1219 4571 provenerunt
1264 4489 1667 4575 peritissime,
1714 4492 1820 4575 qui
1854 4492 2099 4560 utinam
2129 4516 2348 4562 omnes
2380 4497 2732 4563 Alexandri
2764 4499 2960 4565 libros
2999 4500 3138 4584 pari
3169 4519 3321 4565 cura

618 4612 1090 4689 pertractasset.
1182 4614 1323 4676 eam
1371 4610 1537 4675 enim
1573 4632 1833 4696 operam
1881 4614 2201 4696 praestitit
2245 4616 2497 4701 scriptis
2541 4638 2660 4703 per
2687 4619 2948 4685 saecula
2991 4618 3320 4704 neglectis,

616 4743 805 4805 quam
864 4734 927 4791 et
978 4729 1375 4811 postulamus
1430 4740 1495 4797 et
1555 4733 1892 4797 laudamus
1945 4734 2010 4798 in
2068 4736 2272 4818 primo
2329 4737 2594 4805 editore.
2685 4759 2835 4805 nam
2890 4739 3163 4805 restituit
3217 4740 3321 4805 hic

616 4844 860 4911 litteras
906 4856 1257 4933 corruptas,
1304 4850 1670 4933 prosodiam
1704 4851 2016 4937 adpinxit,
2063 4850 2226 4920 falso
2259 4860 2506 4923 secreta
2553 4866 2722 4925 recte
2754 4858 3063 4944 distinxit,
3112 4860 3320 4925 otiosa
