3684 5567
568 253 686 317 178
1434 249 1892 309 ΑΛΕΞΑΝΔΡΟΥ
1931 250 2383 309 ΑΦΡΟΔΙΣῙΕΩΣ

667 426 853 487 πάντα
896 425 968 488 τὰ
1010 425 1279 509 γινόμενα
1324 422 1458 488 καθ’
1514 425 1889 512 εἱμαρμένην.
1980 424 2100 489 ἀλλ’
2155 427 2210 488 εἰ
2253 424 2388 489 καθ’
2444 426 2816 510 εἱμαρμένην,
2863 429 3162 513 ἀπαραβά-

664 551 801 607 τως,
846 528 899 590 εἰ
942 525 1056 613 (δ’)
1102 529 1511 612 ἀπαραβάτως,
1557 528 1661 592 οὐκ
1705 529 2004 614 ἐνδέχεται
2050 531 2131 613 μὴ
2176 530 2463 611 γενέσθαι,
2510 529 2542 592 ὃ
2602 530 2666 593 δὲ
2709 530 2816 593 οὐκ
2859 530 3162 615 ἐνδέχεται
3191 550 3244 591 15

670 632 751 713 μὴ
794 630 1083 712 γενέσθαι,
1146 634 1316 693 τοῦτο
1382 630 1658 694 ἀδύνατον
1705 634 1785 715 μὴ
1831 632 2123 714 γενέσθαι,
2191 632 2223 694 ὃ
2269 633 2334 695 δὲ
2379 633 2656 695 ἀδύνατον
2727 634 2807 716 μὴ
2874 633 3161 715 γενέσθαι,

667 738 793 802 πῶς
838 732 959 796 οἷόν
1006 757 1069 796 τε
1113 737 1279 796 τοῦτο
1344 733 1525 815 λέγειν
1572 734 1919 819 ἐνδέχεσθαι
1963 736 2059 797 καὶ
2115 734 2196 817 μὴ
2251 733 2554 815 γενέσθαι;
2617 736 2684 797 τὸ
2727 736 2834 819 γὰρ
2882 737 3160 799 ἀδύνατον

597 858 626 905 5
669 838 751 920 μὴ
795 836 1061 920 γενέσθαι
1116 835 1424 919 ἀναγκαῖον
1468 835 1755 919 γενέσθαι.
1847 839 2034 901 πάντα
2099 836 2214 920 ἄρα
2270 838 2342 899 τὰ
2407 835 2544 899 καθ’
2598 838 2951 923 εἱμαρμένην
3017 839 3158 923 γινό·
3185 858 3244 899 ευ

670 962 813 1022 μενα
857 939 916 1007 ἐξ
962 940 1214 1021 ἀνάγκης
1258 934 1417 1001 ἔσται
1462 938 1586 1002 κατ’
1642 939 1869 1015 αὐτούς,
1928 938 2048 1003 ἀλλ’
2103 939 2240 1025 οὐχὶ
2285 940 2380 1004 καὶ
2425 939 2844 1025 ἐνδεχομένως,
2915 944 2994 1011 ὥς
3039 944 3162 1005 παί-

672 1046 864 1115 ζοντες
908 1039 1189 1123 λέγουσιν.

828 1144 1182 1209 Ἀκολουθεῖ
1240 1146 1305 1207 δὲ
1349 1150 1433 1228 τῷ
1478 1146 1665 1208 πάντα
1708 1146 1777 1209 τὰ
1822 1146 2091 1230 γινόμενα
2135 1145 2777 1231 προκαταβεβλημέναις
2843 1147 2937 1209 καὶ
2983 1148 3154 1230 ὡρισ-
3189 1156 3268 1208 XI

670 1247 863 1330 μέναις
906 1249 1003 1312 καὶ
1046 1247 1558 1332 προυπαρχούσαις
1622 1249 1765 1311 τισὶν
1810 1251 2015 1319 αἰτίαις
2057 1248 2298 1314 ἔσεσθαι
2342 1250 2408 1311 τὸ
2455 1249 2548 1312 καὶ
2593 1249 2976 1334 βουλεύεσθαι
3023 1250 3153 1319 τοὺς
3179 1268 3234 1311 5

570 1371 630 1417 10
668 1350 1013 1433 ἀνθρώπους
1058 1352 1243 1434 μάτην
1288 1352 1420 1434 περὶ
1488 1356 1602 1413 τῶν
1649 1352 1950 1435 πρακτέων
2015 1352 2230 1421 αὐτοῖς.
2319 1352 2372 1415 εἰ
2415 1352 2480 1414 δὲ
2523 1352 2590 1415 τὸ
2637 1353 3015 1435 βουλεύεσθαι
3059 1355 3163 1435 μά·

667 1477 790 1538 την,
860 1456 1044 1537 μάτην
1110 1452 1233 1538 (ἂν)
1298 1452 1606 1536 ἅνθρωπος
1666 1452 1758 1537 εἴη
1826 1455 2212 1538 βουλευτικός.
2301 1455 2486 1517 καίτοι
2550 1456 2603 1517 εἰ
2657 1456 2838 1537 μηδὲν
2893 1457 3078 1539 μάτην
3122 1458 3161 1539 ἡ

668 1558 837 1641 φύσις
903 1560 1061 1619 ποιεῖ
1120 1562 1236 1620 τῶν
1300 1556 1775 1641 προηγουμένων,
1842 1558 1908 1619 τὸ
1953 1558 2018 1619 δὲ
2083 1558 2447 1642 βουλευτικὸν
2495 1556 2639 1620 εἶναι
2707 1560 2859 1641 ζῷον
2916 1560 3015 1621 τὸν
3066 1556 3160 1620 ἅν-

666 1660 903 1744 θρωπον
962 1658 969 1746 Ι
1018 1659 1466 1743 προηγουμένως
1532 1658 1645 1723 ὑπὸ
1712 1665 1817 1745 τῆς
1881 1660 2130 1744 φύσεως,
2196 1658 2317 1723 ἀλλ’
2383 1660 2450 1722 οὐ
2505 1658 2633 1723 κατ’
2700 1660 3162 1744 ἐπακολούθημά
3197 1668 3266 1724 36

668 1786 718 1826 τι
765 1766 861 1827 καὶ
901 1764 1232 1845 σύμπτωμα
1262 1767 1377 1831 τοῖς
1408 1764 1858 1847 προηγουμένως
1887 1764 2197 1846 γινομένοις
2228 1764 2457 1845 γίνοιτο,
2504 1765 2800 1845 συνάγοιτο
2833 1762 2902 1825 ἂν
2931 1762 3048 1847 (τὸ)
3079 1765 3160 1847 μὴ

569 1886 628 1933 15
668 1865 813 1929 εἶναι
859 1867 1045 1950 μάτην
1090 1866 1225 1935 τοὺς
1268 1866 1617 1949 ἀνθρώπους
1663 1865 2082 1951 βουλευτικοός.
2172 1864 2258 1929 ὅτι
2326 1867 2392 1929 δὲ
2434 1868 2499 1928 τὸ
2547 1851 2931 1949 βουλεύεσθαι
2976 1868 3160 1951 μάτην
3213 1884 3243 1925 5

668 1971 899 2032 πάντων
942 1969 1254 2053 γινομένων
1300 1967 1360 2038 ἐξ
1408 1970 1679 2053 ἀνάγκης,
1726 1967 1921 2054 ῥᾴδιον
1965 1974 2178 2051 γνῶναι
2221 1970 2325 2051 τὴν
2371 1972 2474 2031 τοῦ
2521 1967 2907 2053 βουλεύεσθαι
2963 1969 3160 2053 χρείαν

668 2070 899 2136 εἰδόσιν.
991 2075 1353 2155 ὁμολογεῖται
1420 2074 1493 2155 δὴ
1540 2074 1683 2156 πρὸς
1730 2074 2001 2135 ἁπάντων
2045 2072 2110 2133 τὸ
2156 2076 2270 2132 τῶν
2317 2070 2510 2133 ἄλλων
2579 2069 2750 2155 ζῴων
2795 2072 2892 2133 τὸν
2938 2070 3160 2155 ἄνθρω-

664 2197 770 2236 πον
816 2180 984 2237 τοῦτο
1028 2174 1187 2258 παρὰ
1228 2179 1333 2259 τῆς
1375 2176 1608 2259 φύσεως
1654 2174 1812 2260 ἔχειν
1858 2174 2033 2238 πλέον
2077 2174 2141 2236 τὸ
2189 2176 2270 2257 μὴ
2317 2174 2535 2257 ὁμοίως
2579 2174 2817 2242 ἐκείνοις
2861 2178 2981 2242 ταῖς
3025 2198 3160 2259 φαν-

666 2279 887 2345 τασίαις
931 2277 1197 2350 ἔπεσθαι,
1265 2275 1383 2340 ἀλλ’
1438 2276 1599 2363 ἔχειν
1643 2279 1785 2362 παρ’
1832 2278 2013 2362 αὐτῆς
2079 2278 2273 2359 κριτὴν
2318 2280 2434 2338 τῶν
2487 2280 2971 2359 προσπιπτουσῶν
3017 2301 3156 2361 φαν-
3186 2296 3242 2337 ιο

565 2400 631 2447 20
666 2387 881 2443 τασιῶν
927 2381 1064 2465 περί
1101 2403 1268 2444 τινων
1315 2384 1395 2449 ὡς
1439 2382 1683 2459 αἱρετῶν
1728 2384 1825 2444 τὸν
1871 2380 2058 2463 λόγον,
2106 2376 2156 2463 ᾦ
2188 2382 2512 2464 χρώμενος,
2559 2380 2612 2440 εἰ
2643 2379 2746 2461 μὲν
2780 2378 3159 2462 ἐξεταζόμενα

668 2484 740 2546 τὰ
783 2483 1206 2567 φαντασθέντα,
1274 2484 1369 2547 οἷα
1412 2484 1515 2566 τὴν
1562 2484 1753 2568 ἀρχὴν
1808 2484 2016 2567 ἐφάνη,
2084 2484 2178 2545 καὶ
2231 2480 2373 2557 ἔστι,
2435 2482 2912 2562 συγκατατίθεταί
2971 2506 3033 2547 τε
3084 2488 3158 2564 τῇ

666 2587 949 2671 φαντασίᾳ
1014 2589 1111 2651 καὶ
1155 2588 1338 2654 οὕτως
1406 2588 1652 2667 μέτεισιν
1695 2587 1863 2662 αὐτά,
1929 2588 1982 2648 εἰ
2025 2586 2088 2647 δὲ
2141 2584 2346 2648 ἀλλοῖα
2397 2586 2658 2668 φαίνεται
2719 2586 2759 2667 ἢ
2805 2584 2948 2648 ἄλλο
2992 2608 3044 2647 τι
3086 2583 3162 2649 αὖ

670 2692 1067 2773 αἱρετώτερον,
1138 2690 1323 2753 ἐκεῖνο
1390 2691 1633 2774 αἱρεῖται
1680 2690 2041 2753 καταλείπων
2094 2688 2160 2749 τὸ
2216 2688 2320 2771 τὴν
2365 2688 2556 2772 ἀρχὴν
2603 2692 2683 2754 ὡς
2725 2689 2954 2771 αἱρετὸν
2999 2687 3159 2773 αὐτῷ
3191 2706 3245 2747 ιε

669 2792 863 2876 φανέν.
952 2791 1141 2854 πολλὰ
1192 2796 1327 2875 γοῦν
1372 2796 1496 2860 ταῖς
1538 2795 1795 2877 πρώταις
1838 2792 2172 2876 φαντασίαις
2215 2793 2354 2874 ἡμῖν
2421 2790 2629 2853 ἀλλοῖα
2674 2790 2917 2859 δόξαντα
2959 2790 3147 2854 οὐκέτ’

564 2916 629 2963 25
668 2892 895 2979 ἔμεινεν
962 2896 1057 2957 ἐπὶ
1122 2899 1229 2978 τῆς
1272 2896 1621 2979 προλήψεως
1664 2895 1995 2977 ἐλέγξαντος
2060 2893 2207 2958 αὐτὰ
2259 2898 2360 2956 τοῦ
2405 2892 2603 2976 λόγου.
2693 2895 2782 2957 διὸ
2825 2892 3161 2979 πραχθέντα

588 3054 608 3081 ὁ
669 2998 737 3063 ἄν
785 2998 919 3063 ὅσον
965 2998 1059 3060 ἐπὶ
1104 3002 1181 3081 τῇ
1228 2997 1421 3060 αὐτῶν
1465 2998 1749 3081 γενομένη
1792 2999 2077 3082 φαντασίᾳ
2109 2996 2462 3080 [γενομένη],
2507 2996 2600 3059 διὰ
2641 2997 2705 3060 τὸ
2738 2997 3160 3080 βουλεύσασθαι
3185 3016 3244 3058 2⁰

673 3102 801 3183 περὶ
858 3099 1050 3163 αὐτῶν
1106 3100 1210 3163 οὐκ
1278 3100 1576 3185 ἐπράχθη,
1621 3102 1792 3185 ἡμῶν
1836 3104 1940 3163 τοῦ
1993 3122 2057 3163 τε
2109 3100 2539 3186 βουλεύσασθαι
2594 3104 2688 3164 καὶ
2734 3106 2838 3185 τῆς
2881 3098 3158 3184 αἱρέσεως

678 3208 793 3266 τῶν
841 3204 908 3267 ἐκ
951 3210 1056 3287 τῆς
1102 3205 1321 3288 βουλῆς
1365 3202 1544 3267 ὄντων
1592 3204 1821 3289 κυρίων.
1913 3204 2007 3266 διὰ
2050 3206 2219 3265 τοῦτο
2263 3207 2398 3285 γοῦν
2445 3200 2578 3265 οὔτε
2621 3206 2751 3287 περὶ
2801 3208 2917 3268 τῶν
2963 3203 3159 3265 ἀιδίων

670 3306 1076 3393 βουλευόμεθα
1144 3306 1277 3369 οὔτε
1342 3310 1471 3391 περὶ
1536 3312 1653 3369 τῶν
1718 3306 2194 3389 ὁμολογουμένως
2248 3304 2560 3388 γινομένων
2617 3306 2677 3375 ἐξ
2731 3307 3002 3389 ἀνάγκης,
3071 3304 3159 3367 ὅτι

563 3430 631 3479 30
669 3412 847 3495 μηδὲν
894 3412 1033 3494 ἡμῖν
1077 3410 1143 3473 ἐκ
1188 3415 1289 3473 τοῦ
1336 3414 1465 3494 περὶ
1510 3410 1703 3473 αὐτῶν
1749 3410 2129 3495 βουλεύεσθαι
2173 3408 2516 3492 περιγίνεται
2561 3408 2754 3471 πλέον.
2849 3406 2967 3471 ἀλλ’
3023 3408 3159 3470 οὐδὲ
3184 3424 3243 3467 ss·

670 3515 802 3599 περὶ
846 3520 960 3576 τῶν
1008 3513 1068 3582 ἐξ
1113 3514 1365 3598 ἀνάγκης
1412 3514 1516 3596 μὲν
1564 3514 1646 3597 μὴ
1690 3514 2026 3595 γινομένων,
2095 3511 2186 3575 ἐπ’
2245 3511 2440 3581 ἄλλοις
2507 3511 2572 3574 δέ
2615 3531 2756 3573 τισιν
2803 3509 2983 3575 ὄντων
3029 3512 3159 3595 βου·

667 3617 981 3701 λευόμεθα,
1049 3616 1135 3679 ὅτι
1182 3619 1332 3701 μηδὲ
1398 3618 1514 3679 ἀπὸ
1557 3621 1663 3700 τῆς
1706 3618 1838 3701 περὶ
1904 3617 2138 3680 ἐκείνων
2183 3616 2398 3701 βουλῆς
2443 3613 2654 3699 ὄφελός
2697 3638 2750 3677 τι
2793 3616 2958 3697 ἡμῖν·
3029 3612 3148 3676 ἀλλ’

667 3722 803 3784 οὐδὲ
868 3724 997 3804 περὶ
1061 3724 1179 3783 τῶν
1222 3722 1362 3803 ἡμῖν
1410 3722 1513 3803 μὲν
1559 3726 1850 3803 πρακτῶν,
1918 3718 2404 3803 παρεληλυθότων
2473 3718 2536 3780 δὲ
2583 3716 3004 3802 βουλευόμεθα,
3072 3716 3160 3779 ὅτι

562 3981 593 4034 2
632 3980 685 4033 δ’
726 3998 826 4034 om.
866 3981 970 4033 Va¹
1182 3981 1216 4031 4
1252 3981 1337 4031 καὶ
1374 3996 1414 4031 s,
1444 3996 1489 4031 v.
1522 3984 1563 4031 V
1780 3981 1810 4031 9
1849 3977 2070 4047 ἔσεσθαι]
2107 3980 2322 4031 fortasse
2359 3976 2619 4031 ἕπεσθαι
2838 3978 2899 4030 10
2935 3976 3101 4036 αὑτοῖς
3125 3982 3172 4031 Ο

566 4072 645 4124 10.
690 4072 743 4121 11
802 4071 966 4137 μάτην
1004 4069 1168 4137 μάτην
1208 4067 1267 4119 ἂν
1305 4070 1385 4118 12¹:
1433 4068 1598 4135 μάτην
1636 4069 1800 4136 μάτην
1838 4070 1904 4118 V:
1961 4070 2125 4137 μάτην
2165 4066 2222 4119 ἂν
2260 4066 2316 4119 8²
2548 4064 2611 4118 12
2659 4065 2802 4137 φυσιν
2840 4064 2897 4117 a²
3113 4066 3174 4117 14
3209 4064 3270 4117 τὸ

561 4158 677 4210 add.
717 4156 796 4208 ⁸¹²
842 4156 906 4209 cf.
937 4154 1100 4220 208,2
1356 4154 1415 4207 16
1464 4153 1789 4223 βουλευεσθαι
1824 4156 1868 4207 V
2116 4153 2308 4227 χρείαν]
2356 4173 2382 4225 ρ
2419 4156 2476 4207 in
2527 4155 2603 4206 lit.
2643 4158 2689 4205 V
2941 4154 2999 4205 17
3057 4152 3109 4204 δὲ
3147 4152 3266 4205 Cas.

559 4244 724 4297 Lond.
765 4248 810 4297 O
1099 4242 1249 4295 ἄλλον
1287 4242 1450 4293 Lond.
1742 4242 1803 4293 18
1857 4248 2008 4295 τοῦτο
2057 4258 2155 4295 om.
2194 4246 2239 4296 Ο
2487 4246 2638 4293 τοῦτο
2681 4242 2817 4311 παρὰ
2863 4244 2958 4309 τῆς
2992 4238 3267 4309 φὺσεως-

561 4331 712 4400 λόγου
750 4330 883 4399 (25)]
932 4331 995 4383 cf.
1026 4331 1280 4383 Eusebius
1328 4346 1501 4397 praep.
1542 4346 1619 4381 ev.
1647 4330 1735 4392 vl,
1764 4330 1811 4381 9.
1841 4328 1992 4382 272⁸:
2046 4326 2154 4381 ἀλλ’
2195 4330 2413 4400 ἐναργῶς
2450 4328 2674 4400 φαίνεται
2709 4335 2811 4380 τῶν
2847 4324 3018 4379 ἄλλων
3053 4324 3199 4394 ζῴων
3239 4324 3267 4377 ὁ

561 4417 831 4489 ἅνθρωπος
867 4420 1015 4486 μόνος
1050 4422 1201 4470 τοῦτο
1238 4417 1348 4469 κτλ.
1592 4418 1724 4489 ἔχων
1764 4418 2016 4469 Eusebius
2233 4418 2294 4469 19
2331 4417 2462 4489 ἔχειν
2499 4423 2603 4469 τῶν
2641 4416 3055 4489 προσπιπτόντων
3093 4414 3269 4484 κριτὴν

558 4508 646 4560 τὸν
684 4506 833 4577 λόγον
870 4508 1129 4559 Eusebius
1340 4510 1443 4556 τῶν
1481 4520 1582 4557 om.
1619 4505 1699 4556 2¹²
1934 4504 1996 4556 21
2044 4504 2122 4573 τε]
2161 4523 2208 4557 τι
2245 4509 2320 4559 K:
2377 4522 2477 4557 om.
2517 4507 2602 4557 Es
2641 4504 2895 4557 Eusebius
3117 4500 3184 4553 22
3233 4502 3267 4569 ἡ

559 4597 743 4649 B¹ESz
782 4596 825 4647 εί
864 4592 1076 4647 VB2212:
1115 4594 1201 4644 καὶ
1238 4592 1401 4644 Lond.
1440 4595 1485 4644 Ο
1698 4590 2017 4662 ἣ-ὃόξαντα
2051 4592 2159 4657 (24)
2197 4609 2295 4645 om.
2337 4593 2590 4645 Eusebius
2801 4589 2868 4643 23
2905 4587 3069 4661 αὐχὴν
3107 4586 3164 4639 a'

560 4682 627 4735 25
665 4680 971 4752 ἐλέγξαντος]
1011 4700 1040 4751 γ
1078 4698 1117 4733 s.
1144 4697 1191 4731 v.
1224 4683 1268 4731 V
1470 4680 1621 4749 λόγου
1658 4680 1735 4732 διὰ
1772 4679 1829 4732 τὸ
1867 4678 2330 4749 συμβουλεύσασθαι
2365 4676 2750 4748 (βουλεὺσασθαι
2789 4696 2839 4747 p.
2862 4679 2915 4741 1.)
2951 4678 3064 4747 περὶ
3099 4674 3269 4727 αὐτῶν

560 4786 815 4839 Eusebius
1036 4786 1101 4838 26
1156 4772 1396 4855 γενομένη
1446 4788 1518 4837 sic
1558 4786 1592 4836 i.
1620 4800 1662 4837 e.
1702 4784 1800 4836 del.
1842 4789 1904 4837 V:
1961 4786 2202 4853 γενομένη
2239 4782 2331 4835 3²:
2391 4784 2624 4853 γινομένη
2665 4782 2743 4835 8¹²
2989 4780 3054 4833 28
3103 4778 3270 4833 ὄντωσ

561 4873 751 4943 κυρίωσ
777 4876 845 4927 V¹
887 4876 1037 4939 (corr.
1066 4889 1113 4923 v.
1140 4872 1205 4939 c.)
1418 4870 1561 4942 γοῦν]
1599 4872 1691 4941 γὰρ
1730 4874 1775 4926 Ο
