3684 5567
1355 227 1376 280 1
1450 228 1539 281 DE
1576 228 2118 292 QUAESTIONIBUS
2991 232 3094 271 xm

380 398 647 463 consilio
700 419 817 464 suo
872 401 1227 467 locuturum
1282 420 1446 466 esse.
1544 408 1760 467 tamen
1829 423 1958 467 non
2026 400 2246 485 tacuit,
2311 420 2424 465 cur
2487 399 2651 465 haec
2715 399 3092 485 scripsisset.

380 518 561 599 legas
606 518 769 586 haee
816 519 1004 603 118,ss
1048 518 1291 597 ὅτι...,
1345 520 1663 584 δεικτέον
1708 518 1775 583 ἔκ
1818 544 1884 583 τε
1927 525 2031 605 τῆς
2267 517 2467 583 ἔπειτα
2513 567 2571 583 ..
2600 567 2617 583 .
2706 518 2793 583 ὅτι
2835 521 2946 603 γὰρ
2992 569 3048 583 ..
3077 570 3092 583 .

380 636 697 723 δείξομεν
746 638 976 723 113‚28
1021 636 1109 702 ὅτι
1301 642 1399 704 καὶ
1443 640 1510 704 ἐκ
1555 642 1739 703 τῶνδε
1782 643 1899 703 τῶν
1944 640 2132 723 λόγων
2177 640 2509 725 δειχθείη
2553 638 2632 703 ἂν
2685 640 2870 722 114,6
2915 638 2983 703 ἂν
3029 642 3096 703 δὲ

380 757 855 841 ἐνιστάμενοι...
902 758 1165 842 λέγωσιν,
1212 759 1491 845 ῥητέον,
1538 758 1626 823 ὅτι
1674 759 1900 843 122,21
1949 764 2118 823 τοῦτο
2157 761 2222 823 δὲ
2251 763 2324 843 τῆ
2358 758 2634 843 ἐπαγωγῇ
2682 758 3092 823 πιστωτέον.

380 898 463 943 ex
507 877 743 943 talibus
786 878 1216 944 locutionibus
1258 899 1471 944 nonne
1528 886 1707 963 patet
1758 878 1968 962 ipsum
2015 884 2340 944 auctorem
2393 876 2603 961 fateri,
2649 897 2720 943 se
2765 899 2894 942 non
2950 878 3095 961 ipsa

378 1004 761 1081 argumenta
806 1018 1149 1084 exponere,
1194 998 1311 1063 sed
1356 996 1527 1063 viam
1572 1005 1932 1064 monstrare
1975 1018 2105 1082 qua
2147 997 2234 1063 ad
2277 1017 2360 1065 ea
2401 997 2723 1083 perveniri
2769 998 3014 1083 possit?

549 1117 675 1183 Vix
701 1124 877 1185 recte
920 1126 1137 1184 autem
1168 1117 1643 1185 Faunum-mn.
1685 1116 1930 1184 dixisse
1959 1117 2215 1184 videtur
2257 1116 2542 1183 eiusdem
2577 1118 2918 1201 prosapiae
2949 1138 3094 1187 esse

381 1235 807 1316 Quaestiones
852 1245 917 1304 et
958 1238 1356 1305 Mantissam.
1444 1239 1513 1304 in
1558 1237 1846 1324 physicis
1890 1245 2064 1304 certe
2108 1236 2306 1321 libris,
2361 1236 2415 1303 si
2472 1258 2666 1302 unum
2720 1237 2838 1321 111,
2869 1238 2946 1303 12
2991 1256 3096 1303 ex-

378 1357 647 1441 ceperis,
691 1356 781 1422 nil
826 1358 995 1425 inest
1038 1358 1210 1442 quod
1254 1378 1395 1424 cum
1439 1358 1613 1424 illius
1654 1366 1769 1425 aut
1812 1355 2462 1425 commentationibus
2515 1363 2628 1422 aut
2679 1357 3095 1423 collectaneis

379 1479 485 1547 vel
515 1477 874 1561 comparari
903 1478 1127 1563 possit.
1192 1499 1270 1545 eo
1301 1484 1548 1544 tantum
1594 1485 1974 1563 congruunt,
2019 1476 2190 1560 quod
2235 1483 2574 1559 utrumque
2619 1492 2781 1559 opus
2825 1475 2918 1541 sic
2963 1497 3092 1541 non

378 1596 464 1662 ab
508 1596 879 1664 Alexandro
924 1596 1165 1663 editum
1220 1604 1332 1664 est.
1424 1598 1488 1663 in
1546 1606 1813 1682 utroque
1867 1596 2124 1680 quidem
2178 1594 2414 1678 insunt,
2480 1615 2647 1678 quae
2713 1602 2825 1660 aut
2892 1594 3094 1661 edidit

378 1721 492 1779 aut
534 1714 621 1779 ad
644 1714 963 1782 edendum
1008 1715 1262 1801 scripsit
1305 1718 1435 1802 ille,
1480 1718 1597 1785 sed
1641 1726 1712 1784 ιιι
1752 1718 1820 1783 in
1852 1714 2350 1796 Quaestionibus
2381 1713 2640 1780 diversa
2669 1714 2922 1780 miscuit
2950 1735 3092 1781 cum

379 1832 819 1918 problematis,
863 1834 959 1901 ita
1001 1835 1067 1900 in
1114 1836 1425 1903 mantissa
1468 1857 1612 1903 cum
1656 1834 2300 1902 commentationibus
2345 1834 2760 1900 collectanea.

549 1954 929 2021 Redactoris
972 1956 1248 2039 vestigia
1288 1956 1355 2021 in
1401 1955 1898 2036 Quaestionibus
1942 1953 2169 2021 crebra
2213 1961 2278 2019 et
2321 1961 2549 2037 aperta
2592 1959 2761 2038 sunt,
2807 1954 2872 2019 in
2919 1952 3095 2018 Man-

378 2071 539 2137 tissa
580 2072 717 2140 fere
747 2075 972 2159 latent,
1016 2074 1133 2141 sed
1177 2097 1307 2142 non
1336 2076 1589 2143 desunt.
1658 2082 1813 2159 puto
1858 2074 2028 2141 enim
2072 2072 2274 2139 verba
2302 2092 2469 2154 quae
2511 2073 2732 2157 inepte
2775 2071 2972 2157 priori
3010 2070 3094 2137 de

377 2190 585 2259 libera
611 2194 945 2260 voluntate
974 2194 1495 2261 commentationi
1526 2193 1927 2280 praescripta
1955 2198 2123 2277 sunt,
2167 2195 2286 2256 τῶν
2316 2193 2474 2278 παρὰ
2496 2191 2932 2277 Ἀριστοτέλους
2960 2194 3092 2277 περὶ

376 2314 480 2375 τοῦ
524 2309 618 2396 ἐφ’
658 2314 799 2397 ἡμῖν
842 2334 884 2379 a
914 2313 1248 2380 redactore
1290 2314 1517 2379 addita
1557 2334 1719 2380 esse.
1788 2335 1940 2380 nam
1970 2313 2283 2397 doctrina,
2329 2333 2496 2395 quae
2525 2312 2648 2379 hoc
2687 2312 2898 2397 capite
2929 2333 3094 2377 com—

376 2431 737 2515 mendatur,
782 2440 847 2498 et
876 2453 1019 2499 cum
1052 2441 1362 2516 sequente
1392 2432 1474 2499 de
1506 2433 1735 2500 eadem
1779 2454 1851 2500 re
1879 2433 2440 2517 argumentatione
2471 2440 2536 2498 et
2566 2453 2710 2498 cum
2741 2431 3092 2498 Alexandri

376 2552 869 2635 Aristotelisque
914 2552 1215 2636 opinione
1252 2561 1479 2636 aperte
1518 2560 1784 2638 pugnat.
1859 2553 1991 2620 noli
2029 2560 2247 2619 autem
2285 2552 2434 2619 ideo
2483 2557 2713 2637 putare
2756 2551 2919 2617 haec
2962 2572 3094 2617 non

376 2672 617 2756 scripta
654 2692 799 2738 esse
828 2670 912 2737 ab
941 2672 1337 2738 Alexandro.
1404 2691 1552 2737 nam
1600 2680 1671 2739 ut
1712 2674 1795 2740 de
1824 2682 2042 2741 mente
2075 2674 2365 2756 110,4sq.
2412 2672 2678 2756 rettulit,
2723 2672 2954 2755 quibus
2983 2670 3093 2736 mi-

376 2793 548 2859 nime
593 2790 1023 2875 adstipulatus
1056 2797 1174 2875 est,
1221 2798 1433 2875 potest
1479 2792 1673 2859 etiam
1718 2793 1966 2861 liberae
2010 2792 2362 2859 voluntatis
2406 2791 2906 2876 explicationem
2953 2812 3094 2856 nar-

375 2932 631 2994 rasse,a
652 2930 779 2995 qua
800 2911 943 2994 ipse
962 2909 1358 2977 abhorreret.
1400 2912 1601 2978 utillo
1626 2914 1769 2980 loco
1793 2914 2158 2979 servavisse
2172 2912 2604 2997 (διεσωσάμην)
2621 2931 2692 2977 se
2716 2910 3090 2995 opinionem

374 3033 647 3099 alicuius
674 3032 857 3115 dixit,
903 3031 987 3097 de
1018 3030 1197 3095 cuius
1242 3051 1523 3115 persona
1551 3031 1738 3097 nobis
1782 3054 1913 3098 non
1946 3038 2219 3117 constat,
2264 3032 2358 3097 ita
2403 3031 2507 3095 hic
2535 3031 2620 3096 de
2651 3030 2921 3096 alicuius
2951 3050 3093 3095 sen-

376 3154 581 3219 tentia
622 3151 817 3218 refert
862 3150 1125 3235 (ἐλέγετο
1168 3149 1234 3213 δέ
1276 3174 1361 3220 τις
1404 3152 1501 3215 καὶ
1544 3152 1739 3215 τοιάδε
1768 3150 1958 3235 δόξα),
2003 3151 2184 3217 cuius
2227 3170 2462 3216 nomen
2508 3171 2625 3214 nos
2671 3151 2866 3233 plane
2910 3152 3088 3216 latet.

549 3272 776 3355 Itaque
802 3269 1156 3336 redactoris
1192 3290 1461 3337 acumen
1499 3271 1564 3336 in
1596 3277 1869 3353 utroque
1909 3292 2104 3356 opere
2143 3272 2351 3337 simile
2380 3270 2518 3337 fuit.
2587 3272 2860 3337 eundem
2890 3270 3090 3335 fuisse

375 3392 527 3458 inde
553 3413 682 3457 non
714 3392 1033 3474 colligam.
1091 3389 1299 3456 simile
1327 3397 1543 3456 autem
1578 3399 1695 3473 est,
1726 3391 1898 3475 quod
1928 3390 1995 3455 in
2027 3398 2299 3476 utroque
2326 3412 2371 3459 a
2392 3392 2727 3459 redactore
2756 3392 3088 3458 inventum

376 3519 494 3595 est,
540 3531 775 3576 nomen
820 3510 985 3576 libri.
1052 3531 1205 3575 nam
1247 3517 1319 3575 ut
1361 3510 1427 3575 in
1468 3508 1970 3589 Quaestionibus
2013 3530 2055 3575 a
2094 3512 2650 3595 praestantissima
2692 3510 3090 3578 collectionis

375 3636 561 3714 parte
592 3638 790 3697 totam
822 3630 1214 3713 farraginem
1244 3628 1539 3697 redactor
1568 3630 2014 3697 denominavit
2036 3631 2299 3717 ἀπορίας,
2330 3632 2424 3697 ita
2451 3651 2494 3696 a
2517 3630 2701 3715 primi
2734 3631 2963 3715 capitis
2995 3650 3090 3694 ar·

374 3757 699 3834 gumento,
738 3750 909 3833 quod
941 3757 1039 3815 est
1070 3751 1201 3834 περὶ
1231 3755 1448 3835 ψυχῆς,
1493 3750 1838 3816 universae
1871 3749 2269 3816 collectionis
2297 3750 2628 3835 inscriptio
2659 3750 2940 3816 deducta
2969 3756 3089 3815 est.

546 3868 731 3935 Viam
779 3868 1184 3953 munivimus,
1232 3886 1360 3951 qua
1402 3868 1488 3933 ad
1533 3869 1864 3933 moralia
1908 3869 2313 3935 accedamus.
2402 3870 2753 3935 Mantissae
2797 3869 2964 3934 enim
3010 3868 3090 3933 si-

374 3987 586 4053 milior
629 3996 729 4054 est
781 3986 887 4052 hic
942 3987 1123 4071 liber,
1184 4006 1375 4071 quam
1432 3986 1845 4071 physicorum
1901 3987 2226 4056 librorum.
2317 3988 2422 4054 hic
2473 3996 2812 4055 occurrunt
2865 3989 3090 4054 collec-

374 4106 585 4172 taneis
628 4106 775 4192 illis,
842 4127 1009 4192 quae
1062 4107 1127 4173 in
1181 4106 1467 4192 physicis
1510 4107 1765 4191 desunt,
1832 4109 2028 4174 valde
2079 4107 2314 4173 similia
2365 4109 2604 4193 capita,
2672 4108 2756 4174 de
2820 4129 3088 4191 quorum

374 4226 643 4292 consilio
709 4226 953 4293 eisdem
1016 4225 1305 4292 formulis
1356 4226 1637 4309 loquitur
1686 4227 1986 4312 scriptor:
2082 4228 2424 4305 δεικτέον,
2473 4227 2561 4293 ὅτι
2583 4276 2600 4292 .
2628 4276 2642 4292 .
2668 4275 2686 4291 .
2733 4228 2980 4293 δεικνύοι
3025 4227 3075 4291 δ’

375 4344 444 4409 ἄν
490 4370 571 4416 τις
621 4347 848 4428 142,23
896 4346 983 4411 ὅτι
1030 4396 1044 4410 .
1067 4394 1083 4410 .
1110 4393 1127 4409 .
1174 4345 1425 4411 δεικτέον
1471 4392 1489 4410 .
1514 4392 1531 4411 .
1557 4394 1573 4410 .
1620 4344 1722 4411 ἔτι.
1812 4347 2038 4413 crebro
2087 4346 2350 4413 obvenit
2391 4346 2560 4413 inter
2605 4347 2863 4429 singula
2904 4367 3088 4429 argu-

375 4474 593 4530 menta
638 4465 721 4530 ἔτι
764 4466 843 4532 cf.
888 4465 1137 4549 138,11.
1166 4468 1247 4530 14
1293 4466 1539 4551 139,23.
1566 4467 1649 4533 25
1698 4468 1880 4551 140‚7
1932 4468 2136 4551 1428.
2224 4474 2408 4533 artae
2437 4474 2654 4532 autem
2685 4466 3088 4548 cognationis

373 4606 503 4669 qua
546 4586 923 4651 coniunctus
966 4594 1065 4651 est
1117 4605 1258 4649 cum
1304 4585 1615 4651 mantissa
1660 4586 1923 4652 moralis
1988 4586 2150 4653 liber
2214 4606 2342 4651 non
2410 4593 2589 4650 extat
2654 4586 3088 4652 testimonium

376 4706 583 4788 magis
627 4705 1040 4789 luculentum,
1085 4726 1279 4788 quam
1320 4706 1532 4771 Probl.
1574 4727 1731 4772 mor.
1771 4706 1854 4771 22
1900 4726 2170 4788 quocum
2215 4704 2510 4771 conferas
2555 4707 2654 4771 De
2696 4725 2801 4771 an.
2836 4706 3084 4791 153,29.

373 4824 442 4889 in
495 4831 767 4907 utroque
820 4824 1294 4891 demonstratur
1347 4825 1432 4889 ὅτι
1487 4826 2008 4890 ἀντακολουθοΰσιν
2061 4828 2120 4890 αἱ
2181 4825 2396 4911 ἀρεταί.
2487 4825 2840 4892 Mantissae
2893 4834 3088 4911 caput
