3684 5567
498 264 580 327 72
1470 258 1775 315 ΑΠΟΡΙΩΝ
1814 256 1936 313 ΚΑΙ
1978 256 2244 313 ΛΥΣΕΩΝ

606 436 855 500 ετούτων
912 436 965 499 δ’
1027 436 1190 519 εἴπερ
1258 432 1417 498 ἔσται
1470 435 1678 509 ἀίδιος,
1746 435 1852 497 οὐκ
1905 434 1987 503 εἰς
2046 432 2188 496 εὐθὺ
2255 432 2376 496 οἷόν
2421 456 2484 496 τε
2549 433 2645 496 διὰ
2696 434 2764 495 τὸ
2832 432 3118 514 μηδαμῶς

607 539 753 602 εἶναι
820 541 1011 624 ἀρχὴν
1081 535 1214 621 μήτ’
1296 537 1365 599 ἂν
1440 539 1621 613 κάτω,
1696 538 1792 601 ἐπὶ
1858 541 1973 599 τῶν
2049 537 2342 615 ἐσομένων
2417 535 2898 619 λαμβανομένων,
2969 530 3103 615 μήτ’
3146 548 3198 590 1⁵

606 640 674 705 ἂν
721 642 841 705 ἄνω
886 641 983 703 ἐπὶ
1027 646 1142 702 τῶν
1185 638 1565 723 γινομένων’.
1654 641 1718 702 τὸ
1764 640 1875 725 γὰρ
1922 637 2090 724 (μήτ’
2149 638 2217 703 ἂν
2264 640 2423 702 κάτω
2470 639 2566 701 ἐπὶ
2611 642 2725 700 τῶν
2773 634 3103 719 ἐσομένων’

609 748 711 827 τῆς
773 748 853 812 ὡς
915 743 1161 827 πέρατος
1226 743 1416 827 ἀρχῆς
1485 744 1605 806 ἐστι
1676 744 2015 826 δηλωτικόν.
2109 744 2212 826 τὴν
2275 742 2378 823 μὲν
2442 739 2542 804 οὖν
2610 742 2771 804 κάτω
2833 742 2927 803 δεῖ
2975 738 3118 801 εἶναι

538 866 567 914 5
610 846 823 931 ἀρχήν,
892 846 943 907 εἰ
998 845 1195 928 μέλλοι
1250 846 1313 908 τὸ
1371 846 1572 914 ἁπλῶς
1626 846 1934 927 ἀναγκαῖον
1999 844 2141 913 ἕξειν
2195 845 2264 907 τὰ
2315 843 2604 928 γινόμενα,
2671 843 2758 906 ὅτι
2810 848 2896 927 τῷ
2951 846 3118 905 τοῦτο

618 949 961 1012 ὑποκεῖσθαι
1046 949 1245 1016 ἁπλῶς
1320 948 1644 1028 ἀναγκαίως
1721 945 1960 1010 ἔσεσθαι
2045 948 2232 1031 τούτῳ
2310 947 2529 1029 ἀληθὲς
2602 946 2844 1029 ἐγίνετο,
2929 946 2982 1008 εἰ
3053 947 3118 1008 τὸ
3145 960 3203 1001 8⁰

609 1056 838 1136 πρῶτον
895 1050 955 1119 ἐξ
999 1052 1281 1133 ἀνάγκης,
1342 1052 1438 1114 καὶ
1493 1052 1559 1114 τὸ
1606 1052 1873 1135 ὕστερον,
1927 1050 2032 1133 τὴν
2085 1051 2148 1113 δὲ
2192 1050 2345 1127 ἄνω,
2399 1050 2486 1113 ὅτι
2541 1050 2693 1113 οὕτω
2740 1049 3119 1132 δυνησόμεθα

612 1155 811 1239 λαβεῖν
856 1155 921 1215 τὸ
968 1154 1021 1215 εἰ
1064 1155 1129 1216 τὸ
1176 1156 1406 1237 πρῶτον
1453 1153 1516 1215 τὸ
1564 1154 1815 1237 ὕστερον.
1869 1151 1875 1237 Ι

608 1394 839 1458 XXIII.
932 1393 1095 1477 Περὶ
1140 1398 1260 1476 τῆς
1298 1389 1713 1476 Ἡρακλείας
1755 1390 1987 1468 λίθου,
2033 1392 2146 1454 διὰ
2191 1394 2260 1455 τί
2296 1392 2488 1455 ἕλκει
2533 1395 2646 1456 τὸν
2693 1394 3000 1477 σίδηρον.
3130 1392 3225 1449 136

509 1588 571 1633 10
750 1563 1239 1647 Ἐμπεδοκλῆς
1286 1564 1388 1645 μὲν
1420 1568 1543 1631 ταῖς
1575 1563 1911 1647 ἀπορροίαις
1939 1566 2065 1631 ταῖς
2095 1560 2196 1626 ἀπ’
2233 1564 2579 1649 ἀμφοτέρων
2625 1565 2720 1628 καὶ
2765 1569 2883 1633 τοῖς
2926 1562 3124 1646 πόροις

608 1672 727 1737 τοῖς
771 1674 873 1751 τῆς
919 1668 1083 1729 λίθου
1131 1666 1480 1751 συμμέτροις
1534 1663 1692 1730 οὖσιν
1737 1669 1862 1735 ταῖς
1907 1667 2023 1728 ἀπὸ
2079 1670 2182 1729 τοῦ
2235 1669 2472 1751 σιδήρου
2531 1668 2626 1731 τὸν
2680 1667 2914 1751 σίδηρον
2957 1666 3120 1749 φέρε·
3173 1680 3202 1721 ὃ

609 1772 748 1833 σθαι
793 1770 947 1852 λέγει
994 1770 1139 1853 πρὸς
1182 1771 1284 1852 τὴν
1318 1768 1508 1831 λίθον·
1558 1769 1616 1829 αἱ
1664 1768 1767 1850 μὲν
1814 1768 1922 1852 γὰρ
1954 1770 2160 1832 τούτου
2209 1768 2513 1855 ἀπόρροιαι
2557 1772 2654 1833 τὸν
2695 1770 2840 1853 ἀέρα
2883 1770 2979 1831 τὸν
3025 1768 3122 1830 ἐπὶ

618 1879 737 1943 τοῖς
780 1878 880 1936 τοῦ
930 1873 1167 1956 σιδήρου
1213 1871 1411 1957 πόροις
1458 1871 1773 1934 ἀπωθοϋσί
1820 1896 1884 1935 τε
1927 1873 2025 1934 καὶ
2068 1877 2286 1935 κινοῦσι
2331 1875 2430 1935 τὸν
2475 1872 2984 1957 ἐπιπωματίζοντα
3025 1870 3122 1933 αὐ-

610 1976 772 2044 τούς·
822 1976 1027 2038 τούτου
1074 1977 1137 2039 δὲ
1167 1974 1565 2060 χωρισθέντος
1610 1974 1800 2058 ἀθρόᾳ
1833 1975 2116 2059 ἀπορροίᾳ
2165 1975 2380 2059 ῥεούσῃ
2425 1978 2522 2039 τὸν
2566 1977 2796 2061 σίδηρον
2843 1974 3120 2038 ἕπεσθαι·
3151 1989 3206 2031 ιο

508 2100 567 2147 15
608 2080 942 2163 φερομένων
998 2080 1063 2140 δὲ
1114 2082 1231 2139 τῶν
1279 2075 1383 2140 ἀπ’
1439 2076 1619 2140 αὐτοῦ
1668 2078 1995 2162 ἀπορροιῶν
2053 2078 2148 2141 ἐπὶ
2201 2080 2334 2149 τοὺς
2383 2086 2488 2163 τῆς
2529 2080 2696 2141 λίθου
2754 2080 2986 2163 πόρους,
3029 2076 3124 2140 διὰ

610 2183 675 2243 τὸ
722 2182 1085 2266 συμμέτρους
1139 2204 1203 2243 τε
1256 2180 1450 2250 αὐτοῖς
1502 2180 1649 2243 εἶναι
1703 2182 1799 2244 καὶ
1857 2180 2194 2263 ἐναρμόζειν
2250 2184 2344 2244 καὶ
2401 2183 2498 2244 τὸν
2553 2183 2784 2267 σίδηρον
2842 2182 2942 2245 σὺν
2995 2183 3122 2247 ταῖς

611 2285 943 2369 ἀπορροίαις
997 2284 1247 2348 ἕπεσθαί
1288 2306 1351 2346 τε
1406 2284 1499 2347 καὶ
1554 2284 1857 2367 φέρεσθαι.
1949 2284 2296 2368 ἐπιζητῆσαι
2351 2284 2402 2347 δ’
2456 2285 2526 2348 ἄν
2581 2309 2692 2361 τις,
2747 2286 2799 2347 εἰ
2857 2285 2952 2347 καὶ
2998 2304 3124 2365 συγ·
3152 2298 3204 2340 1⁵

611 2388 916 2472 χωρηθείη
970 2389 1035 2450 τὸ
1090 2392 1206 2451 τῶν
1260 2387 1618 2469 ἀπορροιῶν,
1677 2386 1736 2448 τί
1784 2386 2004 2469 δήποτε
2056 2390 2094 2471 ἡ
2150 2390 2313 2456 λίθος
2368 2388 2482 2473 οὐχ
2537 2388 2737 2451 ἕπεται
2791 2393 2913 2455 ταῖς
2957 2386 3124 2455 ἰδίαις

613 2491 964 2575 ἀπορροίαις,
1012 2494 1248 2553 κινεῖται
1292 2491 1356 2552 δὲ
1404 2490 1545 2573 πρὸς
1592 2490 1688 2551 τὸν
1736 2489 1988 2573 σίδηρον.
2073 2490 2239 2553 οὐδὲν
2285 2492 2391 2573 γὰρ
2439 2494 2656 2573 μᾶλλον
2701 2490 2770 2553 ἐκ
2813 2494 2928 2551 τῶν
2974 2490 3125 2571 εἰρη-

505 2614 571 2660 20
614 2593 801 2676 μένων
847 2595 883 2675 ἣ
932 2595 1094 2662 λίθος
1139 2594 1282 2677 πρὸς
1328 2594 1424 2655 τὸν
1474 2592 1706 2675 σίδηρον
1754 2593 1791 2675 ἢ
1840 2592 1872 2654 ὁ
1905 2592 2138 2675 σίδηρος
2179 2594 2556 2677 κινηθήσεται
2602 2594 2745 2675 πρὸς
2788 2593 2893 2676 τὴν
2937 2592 3118 2654 λίθον.

613 2695 699 2759 ἔτι
746 2698 837 2759 διὰ
885 2697 938 2759 τί
982 2697 1047 2759 οὐ
1096 2698 1189 2759 καὶ
1234 2696 1419 2780 χωρὶς
1462 2701 1565 2778 τῆς
1622 2696 1787 2757 λίθου
1832 2695 2214 2778 κινηθήσεταί
2263 2719 2402 2757 ποτε
2447 2697 2678 2779 σίδηρος
2730 2695 2824 2759 ἐπ’
2881 2695 3024 2758 ἄλλο
3070 2710 3205 2759 uzo

616 2804 729 2862 τῶν
785 2797 884 2862 ἀπ’
942 2798 1119 2861 αὐτοῦ
1177 2799 1504 2881 ἀπορροιῶν
1552 2796 1786 2881 ἀθρόων
1841 2798 2197 2883 φερομένων.
2289 2798 2382 2859 διὰ
2427 2799 2484 2860 τί
2522 2798 2628 2881 γὰρ
2682 2798 2850 2880 μόναι
2893 2800 2954 2861 αἱ
2997 2800 3115 2861 ἀπὸ

612 2908 718 2987 τῆς
762 2903 929 2965 λίθου
976 2901 1280 2985 ἀπόρροιαι
1324 2904 1498 2963 κινεῖν
1554 2900 1820 2963 δύνανται
1863 2902 1960 2963 τὸν
2007 2901 2507 2984 ἐπιπωματίζοντα
2553 2902 2687 2970 τοὺς
2731 2906 2832 2963 τοῦ
2879 2903 3116 2985 σιδήρου

612 3006 829 3089 πόρους
874 3005 1019 3088 ἀέρα
1063 3006 1157 3066 καὶ
1190 3003 1479 3088 ἐπέχοντα
1523 3004 1625 3073 τὰς
1666 3004 2005 3087 ἀπορροίας;
2053 3000 2136 3065 ἔτι
2183 3002 2276 3065 διὰ
2318 3004 2377 3065 τί
2403 3002 2547 3066 ἄλλο
2593 3004 2759 3067 οὐδὲν
2805 3004 2949 3088 πρὸς
2979 3005 3122 3069 ἄλλο
3149 3020 3205 3062 25

511 3130 575 3178 25
616 3134 666 3172 τι
712 3110 866 3172 οὕτω
897 3109 1151 3192 φέρεται,
1198 3108 1383 3169 καίτοι
1429 3104 1617 3169 πολλὰ
1648 3107 1874 3189 λέγεται
1919 3104 2016 3169 ὑπ’
2061 3106 2241 3169 αὐτοῦ
2286 3106 2651 3191 συμμέτρους
2695 3108 2828 3175 τοὺς
2859 3106 3093 3191 πόΙρους
3137 3114 3233 3172 137

615 3213 758 3296 πρὸς
810 3212 1067 3293 ἀλλήλας
1119 3216 1243 3278 ταῖς
1301 3210 1638 3294 ἀπορροίαις
1692 3206 1879 3294 ἔχεινς
1947 3208 2100 3291 λέγει
2155 3212 2290 3290 γοῦν
2343 3208 2532 3293 Ἥδωρ
2586 3208 2726 3295 οἴνῳ
2773 3213 2989 3291 μᾶλλον
3044 3209 3126 3271 ἐν·

615 3316 904 3400 αρίθμιον,
952 3314 1133 3397 αὐτὰρ
1177 3313 1355 3397 ἐλαίῳ
1398 3312 1507 3375 οὐκ
1538 3310 1782 3375 ἐθέλει’.
1871 3310 1986 3374 ἀλλ’
2031 3312 2098 3375 οὐ
2130 3312 2364 3396 φέρεται
2393 3312 2611 3375 τούτων
2643 3313 2942 3397 οὐδέτερον
2987 3314 3129 3397 πρὸς

616 3418 830 3501 ἕτερον.
906 3417 937 3479 ὃ
971 3415 1413 3501 Δημόκριτος
1459 3417 1522 3478 δὲ
1568 3416 1663 3477 καὶ
1709 3414 1884 3483 αὐτὸς
1915 3416 2228 3499 ἀπορροίας
2259 3439 2318 3477 τε
2363 3416 2621 3497 γίνεσθαι
2665 3418 2884 3481 τίθεται
2913 3418 3010 3480 καὶ
3055 3418 3126 3480 τὰ
3181 3434 3211 3476 5

620 3521 793 3602 ὅμοια
836 3519 1119 3603 φέρεσθαι
1176 3521 1317 3604 πρὸς
1370 3520 1440 3581 τὰ
1487 3518 1691 3600 ὅμοια,
1749 3520 1897 3581 ἀλλὰ
1949 3520 2042 3582 καὶ
2092 3520 2172 3588 εἰς
2224 3522 2290 3582 τὸ
2347 3520 2536 3582 κοινὸν
2591 3520 2778 3582 πάντα
2869 3521 3123 3604 έρεσθαι.

517 3644 583 3693 30
622 3622 793 3687 ταῦθ’
851 3623 1211 3703 ὑποθέμενος
1256 3624 1535 3707 λαμβάνει
1580 3624 1645 3685 τὸ
1692 3623 1795 3705 τὴν
1842 3622 2006 3686 λίθον
2061 3624 2156 3685 καὶ
2201 3624 2299 3685 τὸν
2355 3623 2587 3706 σίδηρον
2633 3623 2690 3691 ἐξ
2737 3624 2955 3705 ὁμοίων
3002 3624 3128 3687 ἀτό-

622 3752 745 3812 μων
792 3727 1152 3809 συγκεῖσθαι,
1198 3726 1559 3810 λεπτοτέρων
1608 3726 1673 3789 δὲ
1716 3727 1821 3809 τὴν
1868 3726 2031 3787 λίθον
2062 3727 2158 3788 καὶ
2201 3726 2246 3809 †
2277 3726 2362 3788 ὅτι
2394 3725 2538 3789 εἶναι
2569 3726 2910 3811 ἀραιοτέραν
2941 3750 3002 3791 τε
3032 3728 3128 3791 καὶ
3158 3745 3213 3788 1⁰

623 3830 1096 3913 πολυκενωτέραν
1151 3830 1331 3912 αὐτὴν
1387 3829 1560 3909 εἶναι,
1618 3831 1715 3892 καὶ
1770 3829 1864 3892 διὰ
1919 3826 2072 3891 τοῦτ’
2131 3828 2566 3913 εὐκινητοτέραν
2623 3831 2830 3893 θᾶττον
2885 3831 2982 3894 ἐπὶ
3027 3833 3124 3895 τὸν

522 4092 540 4141 1
586 4085 633 4140 δ’
674 4087 809 4159 εἴπερ
855 4086 991 4139 ἔσται
1028 4088 1161 4139 Vict.
1204 4088 1359 4139 Arist.
1398 4088 1513 4154 Spa
1569 4086 1623 4139 δὲ
1660 4084 1897 4156 περεσθαι
1944 4088 2019 4139 sic
2058 4091 2120 4139 V:
2177 4085 2230 4138 δέ
2267 4105 2356 4156 περ
2395 4084 2537 4139 εσθαι
2575 4088 2648 4139 sic
2683 4090 2756 4139 B:
2815 4087 2866 4140 δέ
2909 4105 3002 4159 περ
3039 4088 3238 4143 ἔσεσθαι

518 4178 602 4231 S¹z
642 4173 691 4229 δ’
732 4175 866 4245 εἴπερ
905 4173 1044 4228 ἔσθαι
1077 4174 1171 4227 13²:
1210 4171 1258 4226 δ’
1299 4174 1557 4245 ἐπερέσθαι
1596 4179 1708 4228 GF:
1756 4171 1805 4226 δ’
1846 4174 1978 4245 εἴπερ
2016 4172 2211 4226 ἔσεσθαι
2248 4176 2343 4227 S²a
2539 4174 2570 4225 2
2610 4176 2753 4227 κάτω
2793 4175 2864 4232 ὡς
2899 4176 2979 4228 ἐπὶ
3002 4177 3132 4228 vict.
3171 4194 3239 4229 ex

520 4268 679 4318 Arist.
720 4264 855 4330 vulg.
1036 4264 1066 4313 2
1105 4262 1503 4331 διαλαμβάνομεν
1543 4263 1677 4314 vict.
1716 4263 1779 4315 cf.
1822 4264 1980 4314 Arist.
2019 4262 2159 4329 vulg.
2360 4262 2392 4313 4
2439 4261 2556 4332 (μὴ)
2597 4263 2722 4315 εἶναι
2765 4266 2896 4317 coni.
2943 4264 3032 4331 Sp.

520 4354 551 4403 6
603 4350 792 4420 τοὺτῳ]
837 4354 986 4402 τοῦτο
1031 4351 1165 4402 coni.
1204 4350 1293 4417 Sp.
1542 4350 1643 4413 (τὸ)
1686 4350 1728 4401 εἰ
1771 4350 2026 4401 Schwartz
2279 4348 2308 4399 7
2357 4348 2463 4399 ἄνω
2507 4350 2578 4419 μὴ
2627 4348 2702 4401 ὅτι
2749 4352 2880 4403 vict.
2935 4360 2992 4403 ut
3035 4352 3240 4405 videtur

521 4442 609 4505 Sp.
828 4439 885 4489 11
949 4442 1039 4507 τῆς
1088 4454 1185 4490 om.
1226 4455 1256 4490 a
1290 4440 1377 4505 Sp.
1616 4438 1747 4505 ταῖς]
1793 4434 1896 4495 τοῖς
1943 4436 2126 4489 Β“·’8’·ἀ
2167 4438 2256 4501 Sp.
2463 4438 2524 4489 12
2579 4437 2782 4507 τοὺτου]
2832 4438 3018 4512 ταυτης
3057 4440 3242 4493 B²s²a

522 4530 611 4593 Sp.
804 4524 869 4576 22
908 4526 1062 4577 αὑτοῦ
1090 4524 1254 4578 B²S²a
1290 4526 1406 4593 Sp.:
1446 4525 1600 4595 αὐτῆς
1641 4528 1745 4594 ν(ῆ
1785 4531 1977 4593 puncto
2019 4524 2462 4589 notatum>GB¹S¹
2677 4528 2742 4577 26
2779 4526 2908 4596 λέγει
2933 4528 3046 4596 Sp.:
3085 4526 3242 4596 λέγεις

523 4613 641 4664 libri
682 4611 768 4678 (cf.
811 4628 856 4662 v.
883 4612 985 4664 284
1011 4612 1109 4679 St.)
1341 4614 1407 4665 28
1464 4613 1517 4665 δὲ
1563 4630 1612 4664 v·
1650 4630 1693 4664 e.
1734 4618 1779 4665 V
1818 4614 1932 4679 Sp.:
1990 4630 2044 4664 τε
2082 4614 2276 4665 V'GSa
2510 4612 2576 4665 29
2633 4614 2779 4667 κενὸν
2819 4616 2958 4667 Diels

526 4699 594 4749 30
642 4698 885 4767 λαμβάνει
923 4699 1035 4767 Sp.:
1085 4698 1353 4769 λαμβάνειν
1398 4700 1516 4753 libri
1732 4700 1819 4752 τὸν
1861 4716 1898 4751 s.
1939 4716 1986 4751 ν.
2024 4704 2072 4751 V
2271 4699 2330 4751 31
2375 4699 2672 4771 λεπτοτέραν
2711 4704 2845 4755 coni.
2883 4702 2970 4771 Sp.

530 4787 615 4836 καὶ
652 4785 726 4838 ὅτι
765 4786 888 4839 εἶναι
926 4788 1133 4840 vs¹B¹:
1192 4788 1277 4839 καὶ
1313 4794 1389 4841 τῶ
1436 4788 1561 4841 εἶναί
1596 4788 1688 4841 13²:
1746 4790 1831 4840 καὶ
1869 4788 1928 4839 τὸ
1965 4788 2084 4840 εἶναι
2121 4787 2240 4840 δ”)ειε
2299 4788 2420 4841 εἶναι
2459 4790 2545 4841 καὶ
2593 4790 2728 4841 coni.
2767 4789 2881 4858 Sp.:
2929 4793 3014 4843 καὶ
3049 4790 3242 4844 ἐκείνου

533 4872 673 4927 Diels
886 4874 951 4927 32
991 4876 1209 4930 fortasse
1246 4874 1599 4949 εὐκινητότερα
1812 4873 2020 4945 θᾶττον]
2058 4875 2250 4943 τᾶτομα
2287 4876 2429 4928 Diels
