3684 5567
486 204 570 273 88
1458 198 1766 259 ΑΠΟΡΙΩΝ
1804 198 1926 256 ΚΑΙ
1963 197 2226 255 ΛΥΣΕΩΝ

594 374 758 443 θείας
817 375 1131 458 γινομένων
1197 376 1327 459 ἤτοι
1392 372 1483 437 ἐπ’
1549 374 1783 457 ἄπειρον
1851 398 1904 435 τι
1963 374 2204 457 γίνεται,
2273 376 2355 441 ὡς
2421 374 2514 437 ἀεὶ
2579 372 2685 454 μέν
2747 396 2872 436 τινα
2935 372 3098 457 αὐτῷ

594 478 936 561 προσθήκην
968 478 1248 559 γίνεσθαι,
1296 478 1589 561 μηδέποτε
1636 475 1686 539 δ’
1728 476 1870 539 αὐτὸ
1903 477 2194 540 παὺεσθαι
2239 480 2341 539 τοῦ
2384 476 2641 558 γίνεσθαι
2687 474 3016 549 τελειωθέν,
3061 473 3100 557 ἢ
3155 490 3184 532 ι

594 578 781 647 οὕτως
825 578 915 642 ἐπ’
958 578 1193 664 ἄπειρον
1238 580 1465 663 γίνεται,
1513 582 1594 647 ὡς
1640 576 1785 641 ἄλλο
1832 578 1893 648 ἐξ
1934 578 2114 643 ἄλλου
2160 580 2420 661 γίνεσθαι
2464 580 2560 642 καὶ
2607 576 2900 662 μηδέποτε
2945 577 3100 641 ἵστα-

595 681 765 756 σθαι,
818 682 856 765 ἢ
904 683 1085 767 πέρας
1127 706 1189 745 τε
1232 683 1516 767 λαμβάνει
1564 682 1657 745 καὶ
1704 682 1956 745 παύεταί
1995 706 2134 744 ποτε
2177 682 2492 765 γινόμενον.
2585 679 2718 743 οὔτε
2765 681 2830 743 δὲ
2874 679 2935 742 ἐν
2982 686 3099 749 τοῖς

526 802 557 851 5
595 781 687 844 ἐπ’
729 780 963 869 ἄπειρον
994 784 1311 867 γινομένοις
1354 790 1471 846 τῶν
1516 781 1607 846 ἐπ’
1648 782 1882 852 εὐθείας
1927 782 2049 847 οἷόν
2089 807 2152 846 τε
2182 785 2440 866 γίνεσθαι
2486 782 2544 852 ἐξ
2577 783 2832 865 ἀνάγκης
2876 783 3096 855 ἁπλῶς,

593 883 727 948 οὔτε
774 886 834 948 ἐν
866 892 985 955 τοῖς
1016 886 1194 971 πέρας
1224 885 1481 970 ἔχουσιν,
1524 888 1613 949 διὸ
1644 888 1710 949 τὸ
1741 885 1803 955 ἐξ
1849 886 2102 969 ἀνάγκης
2144 884 2438 968 γινόμενον
2470 885 2653 953 οὕτως
2689 884 2923 966 γίνεται,
2969 884 3103 967 (ὡς)
3131 900 3184 942 ιο

594 988 631 1070 ἢ
679 987 773 1050 διὰ
817 990 883 1051 τὸ
927 988 1219 1071 γινόμενον
1265 989 1466 1051 λοιπὸν
1514 988 1693 1051 ἀίδιον
1747 988 1957 1069 μένειν,
2003 988 2042 1070 ἢ
2089 987 2182 1051 διὰ
2227 987 2292 1049 τὸ
2339 987 2430 1049 ἀεὶ
2475 987 2751 1069 γίνεσθαι.
2825 986 2991 1049 οὐδὲν
3037 988 3103 1049 δὲ

593 1095 710 1152 τῶν
754 1090 1069 1173 γινομένων
1115 1089 1250 1152 οὔτε
1301 1090 1606 1172 γενόμενον
1651 1090 1831 1153 ἀίδιον
1882 1089 2069 1172 μένειν
2115 1088 2236 1152 οἷόν
2283 1112 2365 1165 τε,
2419 1086 2538 1152 οὔτ’
2596 1087 2690 1150 ἐπ’
2745 1088 2980 1171 ἄπειρον
3027 1090 3102 1171 γί-

594 1213 769 1255 νεται.
838 1194 1002 1257 πᾶσά
1046 1216 1107 1255 τε
1145 1191 1255 1276 γὰρ
1300 1190 1517 1273 γένεσις
1548 1192 1978 1275 πεπερασμένη,
2025 1195 2122 1255 καὶ
2169 1191 2314 1273 μετὰ
2355 1193 2420 1254 τὸ
2451 1187 2757 1273 γενόμενον
2803 1190 3098 1275 φθαρῆναι
3131 1208 3182 1249 15

492 1312 555 1359 10
592 1290 779 1356 οὐκέτ’
836 1294 1198 1377 ἀνακάμπτει
1253 1293 1391 1357 οὐδὲ
1441 1294 1653 1375 γίνεται
1720 1295 1910 1355 πάλιν.
2010 1298 2234 1357 τοιοῦτο
2298 1291 2407 1377 γὰρ
2453 1292 2524 1377 ἦν
2579 1294 2646 1355 τὸ
2697 1292 2791 1355 ἐπ’
2846 1294 3099 1365 εὐθείας,

594 1395 749 1458 ὥστε
792 1395 958 1459 οὐδὲν
1003 1401 1119 1459 τῶν
1166 1394 1259 1460 ἐπ’
1316 1394 1550 1464 εὐθείας
1592 1396 1909 1479 γινομένων
1965 1394 2421 1479 πεπερασμένως
2466 1394 2524 1463 ἐξ
2571 1396 2824 1478 ἀνάγκης
2868 1394 2990 1458 οἶόν
3035 1418 3097 1457 τε

593 1497 777 1579 λέγειν
820 1499 1098 1581 γίνεσθαι.
1181 1498 1253 1560 τὰ
1298 1499 1403 1579 μὲν
1446 1498 1558 1582 γὰρ
1602 1497 1876 1581 γινόμενά
1919 1498 2040 1561 ἐστι
2085 1497 2157 1560 τὰ
2200 1497 2557 1574 καθέκαστα,
2603 1497 2636 1559 ὁ
2681 1496 3020 1582 Σωκράτης,
3063 1498 3182 1578 ὁεο

592 1598 867 1674 Πλάτων,
924 1600 1023 1663 ὅδε
1066 1600 1263 1669 ἵππος·
1321 1600 1539 1664 τούτων
1586 1600 1699 1685 οὐχ
1744 1600 1866 1662 οἷόν
1919 1623 1984 1662 τε
2029 1600 2201 1662 πάλιν
2256 1602 2648 1683 ἀνακάμπτειν
2703 1601 2798 1662 καὶ
2841 1600 3096 1683 γίνεσθαι

592 1703 779 1765 πάλιν.
868 1702 921 1765 εἰ
964 1702 1072 1785 γὰρ
1118 1701 1190 1785 ἧν
1234 1726 1287 1767 τι
1332 1702 1548 1765 τούτων
1580 1702 1641 1772 ἐξ
1686 1703 1942 1787 ἀνάγκης
1987 1702 2104 1783 [τὸ]
2150 1702 2464 1785 γινόμενον,
2512 1702 2733 1786 ἀληθὲς
2765 1702 2856 1765 ἐπ’
2899 1702 3091 1765 αὐτῶν

492 1824 551 1871 15
592 1804 689 1866 καὶ
732 1806 797 1867 τὸ
838 1803 918 1866 *εἰ
961 1805 1027 1866 τὸ
1072 1809 1325 1887 πρῶτον,
1372 1804 1436 1866 τὸ
1484 1803 1770 1888 δστερον’.
1847 1808 1945 1867 νῦν
1991 1802 2042 1866 δ’
2085 1804 2200 1888 οὐχ
2231 1805 2416 1873 οὕτως
2455 1804 2603 1889 ἔχει.
2693 1804 2840 1867 κατὰ
2881 1805 2991 1888 γὰρ
3036 1806 3100 1867 τὸ
3127 1820 3182 1862 25

588 1905 741 1975 εἶδος
784 1906 855 1969 τὰ
901 1910 1135 1970 τοιαῦτα
1178 1906 1433 2004 διαμένει
1484 1904 1683 1991 ἀίΙὸια,
1740 1905 1771 1967 ὃ
1818 1904 1927 1967 οὐκ
1969 1902 2092 1969 ἔστι
2135 1905 2470 1987 γενόμενον,
2525 1904 2597 1989 ἧν
2645 1906 2710 1969 δὲ
2752 1907 2818 1969 τὸ
2866 1906 3064 1989 ζητού·
3111 1914 3205 1969 1117

589 2030 756 2092 μενον
810 2010 940 2091 περὶ
994 2012 1111 2071 τῶν
1166 2009 1503 2093 γινομένων.
1594 2009 1644 2071 εἰ
1697 2009 1763 2071 δὲ
1814 2008 1912 2071 καὶ
1967 2010 2021 2071 οἱ
2075 2007 2378 2089 ἅνθρωποι
2439 2008 2530 2071 ἀεὶ
2583 2009 2828 2090 γίνονται
2883 2012 2977 2072 καὶ
3029 2009 3097 2072 οὐ

588 2109 1003 2185 διαλείπουσιν,
1061 2110 1210 2173 ἀλλὰ
1254 2110 1453 2195 κὺκλῳ
1509 2112 1604 2173 καὶ
1656 2112 1694 2193 ἡ
1742 2110 1962 2173 τούτων
2015 2109 2258 2191 γένεσις,
2317 2111 2468 2173 καθὸ
2513 2109 2816 2194 ἅνθρωποι
2871 2110 2938 2173 ἂν
2985 2110 3098 2174 εἷεν

586 2212 647 2281 ἐξ
692 2214 945 2296 ἀνάγκης
988 2211 1293 2295 γινόμενοι,
1339 2232 1379 2271 -κ-
1425 2213 1576 2275 καθὸ
1623 2214 1655 2275 ὁ
1689 2212 1792 2294 μὲν
1820 2212 2086 2286 Πλάτων,
2133 2213 2165 2273 ὑ
2199 2212 2263 2273 δὲ
2287 2210 2621 2296 Σωκράτης.
2712 2213 2749 2296 ἢ
2797 2214 2836 2295 ἡ
2883 2212 3099 2277 τούτων
3152 2230 3180 2273 5

484 2334 552 2381 20
588 2314 807 2397 γένεσις
861 2313 954 2378 ἐπ’
1011 2314 1246 2399 ἄπειρον
1300 2311 1391 2377 ἐπ’
1450 2314 1684 2383 εὐθείας
1737 2314 1892 2378 ἐστὶν
1939 2312 2148 2377 ἄλλοτε
2205 2313 2384 2376 ἄλλου
2431 2316 2729 2397 γινομένου
2787 2318 2878 2378 καὶ
2926 2317 3096 2399 μηδέ-

586 2439 727 2480 ποτε
770 2414 856 2481 ἔτι
897 2421 999 2480 τοῦ
1045 2417 1243 2480 αὐτοῦ.
1312 2418 1400 2479 διὸ
1444 2418 1539 2479 ἐπὶ
1584 2418 1785 2481 τούτου
1834 2418 1938 2498 μὲν
1985 2420 2024 2500 ἡ
2071 2417 2390 2479 ἀκολουθία
2435 2418 2596 2499 ὑγιὴς
2642 2414 2800 2500 {sel
2833 2420 2898 2481 τὸ
2941 2421 3098 2483 ὕστε-

586 2543 705 2603 ρον,
752 2519 812 2588 ἐξ
857 2520 1112 2602 ἀνάγκης
1151 2520 1342 2583 καὶτὸ
1374 2519 1655 2603 πρῶτον’.
1724 2518 1811 2582 ὅτι
1857 2518 1975 2604 <δὲ>
2023 2518 2157 2604 μηδ’
2201 2517 2294 2582 ἐπ’
2337 2518 2572 2603 ἄπειρον
2618 2518 2797 2603 οὔσης
2841 2526 2946 2604 τῆς
2991 2521 3084 2585 ἐπ’
3129 2540 3180 2581 ιι)

586 2620 819 2690 εὐθείας
862 2621 1143 2704 γενέσεως
1192 2622 1295 2704 [εἰ]
1341 2620 1464 2684 οἷόν
1511 2622 1573 2685 τέ
1618 2645 1669 2684 τι
1713 2622 1772 2691 ἐξ
1819 2623 2074 2705 ἀνάγκης
2117 2623 2408 2705 γίνεσθαι,
2455 2619 2665 2691 ἔδειξεν
2712 2622 2807 2685 διὰ
2853 2628 2952 2687 τοῦ
2999 2624 3094 2687 ἐπὶ

583 2728 699 2787 τῶν
746 2724 805 2794 ἐξ
858 2724 1112 2810 ἀνάγκης
1164 2725 1491 2809 γενομένων
1538 2726 1737 2809 ἀληθῆ
1796 2724 2149 2789 ἀκολουθίαν
2204 2722 2350 2786 εἶναι
2411 2724 2478 2786 οὐ
2527 2724 2698 2805 μόνον
2753 2727 2857 2809 τὴν
2901 2726 2986 2789 (εἰ
3028 2728 3094 2789 τὸ

479 2848 544 2896 25
586 2827 844 2912 ὕστερον,
889 2829 987 2891 καὶ
1031 2828 1097 2891 τὸ
1130 2826 1381 2913 πρῶτον’
1424 2828 1601 2909 (αὕτη
1650 2828 1753 2909 μὲν
1797 2830 1906 2911 γὰρ
1942 2828 2035 2889 καὶ
2067 2826 2163 2889 ἐπὶ
2193 2832 2308 2890 τῶν
2342 2827 2744 2911 ἐνδεχομένως
2786 2830 3097 2912 γινομένων

591 2929 877 3015 ἀληθής),
934 2928 1029 3014 ἐφ’
1085 2931 1168 2993 ὧν
1215 2928 1267 2994 δ’
1325 2928 1385 2998 ἐξ
1430 2930 1682 3013 ἀνάγκης
1734 2953 1785 2991 τι
1831 2935 1947 2992 τῶν
1994 2930 2250 3013 ὑστέρων
2297 2930 2501 2997 ἁπλῶς
2543 2930 2782 3011 γίνεται,
2837 2932 2932 2993 ἐπὶ
2977 2932 3099 2994 τοὺ·
3129 2948 3182 2991 15

589 3056 706 3097 των
752 3033 973 3116 ἀληθὲς
1016 3034 1111 3095 καὶ
1156 3033 1221 3095 τὸ
1260 3031 1343 3095 ξεἰ
1386 3033 1451 3094 τὸ
1481 3037 1731 3115 πρῶτον,
1776 3033 1841 3093 τὸ
1890 3028 2176 3114 ὕστερον’.
2252 3035 2340 3115 τῷ
2389 3032 2493 3113 μὲν
2523 3033 2632 3117 γὰρ
2663 3034 2723 3103 ἐξ
2753 3034 3004 3120 ἀνάγκης
3034 3036 3099 3098 τὸ

592 3135 826 3219 ὕστερον
870 3136 1163 3217 γενέσθαι,
1230 3136 1375 3199 εἶναι
1422 3134 1474 3199 δ’
1529 3135 1749 3216 ἀληθὲς
1794 3134 1891 3196 ἐπὶ
1937 3136 2167 3199 πάντων
2214 3140 2330 3197 τῶν
2380 3136 2694 3219 γινομένων
2739 3136 2857 3222 (τὸ)
2907 3135 2988 3199 ‘el
3031 3137 3097 3200 τὸ

589 3238 849 3322 ὕστερον,
898 3240 993 3301 καὶ
1024 3239 1089 3300 τὸ
1122 3243 1348 3322 πρῶτον
1382 3238 1604 3320 ἀνάγκη
1648 3235 1972 3318 γενέσθαι’,
2019 3238 2349 3319 ἀναγκαῖον,
2397 3236 2492 3322 ἐφ’
2530 3239 2612 3301 ὧν
2645 3239 2709 3301 τὸ
2757 3240 2992 3325 ὕστερον
3036 3242 3098 3312 ἐξ
3125 3257 3184 3299 9⁰

486 3360 554 3408 30
591 3341 844 3425 ἀνάγκης
889 3342 1127 3424 γίνεται,
1174 3342 1269 3403 ἐπὶ
1314 3340 1532 3404 τούτων
1578 3341 1676 3403 καὶ
1723 3342 1787 3403 τὸ
1833 3344 2064 3423 πρῶτον
2110 3339 2170 3409 ἐξ
2215 3340 2469 3423 ἀνάγκης
2514 3340 2804 3423 γενέσθαι.
2895 3344 2991 3407 ἐπὶ
3035 3346 3100 3408 δὲ

589 3448 691 3507 τοῦ
738 3441 827 3507 ἐπ’
886 3444 1121 3526 ἄπειρον
1175 3443 1477 3525 γινομένου
1532 3442 1697 3505 οὐδέν
1744 3444 1897 3507 ἐστιν
1954 3442 2220 3525 ὕστερον,
2275 3441 2370 3526 ἐφ’
2427 3442 2493 3505 οὐ
2548 3441 2708 3506 ἔσται
2763 3445 2982 3527 ἀληθὲς
3035 3448 3099 3508 τὸ

593 3545 653 3615 ἐξ
684 3546 939 3630 ἀνάγκης
982 3546 1123 3609 αὐτὸ
1156 3547 1359 3615 ἁπλῶς
1389 3544 1691 3627 ἐσόμενον·
1739 3546 1823 3614 οἷς
1871 3546 1936 3607 δὲ
1979 3546 2046 3607 τὸ
2088 3546 2324 3629 ὕστερον
2373 3548 2455 3629 μὴ
2501 3544 2562 3613 ἐξ
2595 3547 2846 3629 ἀνάγκης
2879 3549 3099 3623 ἁπλῶς,
3127 3562 3183 3604 25

593 3648 689 3711 ἐπὶ
736 3649 952 3713 τούτων
998 3648 1135 3712 οὐδὲ
1178 3649 1243 3710 τὸ
1278 3650 1388 3731 πρὸ
1436 3652 1535 3710 τοῦ
1577 3648 1821 3732 ὑστέρου
1875 3645 1880 3733 Ι
1931 3647 2052 3710 οἷόν
2097 3671 2161 3710 τε
2205 3646 2389 3731 λέγειν
2437 3648 2497 3717 ἐξ
2543 3649 2795 3732 ἀνάγκης
2826 3647 3064 3713 ἔσεσθαι
3109 3658 3205 3713 168

593 3752 814 3821 ἁπλῶς.
902 3751 969 3813 τὸ
1014 3751 1121 3834 γὰρ
1166 3751 1473 3834 ἀναγκαῖον
1520 3758 1638 3820 τοῖς
1682 3753 1793 3835 πρὸ
1840 3756 1942 3813 τοῦ
1989 3752 2234 3834 ὑστέρου
2281 3752 2439 3834 παρὰ
2483 3755 2586 3813 τοῦ
2632 3752 2903 3835 ὑστέρου,
2959 3752 3095 3817 ὅταν

490 3873 555 3923 35
595 3854 657 3925 ἐξ
702 3854 956 3936 ἀνάγκης
998 3852 1187 3917 ἐκεῖνο
1231 3855 1471 3937 γίνηται,
1528 3855 1774 3937 μηδενὸς
1819 3854 1885 3917 δὲ
1930 3852 2093 3923 ὄντος
2148 3853 2411 3938 ὑστέρου,
2457 3853 2554 3917 ἐπὶ
2598 3860 2714 3917 τῶν
2760 3855 2914 3917 οὕτω
2957 3877 3102 3937 γινο-

595 3956 784 4040 μένων
838 3954 960 4018 οὐδ’
1016 3954 1085 4018 ἂν
1139 3960 1256 4019 τῶν
1311 3959 1561 4041 πρώτων
1613 3980 1667 4019 τι
1709 3955 2027 4039 γινομένων
2085 3956 2146 4020 ἐν
2200 3957 2395 4027 αὐτοῖς
2448 3958 2656 4039 γίνοιτο
2713 3956 2772 4025 ἐξ
2826 3959 3101 4042 ἀνάγκης,
3155 3974 3184 4017 s

492 4268 515 4317 1
565 4282 614 4315 τι
648 4263 761 4333 Sp.:
819 4262 892 4314 ἔτι
928 4261 1049 4315 libri
1287 4262 1318 4313 5
1364 4262 1582 4314 fortasse
1618 4262 1671 4314 τέ
1711 4266 1800 4327 (τι)
2041 4264 2071 4315 6
2110 4263 2328 4315 fortasse
2365 4262 2490 4315 διότι
2725 4262 2796 4320 ὡς
2829 4264 3008 4317 addidi

487 4352 520 4403 8
564 4348 832 4420 γενόμενον
878 4348 1090 4415 scripsi:
1146 4350 1429 4417 γενομένων
1480 4350 1595 4401 libri
1816 4350 1879 4401 13
1937 4349 1962 4401 ὁ
2003 4348 2053 4401 δὲ
2091 4368 2122 4401 a
2353 4348 2570 4401 fortasse
2615 4350 2668 4401 τέ
2707 4354 2796 4413 <τι>
3034 4353 3095 4405 14
3150 4352 3209 4406 τὸ

488 4438 655 4489 delevi
866 4428 1229 4503 τὸ-ἀληθὲς]
1268 4433 1456 4505 ἀληθὲς
1492 4434 1549 4487 ἂν
1588 4434 1650 4503 ἠν
1690 4437 1825 4488 coni.
1867 4436 1953 4501 Sp.
2167 4435 2227 4487 19
2265 4434 2324 4487 οὐ
2363 4435 2493 4488 καθὸ
2531 4438 2668 4489 coni.
2707 4437 2795 4505 Sp.
2998 4438 3030 4507 ᾖ
3069 4440 3101 4509 ἠ
3139 4442 3213 4493 Sa

487 4524 601 4591 Sp.:
656 4524 690 4592 ἠ
747 4523 779 4591 ἡ
822 4525 939 4574 VB:
995 4522 1067 4590 μὴ
1114 4523 1145 4590 ἡ
1186 4526 1255 4575 G:
1312 4522 1344 4591 ἠ
1392 4522 1423 4589 ἡ
1460 4526 1501 4573 F
1701 4522 1759 4571 21
1822 4520 1894 4573 ἔτι
1931 4524 2044 4590 Sp.:
2100 4524 2179 4575 ἐπὶ
2214 4524 2334 4575 libri
2549 4522 2614 4575 22
2669 4522 2722 4576 δὲ
2761 4524 2876 4577 add.
2917 4526 3052 4578 vict.

490 4611 556 4663 23
596 4610 637 4663 εἰ
671 4609 767 4661 dol.
790 4608 877 4675 Sp.
1059 4607 1124 4659 25
1162 4606 1525 4679 ἐνδεχομένως]
1566 4608 1907 4679 ἐνδεχομένων
1944 4626 1976 4659 a
2153 4610 2220 4661 26
2259 4608 2476 4679 ἀληθής]
2517 4630 2578 4679 ης
2613 4612 2670 4663 in
2709 4612 2784 4663 lit.
2809 4616 2852 4663 V
3031 4612 3098 4666 27
3137 4616 3214 4684 τῷ·

488 4698 605 4765 Sp.:
662 4702 766 4747 τῶν
802 4696 919 4747 libri
1100 4714 1105 4723 ·
1138 4694 1205 4747 28
1240 4693 1300 4747 τὸ
1348 4696 1526 4748 addidi
1740 4695 1807 4746 32
1865 4696 2090 4765 ἀναγκησ
2130 4700 2173 4747 V
2389 4698 2456 4749 33
2494 4698 2552 4749 τὸ
2589 4698 2702 4766 Sp.:
2756 4698 2844 4750 τὸν
2881 4699 3002 4753 libri

490 4784 557 4837 35
592 4782 789 4853 γίνηται
826 4784 940 4849 Sp.:
980 4781 1163 4851 γίνοιτο
1200 4782 1316 4834 libri
1532 4782 1751 4836 fortasse
1790 4782 1997 4853 ὑστέρου
2031 4780 2107 4847 (ἐξ
2145 4784 2392 4854 ἀνάγκης)
