3684 5567
530 230 651 292 176
1408 226 1633 283 ΑΛΕΞΑ
1642 226 1865 283 ΝΔΡΟΥ
1914 226 2364 284 ΑΦΡΟΔΙΣΙΕΩΣ

630 398 923 479 γεγονότα.
1014 400 1079 461 τὸ
1126 400 1191 461 δὲ
1243 399 1643 484 ἐνδεχομένως
1700 402 1934 483 γεγονὸς
1987 398 2048 462 ἔν
2105 424 2211 463 τινι
2263 403 2358 463 καὶ
2407 402 2488 483 μὴ
2533 400 2825 482 γεγονέναι
2869 401 2930 463 ἐν
2975 400 3138 487 αὐτῷ
3179 409 3256 465 30

636 498 758 561 οἷόν
804 524 866 562 τε
912 500 1003 584 ἧν.
1092 498 1216 563 ἔστι
1262 502 1367 582 μὲν
1411 500 1521 585 γὰρ
1576 501 1820 565 ἕκαστον
1876 504 1974 564 καὶ
2026 503 2245 565 τούτων
2305 503 2366 564 ἐν
2421 498 2472 585 ᾧ
2533 502 2596 566 ὃν
2651 505 2940 586 τυγχάνει,
3001 502 3142 565 διότι

632 599 703 683 ἦν
748 602 809 663 ἐν
856 601 1089 686 θατέρῳ
1134 604 1297 686 αὑτῷ
1342 603 1720 687 ἀντικειμένῳ
1766 604 1932 677 εἶναι,
1978 604 2040 665 ἐν
2086 602 2137 687 ᾧ
2185 603 2237 666 δ’
2293 604 2416 667 ἐστὶ
2462 608 2580 685 νῦν,
2635 604 2740 667 οὐκ
2786 604 2846 673 ἐξ
2891 605 3147 687 ἀνάγκης
3199 623 3230 664 5

634 704 835 773 ἁπλῶς
882 704 1033 768 ἐστιν
1080 704 1140 765 ἐν
1186 704 1374 787 τούτῳ
1445 705 1539 767 διὰ
1582 706 1688 788 τὴν
1734 707 1876 788 πρὸς
1920 707 1992 769 τὰ
2061 706 2422 789 ἀντικείμενα
2485 706 2742 787 δύναμιν.
2833 704 2984 768 ἀλλὰ
3032 707 3145 789 μὴν

562 822 593 871 5
633 805 705 867 τὰ
764 806 951 875 οὕτως
1006 804 1143 869 ὄντα
1195 804 1255 868 ἔν
1309 826 1453 869 τισιν
1508 806 1575 869 οὐ
1630 805 1704 869 δι’
1772 808 1955 875 αἰτίας
2017 808 2174 875 τινὰς
2227 807 2851 892 προκαταβεβλημένας
2913 807 3028 889 [τε]
3085 806 3145 876 ἐξ

631 908 889 991 ἀνάγκης
955 910 1037 977 εἰς
1090 912 1270 970 ταῦτα
1324 908 1577 988 ἀγούσας
1632 908 1781 971 ἐστὶν
1836 909 1896 971 ἐν
1963 908 2177 978 αὐτοῖς.
2267 907 2408 971 ὥστ’
2461 908 2514 971 εἰ
2567 910 2754 971 πάντα
2808 909 2877 971 τὰ
2929 909 3146 991 ὁμοίως

634 1016 747 1072 τῶν
812 1010 1218 1091 ἀντικειμένων
1286 1008 1423 1072 ὄντα
1478 1011 1711 1073 δεκτικὰ
1776 1010 2178 1095 ἐνδεχομένως
2243 1010 2308 1072 τέ
2363 1012 2516 1073 ἐστιν
2579 1010 2640 1072 ἐν
2705 1010 2793 1079 οἷς
2845 1011 2998 1073 ἐστιν
3052 1012 3149 1074 καὶ
3178 1029 3234 1070 ιο

634 1110 742 1174 οὐκ
786 1111 937 1176 ἔστιν
984 1112 1043 1175 ἐν
1090 1112 1176 1179 οἷς
1220 1112 1327 1173 οὐκ
1372 1108 1511 1190 ἔστι,
1571 1114 1745 1195 μυρία
1810 1112 1880 1173 ἂν
1925 1110 2016 1195 εἴη
2073 1112 2142 1175 τὰ
2197 1112 2596 1196 ἐνδεχομένως
2641 1110 2774 1174 ὄντα
2819 1135 2884 1174 τε
2929 1115 3024 1175 καὶ
3068 1138 3148 1195 γι-

635 1213 865 1293 νόμενα.
956 1213 1169 1276 ἄτοπον
1214 1213 1325 1297 γὰρ
1372 1215 1589 1295 ὁμοίως
1632 1214 1694 1283 ἐξ
1738 1214 1994 1295 ἀνάγκης
2038 1214 2184 1275 εἶναι
2227 1214 2411 1296 λέγειν
2459 1212 2518 1277 ἔν
2564 1237 2667 1277 τινι
2729 1215 2802 1276 τά
2843 1237 2909 1277 τε
2952 1215 3148 1277 ἀνεπί-

535 1336 598 1383 10
638 1318 813 1379 δεκτα
858 1320 971 1377 τῶν
1018 1316 1288 1378 ἐναντίων
1336 1315 1552 1383 τούτοις
1599 1315 1659 1377 ἐν
1704 1315 1789 1382 οἷς
1834 1314 1956 1377 ἐστι
2003 1316 2094 1377 καὶ
2139 1315 2211 1377 τὰ
2269 1317 2448 1399 μηδὲν
2508 1320 2725 1398 μᾶλλον
2781 1315 2917 1379 καθ’
2975 1318 3148 1380 ὁντιν-

636 1423 736 1481 οῦν
780 1418 991 1503 χρόνον
1035 1419 1255 1480 τούτων
1302 1418 1339 1500 ἢ
1386 1422 1502 1479 τῶν
1547 1418 1819 1479 ἐναντίων
1866 1417 2064 1485 αὐτοῖς
2109 1420 2362 1481 δεκτικά.
2451 1420 2506 1481 εἰ
2547 1420 2655 1501 γὰρ
2699 1420 2772 1481 τὰ
2803 1418 2863 1488 ἐξ
2893 1422 3148 1503 ἀνάγκης
3177 1436 3231 1479 15

634 1520 771 1583 ὄντα
802 1518 861 1583 ἔν
892 1544 997 1583 τινι
1041 1520 1384 1582 ἀνεπίδεκτα
1428 1524 1529 1581 τοῦ
1576 1520 1831 1582 ἐναντίου
1878 1519 2063 1603 αὐτῷ,
2109 1520 2182 1581 τὰ
2227 1521 2557 1583 ἐπιδεκτικὰ
2601 1525 2704 1584 τοῦ
2748 1522 3003 1585 ἐναντίου
3038 1521 3146 1585 οὐκ

635 1623 695 1692 ἐξ
738 1624 993 1705 ἀνάγκης
1041 1620 1108 1684 ἄν
1153 1622 1214 1685 ἐν
1260 1616 1311 1707 ᾧ
1364 1622 1515 1685 ἐστιν
1560 1620 1674 1705 εἴη.

805 1723 889 1788 Τὸ
936 1726 1001 1787 δὲ
1044 1725 1228 1805 λέγειν
1276 1725 1356 1806 μὴ
1405 1724 1765 1808 ἀναιρεῖσθαι
1810 1726 2042 1787 πάντων
2099 1725 2413 1806 γινομένων
2467 1724 2603 1789 καθ’
2659 1726 3012 1809 εἱμαρμένην
3073 1726 3140 1788 τὸ
3179 1733 3234 1785 X

536 1848 593 1896 15
633 1826 871 1891 δυνατόν
918 1850 980 1889 τε
1024 1829 1119 1890 καὶ
1186 1827 1567 1910 ἐνδεχόμενον
1634 1832 1719 1910 τῷ
1770 1828 2007 1889 δυνατὸν
2057 1828 2159 1908 μὲν
2203 1827 2349 1890 εἶναι
2406 1828 2677 1909 γενέσθαι
2733 1834 2900 1891 τοῦτο
2957 1827 2988 1891 ὃ
3035 1827 3136 1891 ὑπ’
3173 1848 3234 1890 2⁰

633 1931 869 1997 οὐδενὸς
912 1929 1195 1992 κωλύεται
1240 1928 1530 2009 γενέσθαι,
1586 1926 1692 1990 κᾶν
1742 1930 1821 2011 μὴ
1869 1929 2102 2011 γένηται
2147 1929 2293 2011 (τῶν
2337 1930 2402 1993 δὲ
2449 1929 2582 1993 καθ’
2649 1930 3003 2014 εἱμαρμένην
3067 1954 3148 2012 γι·

635 2032 889 2115 νομένων
936 2032 1003 2094 οὐ
1051 2032 1421 2095 κεκωλῦσθαι
1466 2031 1535 2092 τὰ
1581 2031 1946 2110 ἀντικείμενα
1989 2030 2292 2111 γενέσθαι·
2359 2034 2448 2095 διὸ
2501 2032 2686 2095 καίτοι
2742 2034 2822 2115 μὴ
2879 2033 3148 2115 γινόμενα

634 2134 797 2217 ὅμως
842 2135 963 2197 ἐστὶ
1010 2134 1273 2214 δυνατά),
1318 2134 1415 2195 καὶ
1459 2137 1561 2195 τοῦ
1608 2134 1690 2216 μὴ
1737 2134 2110 2195 κεκωλῦσθαι
2140 2133 2414 2215 γενέσθαι
2445 2133 2594 2197 αὐτὰ
2626 2133 2914 2204 ἀπόδειξιν
2947 2134 3143 2218 φέρειν

640 2238 703 2297 τὸ
752 2238 892 2318 ἡμῖν
940 2236 1010 2298 τά
1055 2236 1353 2297 κωλύοντα
1396 2234 1544 2298 αὐτὰ
1594 2234 1717 2318 [ἂν]
1766 2234 2034 2316 ἄγνωστα
2077 2235 2222 2298 εἶναι
2277 2238 2508 2305 πάντως
2568 2236 2670 2318 μέν
2725 2258 2850 2299 τινα
2905 2236 3042 2299 ὅντα
3082 2236 3152 2317 (ἃ
3178 2253 3234 2295 25

530 2358 597 2405 20
632 2342 741 2422 γάρ
786 2339 938 2401 ἐστιν
984 2336 1139 2399 αἴτια
1182 2342 1283 2399 τοῦ
1328 2337 1589 2419 γίνεσθαι
1634 2337 1705 2399 τὰ
1738 2338 2102 2421 ἀντικείμενα
2131 2338 2327 2407 αὐτοῖς
2357 2338 2492 2401 καθ’
2549 2339 2926 2423 εἱμαρμένην,
2972 2342 3152 2401 ταῦτα

636 2443 730 2505 καὶ
774 2445 876 2503 τοῦ
926 2441 1006 2523 μὴ
1054 2439 1313 2520 γίνεσθαι
1364 2440 1585 2508 τούτοις
1630 2438 1805 2512 αἴτια,
1865 2438 1928 2501 εἴ
1969 2462 2034 2521 γε
2091 2440 2172 2508 ὥς
2233 2462 2408 2523 φασιν
2463 2441 2742 2503 ἀδύνατον
2799 2446 2914 2503 τῶν
2959 2440 3152 2503 αὐτῶν

636 2546 1043 2628 περιεστώτων
1109 2542 1371 2623 γίνεσθαι
1436 2542 1507 2604 τὰ
1561 2542 1950 2623 ἀντικείμενα·
2025 2540 2146 2605 ἀλλ’
2212 2542 2300 2605 ὅτι
2355 2544 2438 2625 μὴ
2505 2544 2646 2626 ἡμῖν
2709 2544 2833 2607 ἐστι
2889 2546 3152 2627 γνώριμά
3177 2561 3234 2603 ⁸⁰

638 2671 761 2709 τινα
806 2646 849 2709 α’
888 2647 1031 2719 ἐστι,
1078 2644 1171 2707 διὰ
1216 2648 1383 2706 τοῦτο
1440 2644 1737 2706 ἀκώλυτον
1794 2645 1986 2708 αὐτῶν
2041 2645 2106 2706 τὸ
2157 2650 2163 2702 Ι
2215 2643 2354 2727 [μὴ]
2411 2645 2670 2726 γίνεσθαι
2729 2646 3040 2729 λέγουσιν),
3087 2648 3151 2709 τὸ
3189 2652 3260 2708 32

640 2752 711 2833 δὴ
758 2753 941 2811 ταῦτα
984 2746 1169 2829 λέγειν
1215 2750 1341 2813 πῶς
1388 2746 1455 2808 οὐ
1502 2747 1823 2817 παιζόντων
1871 2747 2024 2809 ἐστὶν
2070 2747 2130 2809 ἐν
2177 2746 2243 2809 οὐ
2311 2749 2540 2815 παιδιᾶς
2585 2746 2774 2829 λόγοις
2827 2748 3146 2833 δεομένοις;

532 2873 597 2921 25
637 2853 701 2914 τὸ
748 2852 857 2933 γὰρ
901 2852 1059 2933 ἡμᾶς
1102 2850 1348 2931 ἀγνοεῖν,
1396 2850 1563 2911 οὐδὲν
1609 2850 1753 2931 πρὸς
1798 2852 1862 2911 τὸ
1908 2848 2054 2913 εἶναι
2098 2850 2136 2931 ἢ
2183 2850 2264 2932 μὴ
2311 2848 2458 2913 εἶναι
2499 2850 2568 2912 τὰ
2599 2852 2934 2933 πράγματα·
2981 2854 3148 2935 δῆλοι

638 2958 744 3038 γάρ
790 2954 932 3016 εἰσιν
978 2954 1032 3014 οἱ
1077 2952 1339 3032 λέγοντες
1384 2952 1570 3017 οὕτως
1616 2955 1697 3018 ὡς
1742 2958 1815 3033 τῇ
1863 2950 2123 3035 ἡμετέρᾳ
2153 2950 2422 3035 γνωρίσει
2451 2954 2516 3014 τὸ
2547 2954 2786 3015 δυνατὸν
2819 2950 2980 3015 ἔσται
3009 2954 3137 3017 κατ’
3203 2972 3231 3013 5

638 3056 863 3123 αὐτούς.
952 3060 1072 3122 τοῖς
1114 3054 1224 3136 γὰρ
1268 3053 1561 3136 γνωρίζειν
1608 3054 1799 3117 αὐτῶν
1865 3055 1938 3116 τὰ
1995 3052 2148 3117 αἴτια
2203 3053 2536 3137 δυναμένοις
2579 3053 2768 3135 (οὗτοι
2811 3054 2865 3115 δ’
2921 3054 2992 3118 ἂν
3035 3056 3150 3119 εἶεν

537 3322 559 3373 'l
600 3318 817 3389 γεγονός.
879 3316 937 3369 τὸ
977 3316 1139 3369 Lond.
1180 3319 1243 3369 O:
1293 3317 1527 3385 γεγονώς.
1582 3316 1639 3368 τὸ
1678 3315 1799 3368 13²1<
2073 3316 2125 3369 δὲ
2163 3332 2262 3369 om.
2302 3318 2354 3368 a¹
2641 3316 2672 3368 3
2711 3316 2773 3387 ἦν
2811 3316 2864 3367 ἐν
2901 3316 3100 3389 θατέρῳ
3138 3320 3254 3371 HS:

530 3426 593 3476 ην
634 3402 735 3459 ενὶῨ
776 3423 961 3475 ατερωι
1007 3404 1083 3455 sic
1122 3408 1185 3453 V:
1242 3421 1305 3474 ην
1356 3404 1407 3455 ἐν
1452 3402 1651 3473 θατέρω
1690 3406 1765 3455 sic
1801 3407 1872 3455 B:
1927 3403 1990 3472 ἧν
2037 3402 2306 3473 ἔνΙθατέρῳ
2345 3408 2416 3455 E:
2473 3404 2534 3473 ἠν
2581 3404 2908 3473 ἐνδεχόμενον
2956 3404 3008 3455 ἐν
3054 3402 3254 3473 θατέρῳ

532 3494 611 3547 a¹²
882 3492 1025 3561 αὑτῷ
1062 3492 1272 3559 scripsi:
1312 3490 1482 3542 αὺτῶν
1522 3492 1639 3543 libri
1913 3492 2238 3560 ἀντικειμένῳ
2277 3493 2490 3557 scripsi:
2531 3492 2886 3559 ἀντικειμένων
2925 3496 2989 3543 V:
3027 3494 3114 3545 καὶ
3149 3497 3257 3543 τῶν

535 3582 892 3648 ἀντικειμένων
939 3578 1011 3630 12²:
1068 3578 1153 3629 καὶ
1200 3576 1259 3629 τὸ
1306 3578 1649 3645 ἀντικείμενον
1699 3580 1751 3629 a¹
2037 3578 2068 3630 5
2107 3596 2161 3629 τε
2201 3579 2297 3630 del.
2339 3580 2426 3630 V’2:
2467 3594 2567 3631 om.
2607 3578 2686 3629 12¹²
2969 3578 3000 3630 6
3037 3578 3165 3631 ἐστιν
3201 3578 3256 3631 ἐν

532 3666 699 3723 αὐτοῖς
748 3670 811 3717 V:
870 3666 920 3717 ἐν
966 3664 1133 3723 αὐτοῖς
1188 3664 1513 3737 ἐνδεχόμενόν
1564 3667 1694 3718 ἐστιν
1742 3666 1851 3717 22¹²:
1905 3666 1956 3717 ἐν
2001 3664 2170 3723 αὺτοῖς
2218 3669 2286 3717 B:
2343 3666 2393 3718 ἐν
2439 3664 2606 3723 αὐτοῖς
2661 3666 2790 3719 ἐστιν
2837 3668 2882 3719 Ο
3193 3667 3258 3718 τά

533 3770 631 3807 om.
685 3757 729 3807 O
1016 3752 1043 3801 7
1092 3758 1196 3803 τῶν
1241 3752 1596 3820 ἀντικειμένων
1645 3751 1764 3803 ὄντα
1810 3752 1974 3804 V²a¹z
2031 3759 2132 3810 τοῖς
2183 3752 2535 3821 ἀντικειμένοις
2582 3774 2654 3805 ων
2702 3756 2776 3805 sie
2825 3756 2919 3804 V':
2969 3762 3072 3811 τοῖς
3120 3754 3256 3806 ἀντι-

532 3841 777 3908 κειμένοις
822 3839 897 3891 ὦν
949 3840 1003 3891 a²
1354 3840 1408 3891 τέ
1454 3840 1583 3892 ἐστιν
1630 3840 1680 3891 ἐν
1730 3840 1801 3898 οἶς
1849 3841 1980 3892 ἐστιν
2027 3840 2214 3893 V⁹a¹²:
2273 3842 2324 3893 ἐν
2370 3842 2441 3899 οἷς
2485 3842 2616 3894 ἐστιν
2667 3842 2758 3891 V¹:
2814 3842 2865 3893 ἐν
2913 3841 2983 3898 οἶς
3027 3842 3082 3893 τέ
3129 3842 3258 3894 ἐστιν

532 3932 669 3980 ESK
978 3928 1009 3977 9
1059 3944 1115 3979 τε
1152 3928 1239 3979 καὶ
1276 3931 1321 3980 Ο
1560 3928 1637 3979 10.
1682 3928 1735 3979 11
1790 3926 1957 3979 ὅντινα
2003 3927 2091 3979 οὖν
2129 3928 2184 3979 ιι2
2401 3930 2454 3979 11
2509 3928 2772 3992 ἐναντίων]
2817 3946 2847 3980 τ
2882 3930 2938 3979 in
2984 3928 3062 3979 lit.
3101 3932 3150 3979 V

531 4016 574 4067 εἰ
612 4013 1071 4084 γὰρ-ἐπιδεκτικὰ
1107 4018 1197 4065 τοῦ
1236 4012 1461 4066 ἐναντίου
1486 4014 1617 4078 (12)]
1656 4014 1723 4083 μὴ
1762 4019 1852 4066 τοῦ
1893 4016 2116 4067 ἐναντίου
2142 4015 2220 4067 8²:
2264 4020 2354 4067 τοῦ
2391 4016 2616 4067 ἐναντίου
2643 4018 2729 4069 ES
2939 4015 2998 4067 14
3035 4014 3098 4066 cf.
3127 4030 3261 4083 quae

532 4102 797 4169 disputavi
846 4102 909 4153 de
960 4101 1305 4167 sequentibus
1352 4102 1409 4151 in
1458 4102 1584 4152 MuS.
1634 4102 1795 4153 Rhen.
1832 4102 2142 4166 XL1V,613
2164 4118 2239 4169 sq.
2490 4104 2560 4170 μὴ
2607 4106 2666 4169 (μ
2702 4102 2819 4153 add.
2859 4118 2906 4152 ν.
2933 4118 2977 4153 c.
3021 4106 3082 4165 V,
3129 4117 3256 4153 corr.

531 4205 596 4241 ex
634 4188 666 4257 ἢ
710 4192 767 4252 Ε,
812 4187 843 4257 ἢ
884 4188 969 4253 8)]
1023 4188 1066 4238 εί
1102 4188 1195 4255 γὰρ
1242 4187 1305 4237 τὰ
1352 4185 1402 4245 ἐξ
1448 4186 1671 4256 ἀνάγκης
1717 4186 1838 4239 ὄντα
1887 4188 1938 4239 ἔν
1983 4206 2078 4240 τινι
2125 4189 2424 4241 ἀνεπίδεκτα
2471 4194 2562 4241 τοῦ
2609 4188 2832 4241 ἐναντίου
2879 4188 3018 4257 αὐτῷ
3053 4190 3116 4240 τὰ
3153 4189 3257 4239 ἐπι-

531 4275 740 4327 δεκτικὰ
777 4274 832 4326 a²
1050 4274 1111 4325 16
1151 4272 1270 4341 κᾶν]
1313 4273 1373 4325 ἂν
1410 4276 1487 4325 a¹²
1698 4274 1751 4327 δὲ
1790 4292 1835 4326 ν.
1865 4292 1908 4327 e.
1935 4276 2056 4327 Vah
2097 4292 2199 4328 om.
2224 4276 2280 4329 ε’
2501 4276 2576 4327 16.
2625 4278 2679 4328 17
2720 4278 3002 4345 γενομένων
3041 4278 3086 4329 Ο

538 4362 597 4414 17
636 4360 959 4414 κεκωλῦσθαι
986 4360 1207 4413 Usener:
1246 4360 1535 4413 κεκώλυται
1562 4362 1681 4415 libri
1855 4362 1917 4415 18
1955 4364 2092 4432 φέρει
2118 4368 2216 4417 ΗΟ
2402 4364 2462 4415 19
2502 4363 2630 4415 αὐτὰ
2654 4365 2822 4415 V²a¹²z
2861 4362 2990 4414 αὐτὰ
3027 4362 3086 4414 ἂν
3113 4362 3186 4413 V¹

533 4448 603 4501 *20
638 4447 862 4516 γενέσθαι
898 4450 953 4499 a¹
1168 4446 1229 4499 21
1274 4447 1498 4516 γενέσθαι
1536 4450 1617 4500 8¹²
1828 4450 2042 4517 τούτοις]
2083 4452 2221 4504 οὗτοι
2266 4452 2466 4505 Gercke
2701 4452 2750 4503 εἴ
2789 4470 2842 4520 γε
2894 4450 2998 4502 2¹²:
3053 4468 3156 4502 ουει
3201 4468 3256 4517 γε

534 4552 609 4603 sic
650 4557 710 4601 V:
766 4550 826 4603 οὖ
872 4549 919 4603 εί
954 4568 1009 4619 γε
1046 4554 1132 4603 Es
1347 4552 1414 4603 23
1470 4550 1504 4602 ἅ
1540 4568 1638 4603 om.
1678 4552 1733 4603 εἶ’
1949 4542 2020 4624 μὴ
2059 4558 2136 4607 sic
2175 4560 2238 4606 V:
2277 4556 2346 4624 μὴ
2386 4554 2463 4607 a¹²
2678 4554 2744 4606 24
2781 4558 2986 4606 τοιαῦτα
3025 4556 3070 4607 O

2688 4658 2760 4694 σει

530 4706 751 4765 παιδείας
788 4708 843 4759 2²
1040 4708 1105 4759 26
1146 4708 1217 4766 ὡς
1254 4726 1294 4761 s.
1324 4726 1369 4761 v.
1399 4714 1444 4759 V
1623 4710 1852 4779 γνωρίσει
1893 4712 2066 4763 V²a¹²z
2105 4711 2334 4781 γνωρίζει
2373 4714 2458 4765 V¹:
2499 4712 2754 4781 γνωρίζειν
2793 4715 2830 4765 S
3007 4710 3074 4762 ‘27
3113 4710 3258 4762 δυνα·

533 4796 723 4863 μένοις]
769 4794 795 4845 δ
833 4796 891 4846 in
930 4796 1007 4847 lit.
1042 4800 1087 4845 V
