3684 5567
1238 237 1499 295 ΗΘΙΚΩΝ
1538 238 2067 296 ΠΡΟΒΛΗΜΑΤΩΝ
2105 241 2310 294 26-27
3008 239 3128 304 153

530 417 637 500 μὸν
681 417 993 481 σπουδαῖον
1038 419 1194 478 ποιεῖ
1234 414 1330 478 καὶ
1374 414 1440 477 τὸ
1486 411 1649 499 ἔργον
1694 412 1899 476 αὑτοῦ·
1950 418 2022 495 τῇ
2067 415 2176 498 γὰρ
2221 419 2322 477 τοῦ
2369 414 2678 499 ὀφθαλμοῦ
2724 414 2908 497 ἀρετῇ
2954 408 3020 473 εὖ
3073 427 3102 469 6

530 522 779 603 ὁρῶμεν.
849 518 881 581 ὃ
927 516 977 581 δ’
1020 517 1194 586 αὐτὸς
1236 517 1404 599 λόγος
1448 518 1545 581 καὶ
1590 518 1684 581 ἐπὶ
1714 520 1829 580 τῶν
1875 514 2068 579 ἄλλων
2115 518 2330 601 μορίων
2375 522 2478 579 τοῦ
2517 519 2804 599 σώματος.
2872 515 3022 578 ἀλλὰ

531 622 627 685 καὶ
670 623 709 704 ἡ
755 625 857 684 τοῦ
900 622 1078 683 ἵππου
1124 620 1303 705 ἀρετὴ
1350 621 1524 684 ἵππον
1577 644 1642 683 τε
1686 622 1996 684 σπουδαῖον
2042 624 2198 683 ποιεῖ
2237 622 2334 684 καὶ
2379 620 2598 703 ἀγαθὸν
2647 622 2882 703 δραμεῖν
2928 619 3024 681 καὶ

531 724 781 806 ἐνεγκεῖν
836 726 1112 809 ἐπιβάτην
1165 726 1259 787 καὶ
1316 728 1503 807 μεῖναι
1559 724 1689 792 τοὺς
1742 724 2082 806 πολεμίους·
2146 724 2177 785 ὁ
2234 720 2285 786 δ’
2341 720 2513 790 αὐτὸς
2567 720 2734 803 λόγος
2787 722 2882 785 καὶ
2926 721 3019 783 ἐπὶ
3049 736 3106 778 10

462 846 491 896 5
530 832 645 890 τῶν
692 827 884 891 ἄλλων
940 826 1113 913 ζῴων
1166 828 1430 891 ἑκάστου.
1522 826 1669 889 ἀλλὰ
1714 827 1808 889 καὶ
1863 826 1959 889 ἐπὶ
2011 830 2127 888 τῶν
2173 830 2397 910 τεχνῶν
2442 847 2504 887 τε
2547 824 2642 886 καὶ
2687 824 3024 907 ἐπιστημῶν

528 932 715 999 οὕτως
757 928 913 1015 ἔχει·
979 936 1053 1014 τῇ
1100 930 1208 1013 γὰρ
1251 934 1356 1011 τῆς
1408 933 1795 1011 γυμναστικῆς
1845 929 2026 1011 ἀρετῇ
2081 926 2146 989 τό
2199 950 2260 989 τε
2308 930 2483 1010 σῶμα
2537 931 2648 988 τῶν
2695 927 3024 1010 ἀνθρώπων

530 1033 597 1099 εὖ
652 1031 789 1119 ἔχον
854 1034 1069 1116 γίνεται
1126 1034 1224 1097 καὶ
1286 1032 1389 1101 τὰς
1448 1031 1663 1101 οἰκείας
1718 1032 2004 1115 ἐνεργείας
2057 1027 2123 1092 εὖ
2179 1029 2544 1092 ἀποδίδωσιν.
2652 1029 2683 1090 ὁ
2739 1026 2790 1091 δ’
2855 1028 3029 1097 αὐτὸς
3057 1043 3109 1086 15

530 1136 698 1219 λόγος
742 1138 835 1201 καὶ
890 1138 986 1200 ἐπὶ
1033 1137 1313 1221 ἰατρικῆς·
1378 1140 1455 1218 τῇ
1500 1136 1611 1219 γὰρ
1662 1135 1874 1217 ταύτης
1931 1134 2112 1215 ἀρετῇ
2170 1132 2495 1213 ὑγιαίνομέν
2552 1155 2616 1195 τε
2659 1132 2729 1194 τὰ
2774 1134 3021 1214 σώματα

534 1242 629 1303 καὶ
681 1240 784 1309 τὰς
840 1240 1088 1322 ὑγιεινάς
1138 1239 1423 1323 ἐνεργείας
1483 1239 1840 1321 ἐνεργοῢμεν.
1933 1237 2148 1318 ὁμοίως
2207 1237 2238 1298 ὑ
2284 1235 2451 1316 λόγος
2513 1236 2606 1297 καὶ
2660 1235 2755 1297 ἐπὶ
2810 1236 3026 1298 οἰκοδο·

433 1364 497 1411 10
534 1348 708 1427 μικῆς
749 1342 844 1405 καὶ
890 1342 984 1405 ἐπὶ
1030 1345 1349 1427 πλαστικῆς
1400 1342 1495 1404 καὶ
1548 1340 1645 1403 ἐπὶ
1700 1345 2028 1424 τεκτονικῆς
2083 1340 2180 1403 καὶ
2223 1340 2320 1402 ἐπὶ
2365 1342 2566 1403 πασῶν
2619 1343 2735 1401 τῶν
2781 1344 3023 1422 τεχνῶν.

532 1445 693 1515 ὄντος
746 1446 810 1508 δὲ
855 1446 1117 1529 ἀληθοῦς
1171 1450 1270 1508 τοῦ
1323 1448 1513 1507 πᾶσαν
1568 1444 1807 1528 ἀρετήν,
1870 1441 1938 1507 οὑ
1985 1442 2052 1505 ἂν
2105 1438 2146 1527 ᾖ
2206 1443 2412 1527 ἀρετή,
2477 1440 2617 1505 αὐτό
2671 1466 2733 1505 τε
2776 1440 2842 1504 εὖ
2886 1440 3025 1526 ἔχον
3053 1457 3110 1499 2⁰

533 1550 835 1613 ἀποτελεῖν
882 1548 979 1610 καὶ
1023 1548 1088 1610 τὸ
1134 1546 1299 1632 ἔργον
1345 1548 1523 1611 αὐτοῦ
1568 1545 1633 1611 εὖ
1675 1546 2034 1623 ἀποδιδόναι,
2080 1549 2255 1631 δῆλον
2303 1551 2382 1615 ὡς
2421 1548 2516 1609 καὶ
2561 1551 2662 1610 τοῦ
2709 1547 3024 1630 ἀνθρώπου

530 1654 568 1735 ἡ
616 1652 793 1736 ἀρετὴ
848 1648 942 1735 εἴη
990 1650 1087 1725 ἄν,
1144 1647 1243 1733 ἀφ’
1299 1650 1370 1734 ἧς
1424 1648 1597 1718 αὐτός
1649 1673 1713 1713 τε
1768 1652 1799 1713 ὅ
1847 1648 2154 1733 ἅνθρωπος
2207 1648 2270 1712 εὖ
2327 1650 2439 1719 ἕξει
2491 1652 2586 1713 καὶ
2640 1651 2704 1713 τὸ
2749 1647 2914 1732 ἔργον
2958 1650 3023 1712 τὸ

532 1756 739 1817 οἰκεῖον
788 1757 869 1823 ὡς
912 1753 999 1817 ὅτι
1044 1752 1273 1837 ἄριστον
1320 1754 1687 1817 ἀποδίδωσιν.
1777 1753 1831 1815 τί
1878 1752 1885 1837 l
1935 1752 2061 1815 ποτ’
2118 1752 2217 1818 οὖν
2263 1754 2384 1817 ἐστι
2428 1758 2712 1829 τοιοῦτον,
2767 1752 2979 1837 ἐφεξῆς
3023 1758 3130 1815 294

432 1878 495 1927 15
536 1857 703 1921 ἰδεῖν·
750 1858 815 1921 τὸ
860 1856 967 1940 γὰρ
1000 1857 1235 1942 εὑρεθὲν
1282 1856 1373 1939 εἴη
1422 1855 1487 1919 ἂν
1535 1858 1804 1943 ἡάρετή.
1876 1858 2000 1921 ἐπεὶ
2046 1857 2230 1919 τοίνυν
2279 1860 2505 1941 ὁρῶμεν
2553 1858 2612 1920 ἐν
2644 1856 2810 1920 παντὶ
2857 1858 3024 1940 ποσῷ

534 1962 629 2025 καὶ
674 1958 989 2045 πρόσθεσιν
1034 1961 1129 2023 καὶ
1161 1961 1465 2044 ἀφαίρεσιν
1511 1960 1817 2045 δεχομένῳ
1863 1962 1928 2023 τὸ
1975 1962 2078 2044 μὲν
2111 1961 2468 2045 ὑπερβάλλον
2513 1962 2609 2023 καὶ
2653 1962 2718 2023 τὸ
2763 1958 3027 2023 ἐλλεῖπον

534 2064 595 2127 ἐν
642 2062 835 2132 αὐτοῖς
880 2061 1133 2146 φευκτέα
1176 2060 1342 2139 ὄντα,
1399 2064 1465 2127 τὸ
1518 2062 1572 2126 δ’
1630 2062 1751 2127 ἴσον
1810 2065 1908 2127 καὶ
1967 2066 2034 2128 τὸ
2082 2065 2406 2149 σύμμετρον
2459 2066 2556 2127 καὶ
2613 2063 2786 2145 μέσον
2832 2049 3033 2147 αἱρετά
3086 2078 3114 2119 ὃ

540 2190 602 2231 τε
646 2168 743 2230 καὶ
788 2166 847 2229 ἐν
879 2166 1039 2250 αὑτῷ
1086 2166 1191 2247 τὴν
1237 2166 1450 2229 οἰκείαν
1496 2167 1707 2250 ἀρετὴν
1745 2164 1960 2251 ἔχοντα
2001 2168 2134 2249 (ἐπί
2169 2190 2230 2229 τε
2275 2167 2382 2250 γὰρ
2428 2172 2533 2250 τῆς
2577 2171 2692 2229 τῶν
2739 2168 3030 2249 σωμάτων

532 2269 751 2338 εὐεξίας
806 2292 868 2331 τε
921 2270 1014 2331 καὶ
1072 2268 1283 2352 ἀρετῆς
1337 2273 1439 2332 τοῦ
1499 2272 1770 2352 σώματος
1829 2270 1900 2333 τὰ
1957 2272 2060 2353 μὲν
2117 2271 2548 2355 ὑπερβάλλοντα
2606 2270 2701 2333 καὶ
2767 2268 3032 2333 ἐνδέοντα

426 2394 495 2440 20
531 2374 815 2455 γυμνάσια
870 2372 965 2435 καὶ
1022 2372 1290 2453 γενέσθαι
1344 2373 1557 2435 κωλὺει
1610 2372 1715 2455 τὴν
1769 2372 1988 2442 εὐεξίαν
2041 2376 2137 2436 καὶ
2190 2374 2420 2458 φθείρει
2461 2373 2800 2456 γενομένην,
2853 2373 2926 2437 τὰ
2967 2374 3033 2435 δὲ
3061 2388 3116 2430 ιο

537 2476 837 2561 σύμμετροί
880 2497 941 2537 τε
985 2476 1081 2538 καὶ
1130 2474 1280 2557 μέσα
1326 2476 1421 2537 καὶ
1468 2478 1643 2546 σώζει
1698 2477 1795 2555 καὶ
1839 2480 2018 2540 ποιεῖ·
2083 2477 2232 2540 ἀλλὰ
2275 2478 2372 2539 καὶ
2424 2479 2527 2559 τὴν
2575 2474 2767 2558 ὑγείαν
2812 2474 2884 2537 τὰ
2929 2477 3032 2557 μὲν

538 2579 967 2664 ὑπερβάλλοντα
1017 2600 1081 2641 τε
1135 2578 1231 2639 καὶ
1284 2577 1549 2641 ἐνδέοντα
1605 2578 1753 2641 σιτία
1808 2580 2160 2664 διαφθείρει,
2214 2583 2390 2652 σώζει
2441 2580 2506 2641 δὲ
2561 2576 2737 2643 οὖσαν
2799 2579 2893 2641 καὶ
2950 2578 3031 2659 μὴ

536 2682 712 2747 οὖσαν
760 2684 919 2744 ποιεῖ
957 2680 1031 2743 τὰ
1063 2680 1213 2763 μέσα
1256 2703 1319 2743 τε
1363 2682 1457 2745 καὶ
1498 2682 1823 2765 σύμμετρα·
1874 2683 2024 2745 ἀλλὰ
2067 2682 2164 2745 καὶ
2208 2682 2304 2745 ἐπὶ
2335 2685 2651 2765 πλαστικῆς
2697 2682 2835 2743 ἰδεῖν
2882 2678 3032 2744 ἔστιν
3061 2696 3114 2738 15

535 2785 595 2848 ἐν
640 2790 713 2869 τῇ
763 2788 1001 2869 φυλακῇ
1050 2789 1153 2866 τῆς
1200 2784 1526 2868 ὑπερβολῆς
1569 2808 1632 2847 τε
1678 2786 1772 2848 καὶ
1820 2785 2134 2869 ἐλλείψεως
2181 2785 2242 2848 ὃν
2289 2786 2353 2847 τὸ
2398 2783 2693 2867 γινόμενον
2737 2782 2864 2847 κατ’
2907 2784 3032 2867 ἀρε·

430 2908 495 2957 25
534 2888 637 2971 τὴν
684 2887 778 2951 ὑπ’
835 2887 1039 2972 αὐτῆς·
1104 2892 1184 2955 ὡς
1230 2887 1295 2949 δὲ
1338 2887 1435 2949 ἐπὶ
1479 2888 1729 2964 τούτων,
1788 2888 1973 2957 οὕτως
2019 2889 2082 2951 δὲ
2125 2890 2222 2951 καὶ
2267 2889 2361 2951 ἐπὶ
2406 2892 2520 2950 τῶν
2567 2886 2758 2951 ἄλλων
2803 2888 3036 2949 πάντων

541 2991 692 3078 ἔχει,
737 2990 892 3055 ἔστιν
938 2991 1003 3053 δὲ
1047 2992 1143 3053 καὶ
1189 2993 1225 3073 ἡ
1268 2990 1451 3074 ἠθικὴ
1500 2992 1677 3075 ἀρετὴ
1725 2992 1857 3076 περὶ
1902 2993 2066 3076 πάθη
2113 3014 2174 3055 τε
2219 2992 2315 3055 καὶ
2345 2990 2594 3074 πράξεις,
2641 2990 2680 3053 ἃ
2723 2991 2820 3052 καὶ
2863 2989 3036 3073 πρόσ-

539 3095 699 3159 θεσιν
745 3097 842 3158 καὶ
886 3095 1189 3178 ἀφαίρεσιν
1234 3093 1529 3177 δέχεται),
1586 3096 1761 3178 δῆλον
1808 3092 1908 3158 οὖν
1955 3099 2037 3163 ὥς
2081 3092 2173 3177 εἴη
2231 3094 2301 3157 ἂν
2347 3094 2494 3157 κατὰ
2548 3094 2618 3157 τὰ
2663 3093 2812 3157 αὐτὰ
2854 3093 2950 3157 καὶ
2994 3095 3119 3178 ἡεο

536 3199 665 3283 περὶ
710 3197 858 3261 αὐτὰ
900 3198 1077 3282 ἀρετὴ
1124 3197 1185 3259 ἐν
1220 3196 1495 3281 μεσότητι
1539 3196 1776 3260 τούτων.
1847 3198 2050 3281 ὥσπερ
2096 3198 2160 3259 δὲ
2205 3197 2301 3260 ἐπὶ
2343 3202 2458 3258 τῶν
2506 3196 2697 3262 ἄλλων
2745 3203 2810 3264 τὸ
2858 3201 3034 3283 μέσον

536 3302 774 3384 ὡρίζετο
806 3302 917 3365 ὑπὸ
950 3304 1051 3362 τοῦ
1081 3301 1228 3364 κατὰ
1272 3301 1376 3384 τὴν
1421 3300 1634 3385 τέχνην
1665 3299 1860 3381 λόγου,
1883 3302 2094 3369 ,οὕτως
2137 3302 2233 3364 καὶ
2279 3300 2374 3363 ἐπὶ
2417 3304 2534 3363 τῶν
2580 3302 2788 3365 παθῶν
2832 3328 2894 3367 τε
2938 3306 3037 3367 καὶ

431 3424 499 3473 3ο
534 3409 649 3468 τῶν
704 3402 966 3488 πράξεων
1022 3402 1114 3486 εἴη
1170 3402 1239 3465 ἂν
1285 3403 1616 3488 ὁριζόμενον
1674 3404 1736 3465 τὸ
1796 3403 1971 3486 μέσον
2025 3426 2089 3466 τε
2143 3406 2238 3466 καὶ
2293 3404 2616 3487 σύμμετρον
2673 3406 2783 3469 ὑπὸ
2829 3412 3036 3493 φρονή-
3063 3424 3118 3467 25

540 3510 691 3577 σεώς
734 3530 798 3570 τε
829 3508 925 3569 καὶ
967 3511 1071 3570 τοῦ
1116 3506 1297 3590 ὀρθοῦ
1336 3505 1529 3589 λόγου,
1575 3506 1712 3570 καθ’
1762 3504 1769 3591 Ι
1820 3506 1884 3569 ὃν
1931 3507 2238 3589 ὁρισθέντα
2283 3530 2344 3569 τε
2389 3508 2484 3569 καὶ
2514 3509 2878 3591 πραττόμενα
2923 3513 2988 3575 τὸ
3034 3520 3162 3577 295·

536 3612 597 3675 ἐν
652 3616 734 3695 τῷ
790 3607 857 3673 εὖ
922 3608 1097 3694 ἄκρον
1152 3606 1299 3694 ἔχοι.
1398 3610 1485 3671 διὸ
1540 3610 1641 3672 καί
1701 3633 1888 3693 φαμεν
1943 3610 2088 3673 εἶναι
2144 3610 2313 3692 λόγον
2381 3614 2485 3693 τῆς
2546 3612 2760 3695 ἠθικῆς
2828 3616 3038 3700 ἀρετῆς

537 3714 647 3783 ἕξιν
714 3714 1118 3798 προαιρετικὴν
1183 3717 1287 3795 τῆς
1360 3712 1675 3796 μεσότητος
1741 3719 1845 3797 τῆς
1912 3716 2053 3798 πρὸς
2119 3715 2303 3795 ἡμᾶς,
2371 3718 2473 3795 τῆς
2537 3716 2666 3797 περὶ
2732 3716 2805 3779 τὰ
2870 3719 3034 3803 πάθη

434 3972 459 4023 1
500 3969 653 4023 αὑτοῦ
688 3972 777 4037 Sp.
936 3970 971 4020 4
1007 3968 1275 4039 ἐπιβάτην]
1313 3984 1469 4037 supra
1505 3988 1537 4039 η
1576 3970 1652 4021 lit.
1682 3974 1727 4021 V
1905 3973 1992 4023 καὶ
2029 3972 2238 4027 ἐπὶ-ἵ)
2263 3974 2391 4028 ἀλλὰ
2427 3992 2526 4029 om.
2565 3995 2598 4029 a
2633 3978 2790 4043 (vict.
2828 3980 3015 4047 suppl„
3054 3982 3146 4035 sed

427 4058 561 4111 falso
589 4064 707 4127 post
727 4057 873 4127 λόγος
893 4058 989 4125 (8),
1028 4059 1168 4127 quod
1192 4060 1454 4125 perspexit
1473 4059 1585 4125 Sp.)
1764 4059 1796 4111 5
1834 4060 1982 4127 ζῴων
2021 4060 2187 4113 ἄλλων
2214 4065 2349 4115 Vict.
2387 4066 2475 4131 Sp.
2656 4065 2687 4117 9
2726 4066 2936 4136 ὁμοίως]
2977 4066 3146 4136 ὅμοιος

431 4148 544 4213 Sp.:
584 4144 774 4213 ὁμοίοις
797 4164 851 4198 a:
890 4146 1062 4216 ὁμοῖος
1094 4146 1261 4200 vict?
1440 4147 1487 4199 9.
1520 4148 1583 4201 10
1620 4147 1968 4218 οἰκοδομικῆς]
2005 4169 2038 4202 κ
2064 4151 2119 4202 in
2145 4151 2222 4203 lit.
2250 4156 2298 4203 V
2481 4154 2544 4205 10
2582 4170 2658 4221 pr.
2685 4154 2764 4207 ἐπὶ
2801 4170 2902 4207 om.
2930 4174 2960 4207 a
2985 4160 3074 4223 Sp.

433 4234 489 4285 11
534 4251 587 4285 τε
625 4248 725 4285 om.
764 4250 795 4285 a
830 4236 917 4300 Sp.
1114 4234 1175 4287 13
1212 4230 1307 4303 ἀφ’
1347 4232 1419 4285 ὢν
1458 4236 1525 4285 Β1
1722 4237 1783 4287 14
1821 4235 2118 4289 ἀποδίδωσιν
2157 4239 2347 4291 V¹SFa
2383 4242 2497 4307 Sp.:
2537 4240 2787 4293 ἀποδώσει
2821 4246 2898 4294 B:
2947 4243 3144 4297 ἀποδώ-

429 4336 527 4373 σειν
551 4320 623 4374 V²
826 4321 889 4373 16
927 4322 1213 4393 δεχομένων
1239 4324 1309 4372 V1
1350 4324 1499 4389 (corr.
1529 4322 1623 4388 V²)
1830 4324 1889 4375 17
1931 4323 2004 4392 ἐν]
2046 4323 2101 4375 ὃν
2141 4328 2228 4391 Sp.
2427 4335 2672 4394 φευκταῖα
2697 4328 2769 4379 Vl
2806 4330 2958 4395 (corr.
2982 4332 3074 4395 Ψ)

428 4407 487 4459 τὸ
525 4408 674 4475 μέσον
701 4426 733 4459 a
758 4412 846 4476 Sp.
1030 4410 1093 4462 18
1131 4409 1267 4478 αὑτῷ
1295 4412 1407 4476 Sp.:
1446 4409 1584 4479 αὐτῷ
1605 4410 1702 4462 V‘2:
1741 4414 1816 4479 τῷ
1845 4414 2014 4465 V¹Saz
2051 4409 2207 4470 “ieme
2231 4413 2287 4466 εὖ
2315 4419 2405 4466 aut
2433 4416 2606 4481 potius
2643 4416 2695 4467 ἐν
2732 4412 2912 4486 αὐτῷ’”
2941 4419 3072 4470 vict.

430 4494 497 4547 20
532 4494 649 4567 τὴν]
686 4514 717 4549 τ
754 4499 809 4549 in
847 4498 923 4550 lit.
949 4501 996 4548 V
1174 4498 1442 4567 γενομένην
1468 4500 1586 4564 Sp.:
1625 4500 1890 4569 γινομένην
1931 4500 2048 4552 libri
2227 4501 2292 4553 25
2331 4503 2418 4554 alt.
2445 4501 2498 4555 δὲ
2524 4518 2622 4555 om.
2651 4522 2682 4555 a
2706 4507 2794 4570 Sp.
2963 4504 3030 4558 26
3067 4523 3146 4573 pr.

430 4585 515 4636 καὶ
552 4600 651 4637 om.
688 4602 720 4636 a
854 4594 859 4599 “
918 4583 1101 4656 ἠθικὴ]
1144 4586 1177 4655 ἠ
1217 4602 1258 4638 s.
1286 4603 1332 4636 ν.
1360 4590 1409 4637 V
1610 4587 1642 4637 ἃ
1682 4587 1885 4640 Viet.?:
1935 4586 1961 4639 ὃ
1999 4589 2116 4641 libri
2319 4589 2403 4641 27.
2444 4590 2510 4643 :28
2547 4593 2679 4643 κατὰ
2715 4596 2872 4644 ταῦτα
2909 4594 2994 4645 καὶ
3031 4596 3143 4665 περὶ

428 4675 586 4723 ταῦτα
630 4674 765 4725 coni.
802 4674 892 4739 Sp.
1105 4674 1171 4725 28
1218 4674 1280 4725 τὰ
1318 4672 1445 4726 αὑτὰ
1482 4676 1596 4727 SFa
1633 4678 1721 4741 Sp.
1937 4676 1998 4727 31
2050 4676 2106 4727 τὸ
2147 4680 2262 4743 post
2303 4676 2358 4729 εὑ
2397 4678 2513 4729 coll.
2549 4680 2637 4745 Sp.
2675 4678 2824 4744 false,
2862 4679 2924 4732 cf.
2956 4680 3142 4747 155‚22

430 4764 483 4811 et·
525 4759 684 4811 Arist.
732 4759 845 4812 Nic.
896 4760 1105 4825 Eth.11‚
1133 4760 1181 4813 6.
1223 4761 1435 4815 1107·ss
1668 4762 1733 4815 33
1786 4764 2136 4835 προαιρετικὴν
2175 4762 2400 4817 Viet.?:-
2431 4764 2730 4838 διαιρετικὴν
2777 4764 2858 4820 διὰ
2909 4768 3030 4821 libri
3077 4770 3142 4823 of.

429 4844 464 4897 l.
492 4861 534 4897 c.
578 4846 745 4899 11on
761 4844 828 4900 36
