3684 5567
1453 287 1736 348 BIBAION
1777 283 2057 348 ΠΡΩΤΟΝ
2096 292 2231 346 8-9
3124 284 3205 354 19

588 467 730 550 πρὸς
775 465 1003 550 ἄλληλα
1053 466 1202 529 αὐτὰ
1254 466 1555 548 λέγεσθαι,
1611 467 1685 529 τὰ
1729 467 1794 529 δὲ
1837 467 1981 550 πρὸς
2036 465 2262 549 ἄλληλα
2316 465 2599 548 λεγόμενα
2654 465 2778 548 ἅμα
2831 464 2975 527 εἶναι
3019 465 3093 546 τῇ
3124 478 3181 520 2⁰

585 568 774 652 φὺσει,
821 566 965 648 εἴγε
997 566 1141 652 πρός
1186 570 1241 631 τί
1269 568 1446 643 ἐστιν,
1491 569 1576 638 οἷς
1623 571 1687 632 τὸ
1719 568 1865 632 εἶναι
1909 568 2119 632 ταύτόν
2158 569 2282 632 ἐστι
2324 573 2409 652 τῷ
2447 566 2589 652 πρός
2634 569 2693 631 τί
2717 592 2843 636 πως
2888 566 3095 651 ἔχειν),

587 668 710 732 οὐδ’
765 671 952 738 οὕτως
1006 668 1074 731 ἂν
1126 671 1192 733 τὸ
1239 669 1394 740 εἶδος
1445 670 1538 754 εἴη
1593 671 1654 734 ἐν
1709 670 2076 755 ὑποκειμένῳ
2132 676 2205 754 τῇ
2262 672 2393 753 ὕλῃ.
2486 670 2525 752 ἢ
2572 669 2807 732 δύναται
2860 671 2955 732 καὶ
3000 669 3097 730 ἐπὶ

587 777 692 856 τῆς
735 772 878 854 ὕλης
921 771 1216 854 λέγεσθαι,
1262 772 1351 836 ὅτι
1395 774 1581 859 χωρὶς
1629 775 1732 855 μὲν
1779 773 1975 840 εἴδους
2020 772 2133 857 οὐχ
2178 773 2275 836 οἵα
2318 796 2381 835 τε
2425 771 2591 849 εἶναι,
2638 773 2837 855 ὥσπερ
2882 771 3020 834 οὐδὲ
3066 770 3097 831 ὃ

517 892 546 941 5
583 875 762 957 κηρὸς
811 873 998 958 χωρὶς
1053 874 1391 958 σχήματος,
1447 875 1632 960 χωρὶς
1676 876 1742 937 δὲ
1791 879 1894 937 τοῦ
1940 873 2135 942 εἴδους
2186 877 2355 937 τοῦδε
2408 873 2530 936 οἷόν
2585 897 2649 936 τε
2703 873 2884 957 αὐτὴν
2930 872 3097 944 εἶναι,
3124 878 3180 929 εὖ

587 977 670 1044 ὡς
713 977 809 1038 καὶ
853 977 952 1040 τὸν
998 978 1175 1061 κηρὸν
1215 977 1398 1063 χωρὶς
1443 979 1613 1040 τοῦδε
1658 981 1759 1041 τοῦ
1805 978 2129 1062 σχήματος.
2206 977 2245 1062 ἢ
2291 979 2345 1040 εἰ
2390 978 2626 1062 ἡψυχὴ
2674 976 2780 1040 οὐκ
2825 977 2886 1038 ἐν
2932 976 3097 1060 ἄλλῳ

586 1079 688 1140 τινὶ
738 1082 966 1162 σώματι
1020 1079 1115 1143 οἵα
1159 1103 1224 1142 τε
1267 1079 1413 1144 εἶναι
1467 1081 1506 1164 ἢ
1552 1080 1849 1163 γενέσθαι,
1906 1081 1945 1162 ἢ
1993 1081 2051 1142 ἐν
2105 1083 2195 1164 τῷ
2241 1081 2561 1166 ὐργανικῷ,
2615 1079 2821 1142 τούτου
2868 1078 2918 1141 δ’
2976 1075 3098 1140 ἔστι

589 1179 791 1263 μέρος,
845 1181 950 1245 οὐκ
1009 1181 1016 1268 Ι
1076 1181 1142 1246 ἂν
1197 1181 1290 1264 εἴη
1343 1183 1405 1245 ἐν
1462 1182 1856 1266 ὑποκειμένῳ,
1910 1187 2028 1243 τῶν
2084 1183 2147 1244 δὲ
2200 1185 2523 1266 σχημάτων
2578 1181 2819 1245 ἕκαστον
2876 1181 2983 1243 οὐκ
3036 1180 3095 1242 ἐν
3141 1186 3203 1242 41

585 1282 981 1372 ἀφωρισμένῳ
1037 1285 1248 1368 γίνεται
1293 1287 1541 1367 σώματι.
1631 1282 1715 1347 ἔτι
1761 1285 1792 1346 ὁ
1838 1283 2151 1368 ἅνθρωπός
2209 1283 2332 1345 ἐστι
2390 1284 2491 1367 μὲν
2548 1286 2643 1346 καὶ
2692 1284 2835 1364 μετὰ
2880 1288 3097 1366 ψυχῆς,

485 1403 550 1450 10
587 1381 708 1446 ἔστι
753 1387 818 1448 δὲ
847 1388 944 1449 καὶ
991 1388 1138 1468 μετὰ
1180 1386 1499 1472 χρώματός
1543 1409 1606 1450 τε
1645 1387 1741 1449 καὶ
1789 1387 2117 1470 σχήματος,
2166 1384 2286 1448 ἀλλ’
2329 1384 2442 1469 οὐχ
2490 1387 2726 1469 ὁμοίως,
2773 1385 2921 1447 ἀλλὰ
2954 1385 3099 1466 μετὰ

588 1488 690 1570 μὲν
736 1494 933 1574 ψυχῆς
978 1493 1062 1559 ὥς
1106 1491 1315 1574 μέρους
1359 1491 1456 1552 καὶ
1503 1489 1752 1571 μάλιστα
1796 1489 1878 1558 εἰς
1923 1490 1988 1551 τὸ
2033 1489 2335 1572 ἀνθρώπῳ
2380 1487 2524 1552 εἶναι
2570 1487 2969 1571 συντελούσης.
3038 1489 3099 1550 ἐν
3153 1503 3181 1545 τι

586 1585 640 1675 ᾧ
689 1590 794 1674 γὰρ
843 1590 910 1654 ἀν
955 1589 998 1676 ᾖ
1047 1594 1084 1676 ἡ
1139 1593 1376 1676 τοιαύτη
1422 1593 1622 1677 ψυχή,
1676 1589 1831 1655 τοῦτ’
1886 1591 2215 1675 ἄνθρωπος.
2306 1587 2505 1653 οὐκέθ’
2562 1592 2717 1654 οὕτω
2772 1592 2835 1653 τὸ
2882 1595 3099 1674 χρῶμα

587 1694 682 1756 καὶ
735 1695 800 1756 τὸ
855 1700 1068 1780 σχῆμα
1121 1695 1182 1758 ἐν
1227 1700 1313 1780 τῷ
1371 1695 1700 1779 ἀνθρώπῳ·
1767 1693 1834 1757 οὐ
1879 1695 1989 1777 γὰρ
2034 1698 2147 1756 πᾶν
2194 1697 2258 1758 τὸ
2304 1693 2445 1779 ἔχον
2500 1698 2757 1756 τοιοῦτον
2805 1698 3012 1777 σχῆμα
3058 1693 3096 1774 ἢ

587 1799 806 1880 χρῶμα
860 1796 1200 1882 ἅνθρωποςῖ
1280 1798 1367 1860 διὸ
1429 1797 1502 1860 τὰ
1557 1798 1660 1880 μὲν
1728 1797 1790 1858 ἐν
1850 1795 2213 1882 ὑποκειμένῳ
2278 1797 2471 1882 αὐτῷ,
2535 1796 2732 1859 οὐκέτι
2784 1797 2849 1858 δὲ
2914 1796 3013 1858 καὶ
3056 1797 3095 1878 ἡ
3126 1812 3182 1853 ιο

488 1916 549 1964 15
587 1898 773 1984 ψυχή.
864 1901 895 1963 ό
943 1899 995 1963 δ’
1049 1899 1225 1971 αὐτὸς
1268 1899 1438 1982 λόγος
1485 1901 1580 1962 καὶ
1627 1899 1722 1961 ἐπὶ
1768 1903 1884 1961 τῶν
1930 1898 2124 1962 ἄλλων
2168 1905 2286 1962 τῶν
2331 1904 2593 1984 φυσικῶν
2638 1901 2829 1962 εἰδῶν.

588 2137 694 2202 ΙΧ.
758 2139 928 2208 Πῶς
972 2139 1134 2225 οὐχὶ
1178 2143 1263 2222 τῇ
1295 2136 1526 2222 εὐεξία
1559 2139 1597 2221 4,
1630 2136 1832 2206 νόσος
1877 2139 2264 2201 ἀντίκειται
2300 2142 2562 2221 μᾶλλον
2596 2143 2717 2221 τῆς
2747 2134 3095 2220 καχεξίας.

751 2305 1078 2392 Ἐζητήθη,
1126 2313 1253 2378 πῶς
1297 2307 1430 2393 οὐχὶ
1463 2313 1539 2391 τῇ
1573 2307 1762 2390 εὐεξία
1795 2306 1946 2392 οὔσῃ
1979 2308 2363 2392 ἐπιτεταμένῃ
2404 2309 2564 2392 ὑγεία
2598 2310 2635 2391 4,
2678 2309 2849 2376 νόσος
2884 2309 3100 2390 μᾶλλον
3130 2321 3183 2363 15

588 2415 694 2494 τῆς
737 2411 1010 2496 καχεξίας
1055 2412 1392 2485 ἀντίκειται,
1449 2409 1512 2472 εἷ’
1547 2433 1614 2493 γε
1656 2409 1730 2472 τὰ
1775 2411 2003 2474 ἐναντία
2049 2415 2317 2474 πλεῖστον
2364 2411 2633 2493 ἀλλήλων
2692 2410 2991 2492 διέστηκεν
3038 2407 3099 2470 ἐν

588 2517 674 2596 τῷ
720 2513 883 2598 αὐτῷ
929 2512 1101 2596 γένει.
1191 2515 1245 2575 εί
1287 2513 1394 2596 γὰρ
1441 2514 1480 2596 ἡ
1525 2511 1767 2598 καχεξία
1812 2512 1873 2574 ἐν
1920 2513 2222 2595 ὑγιαίνοντι
2265 2513 2510 2594 γίνεται,
2570 2512 2662 2595 εἴη
2709 2511 2777 2575 ἄν
2826 2510 3099 2592 ἀνειμένη

481 2633 549 2681 20
585 2637 668 2683 τις
720 2613 868 2678 οὖσα
923 2615 1104 2696 ὑγεία,
1172 2615 1328 2678 οὕτω
1381 2615 1448 2676 δὲ
1499 2611 1659 2679 ἔσται
1713 2618 1788 2696 τῇ
1846 2613 2230 2698 ἐπιτεταμένη
2297 2615 2459 2699 ὑγεία
2518 2617 2555 2699 ἡ
2614 2614 2883 2697 ἀνειμένη
2941 2613 3101 2695 ὑγεία

585 2717 827 2780 ἐναντία.
926 2716 1144 2780 ἄτοπον
1191 2717 1256 2780 δὲ
1299 2721 1377 2800 τῇ
1425 2717 1529 2798 μὲν
1579 2717 1742 2800 ὑγεία
1786 2716 1891 2799 τὴν
1938 2715 2107 2780 νόσον
2151 2716 2335 2798 λέγειν
2380 2717 2525 2780 εἶναι
2571 2717 2845 2792 ἐναντίον,
2894 2714 3099 2800 μηκέτι
3126 2730 3182 2772 ευ

587 2819 652 2881 δὲ
695 2821 774 2902 τῇ
820 2818 1207 2903 ἐπιτεταμένῃ
1255 2817 1418 2902 ὑγεία
1462 2819 1568 2902 τὴν
1614 2819 1784 2883 νόσον
1829 2820 1869 2901 ἢ
1913 2820 2019 2902 τὴν
2065 2819 2215 2882 κατὰ
2258 2821 2363 2903 τὴν
2395 2819 2565 2884 νόσον
2596 2818 2877 2882 ἐπίτασιν.
2946 2819 3094 2900 αὕτη

583 2921 692 3005 γὰρ
737 2919 899 2985 ἔσται
943 2923 1212 2985 πλεῖστον
1255 2919 1438 3004 αὐτῆς
1481 2922 1786 2984 διεστῶσα.
1876 2919 1916 3002 ἢ
1964 2921 2018 2984 εί
2074 2922 2177 3003 μὲν
2227 2923 2356 3006 περὶ
2413 2921 2621 2984 ταύτὸν
2675 2921 2892 3003 ἐγίνετο
2946 2921 2988 3003 ἧ
3034 2943 3097 2980 τε

587 3023 746 3104 ὑγεία
789 3025 887 3086 καὶ
931 3025 971 3107 ἡ
1017 3023 1228 3100 εὐεξία,
1273 3021 1356 3086 ἔτι
1403 3021 1457 3086 δ’
1497 3024 1536 3106 ἡ
1584 3022 1753 3090 νόσος
1797 3025 1895 3086 καὶ
1942 3021 1949 3106 Ι
2000 3025 2037 3106 4,
2084 3021 2347 3108 καχεξία,
2394 3021 2465 3106 ἦν
2514 3021 2581 3086 ἂν
2628 3023 2783 3104 ὑγιὲς
2826 3024 2892 3084 τὸ
2934 3022 3091 3103 λεγό-
3128 3028 3201 3084 42

477 3145 544 3192 25
584 3149 773 3210 μενον,
820 3125 1022 3211 ἐπειδὴ
1069 3129 1163 3190 δεῖ
1203 3127 1334 3209 περὶ
1379 3126 1586 3189 ταύτὸν
1632 3125 1704 3188 τὰ
1747 3125 1973 3188 ἐναντία
2015 3126 2291 3208 γίνεσθαι.
2380 3127 2431 3188 εἰ
2476 3125 2528 3188 δ’
2581 3125 2641 3187 ἐν
2687 3123 2853 3208 ἄλλῳ
2902 3126 3005 3206 μὲν
3052 3126 3089 3208 ἡ

585 3227 766 3310 ὑγεία,
813 3229 872 3292 ἐν
919 3227 1084 3314 ἄλλῳ
1131 3231 1195 3292 δὲ
1240 3231 1280 3311 4,
1325 3227 1534 3304 εὐεξία,
1581 3229 1678 3291 καὶ
1723 3229 1784 3291 ἐν
1831 3224 1882 3312 ᾧ
1932 3229 2036 3310 μὲν
2083 3231 2119 3310 4,
2169 3228 2349 3311 ὑγεία,
2396 3230 2454 3291 ἐν
2488 3229 2674 3312 τούτῳ
2708 3230 2871 3312 καὶὴ
2903 3225 3092 3303 νόσος,

582 3330 642 3393 ἐν
687 3325 738 3416 ᾧ
777 3331 841 3394 δὲ
873 3333 911 3414 4,
943 3331 1204 3416 καχεξία,
1252 3331 1312 3393 ἐν
1357 3331 1546 3414 τούτῳ
1577 3332 1675 3393 καὶ
1705 3332 1743 3414 4,
1775 3330 1987 3403 εὐεξία,
2032 3329 2155 3393 οὔτ’
2197 3327 2435 3414 (εὐεξία)
2466 3331 2626 3412 ὑγεία
2671 3327 2795 3414 (ἂν)
2840 3329 2933 3413 εἴη
2977 3330 3095 3392 ἐπι·
3148 3345 3177 3386 5

583 3432 890 3516 τεταμένη,
933 3432 1054 3496 οὔτ’
1097 3435 1347 3496 ἐναντίον
1391 3432 1546 3518 αὐτῇ
1592 3431 1686 3514 εἴη
1732 3434 1769 3516 ἡ
1816 3433 2005 3508 νόσος,
2052 3435 2156 3517 τὴν
2202 3434 2397 3518 ἀρχὴν
2447 3433 2599 3515 μηδὲ
2642 3433 2915 3517 γινομένη
2961 3434 3092 3516 περὶ

580 3533 653 3596 τὰ
697 3534 846 3596 αὐτὰ
889 3534 1062 3619 αὐτῇ.
1141 3537 1352 3618 γίνεται
1395 3535 1504 3619 γὰρ
1549 3537 1588 3619 ἡ
1637 3536 1741 3618 μὲν
1791 3535 1951 3617 ὑγεία
1997 3537 2090 3598 καὶ
2137 3534 2306 3603 νόσος
2353 3537 2486 3619 περὶ
2531 3535 2633 3602 τὰς
2678 3535 2944 3617 δυνάμεις
2976 3539 3091 3596 τῶν

471 3655 540 3704 30
581 3638 828 3720 πρώτων
882 3638 1176 3719 σωμάτων
1229 3637 1291 3707 ἐξ
1355 3639 1436 3701 ὧν
1495 3637 1564 3700 τὰ
1621 3640 1779 3721 ζῷα,
1849 3637 1997 3721 ἅπερ
2044 3638 2167 3700 ἐστὶ
2221 3637 2293 3700 τὰ
2338 3641 2627 3722 στοιχεῖα,
2694 3637 2777 3699 ὧν
2821 3639 3092 3720 δυνάμεις
3120 3654 3175 3696 ιο

580 3737 874 3822 θερμότης
919 3737 1220 3824 ψυχρότης
1264 3737 1509 3824 ὑγρότης
1555 3738 1818 3823 ξηρότης.
1908 3739 1969 3800 ἐν
2016 3739 2120 3819 μὲν
2164 3738 2271 3823 γὰρ
2320 3744 2391 3823 τῇ
2440 3744 2555 3802 τῶν
2602 3741 2903 3821 δυνάμεων
2966 3741 3091 3804 τοὺ-

579 3864 694 3904 των
739 3841 884 3925 πρὸς
927 3839 1154 3926 ἄλληλα
1199 3842 1526 3926 συμμετρία
1569 3843 1608 3925 ἡ
1658 3842 1849 3923 ὑγεία,
1913 3841 1972 3903 ἐν
2020 3838 2069 3904 δ’
2126 3843 2491 3926 ἀσυμμετρία
2546 3846 2662 3903 τῶν
2716 3841 2909 3904 αὐτῶν
2965 3843 3090 3906 τοὺ-

469 4082 503 4135 3
537 4079 572 4154 ᾖ
611 4100 644 4133 ε
785 4081 818 4135 5
855 4082 1043 4136 οἴονται
1061 4083 1130 4135 V¹
1158 4085 1310 4147 (corr.
1334 4082 1424 4146 ν’)
1563 4083 1595 4136 6
1633 4083 1852 4136 fortasse
1890 4080 1998 4136 ἀλλ’
2038 4084 2081 4137 εἰ
2229 4084 2260 4135 7
2300 4083 2333 4152 ἢ
2372 4083 2423 4136 ἐν
2448 4081 2661 4136 v²BS²a
2687 4082 2802 4151 Sp.:
2841 4083 2892 4133 ἐν
2913 4085 3126 4136 V¹GFL

468 4169 571 4222 ἔστι
605 4173 726 4222 VB:
763 4169 859 4222 οὐκ
897 4170 976 4237 (in
1017 4185 1143 4239 mrg.
1181 4167 1240 4222 οὗ
1278 4169 1371 4236 G')
1408 4169 1510 4222 ἔστι
1547 4169 1735 4225 G²FSa
1761 4171 1880 4239 Sp.=
1920 4170 2091 4223 οὐκέτι
2128 4171 2197 4224 (3¹
2358 4170 2393 4222 8
2428 4169 2747 4238 ὑποκειμένω
2787 4175 2836 4222 V
2996 4186 3195 4244 σχημα-

467 4275 574 4309 των
611 4261 661 4308 V
843 4257 906 4309 12
945 4257 1004 4308 ἂν
1040 4252 1076 4332 ᾖ
1112 4255 1146 4326 ἠ
1183 4256 1348 4310 B²s²a
1391 4257 1504 4323 Sp.:
1561 4256 1619 4308 ἂν
1653 4256 1688 4328 ἠ
1729 4259 1953 4311 GFS¹L2
2002 4257 2062 4309 ἂν
2098 4257 2132 4327 ἡ
2174 4260 2266 4309 VB
2443 4252 2648 4324 οὐκέθ’]
2688 4256 2859 4309 οὐκέτι
2895 4256 2947 4308 δὲ
2986 4259 3122 4310 vict.

469 4343 608 4397 οὕτω
645 4343 697 4396 δὲ
735 4343 854 4396 v'B
1037 4344 1102 4397 18
1156 4342 1412 4416 διέστηκεν
1449 4344 1506 4396 in
1542 4343 1620 4396 lit.
1658 4343 1828 4398 B²S²a
1854 4345 1967 4412 Sp.:
2021 4343 2337 4414 καθέστηκεν
2374 4345 2627 4397 VGS¹FL
2792 4343 2859 4395 25
2914 4343 3096 4396 ταύτὸν
3130 4345 3196 4396 τὰ

467 4431 686 4500 ἐναντία]
723 4430 811 4484 τὸν
847 4431 911 4483 τὰ
947 4431 1000 4484 έν
1037 4430 1094 4482 in
1133 4431 1210 4483 lit.
1248 4434 1298 4482 V
1511 4430 1576 4482 27
1625 4430 1805 4496 εὐεξία,
1846 4427 1959 4484 οὔτ’
1998 4431 2205 4496 (εὐεξία)
2242 4431 2381 4499 ὑγεία
2418 4429 2521 4493 (ἂν)
2558 4431 2670 4500 Sp.:
2718 4429 2882 4490 εὐεξία
2918 4429 3058 4499 ὑγεία
3098 4433 3192 4482 Vl:

467 4515 630 4576 εὐεξία
663 4519 696 4589 ἡ
735 4514 786 4569 δ’
823 4515 986 4577 εὐεξία
1023 4516 1164 4586 ὑγεία
1192 4517 1333 4569 WB:
1372 4516 1561 4578 εὐεξία·
1601 4518 1717 4570 οὔτε
1755 4518 1924 4585 (νόσος
1962 4529 2081 4586 post
2118 4517 2233 4571 οὔτε
2270 4518 2367 4569 del.
2395 4519 2455 4582 S)
2494 4517 2632 4585 ὑγεία
2670 4517 2728 4568 ἂν
2755 4519 2991 4570 GFSLa:
3030 4517 3193 4578 εὐεξία

469 4600 583 4656 οὐδ’
622 4603 782 4664 εὐεξία
821 4605 959 4674 ὑγεία
997 4603 1056 4656 ἂν
1097 4606 1231 4656 vict.
1472 4605 1540 4656 28
1577 4604 1711 4676 αὐτῇ
1747 4604 1822 4674 εἴη
1862 4605 1894 4674 ἡ
1932 4604 2075 4661 νόσος
2112 4609 2229 4658 GL:
2270 4602 2397 4674 αὕτη
2436 4605 2513 4674 εἴη
2553 4605 2585 4674 ἡ
2624 4605 2767 4661 νόσος
2802 4606 2942 4658 Fsa:
2983 4605 3109 4674 αὐτη
3150 4605 3193 4656 εί

464 4691 500 4760 ἡ
537 4691 684 4749 νόσος
718 4695 782 4744 V:
821 4691 950 4761 αὐτῆ
987 4690 1066 4760 εἴη
1104 4691 1247 4749 νόσος
1281 4693 1351 4743 B:
1389 4690 1680 4744 τούναντίον
1716 4691 1848 4762 αὐτῇ
1886 4692 1961 4762 εἴη
2000 4691 2144 4748 νόσος
2182 4691 2269 4758 Sp.
2497 4690 2563 4742 29
2600 4694 2665 4742 τὰ
2702 4689 2830 4742 αὐτὰ
2868 4691 2997 4761 αὐτη
3036 4691 3189 4761 (αὐτῆ

465 4777 571 4843 112²)
596 4782 660 4830 V:
698 4778 761 4831 τὰ
797 4776 928 4830 αὐτὰ
963 4775 1093 4849 αὕτη
1121 4780 1316 4831 GFLa:
1353 4779 1416 4830 τὰ
1452 4778 1580 4831 αὐτὰ
1616 4777 1744 4848 αὐτῆ
1784 4777 1939 4848 (αὐτή
1965 4777 2062 4844 m¹)
2090 4777 2181 4830 13²:
2220 4777 2349 4830 αὐτὰ
2385 4775 2514 4846 αὕτη
2541 4780 2637 4831 Sa:
2675 4777 2835 4830 ταύτὰ
2872 4777 3003 4848 αὐτῇ
3029 4779 3118 4846 Sp.

463 4864 536 4917 30
571 4861 776 4936 δὺναμις
817 4883 848 4918 a

2696 4950 2787 5016 2*
