3684 5567
1121 286 1284 344 ΠΕΡΙ
1323 288 1642 347 ΚΡΑΣΕΩΣ
1681 291 1800 348 ΚΑΙ
1839 294 2193 354 ΑΥΞΗΣΕΩΣ
2238 299 2441 354 12-13
3017 309 3143 373 229

523 461 560 542 ἡ
608 463 722 522 τῶν
767 463 1065 546 τυχόντων
1112 461 1302 546 ὑγρῶν
1348 463 1556 534 ἕνωσις
1624 468 1825 550 κρᾶσίς
1871 493 1932 532 τε
1978 471 2074 532 καὶ
2120 472 2285 552 μῖξις.
2377 473 2445 536 οὐ
2500 475 2607 560 γὰρ
2668 477 2825 562 ὕδωρ
2872 477 3033 540 ὕδατι

527 566 804 645 κιρνᾶται,
852 565 1036 628 καίτοι
1082 565 1389 648 ἑνούμενον
1419 567 1602 651 αὐτῷ,
1649 569 1786 633 οὐδὲ
1816 570 2009 634 ἔλαιον
2041 573 2243 657 ἐλαίῳ,
2291 575 2410 638 ἀλλ’
2452 575 2589 640 οὐδὲ
2618 575 2809 642 ἔλαιον
2841 580 3031 644 ὕδατι·

522 664 672 726 ἀλλὰ
715 669 886 728 τοῦτο
934 667 1038 748 μὲν
1085 667 1180 730 διὰ
1223 668 1637 754 γλισχρότητα.
1727 671 1864 736 ὅταν
1931 675 1996 736 δὲ
2060 671 2100 759 ᾖ
2150 681 2385 740 τοιαῦτα
2452 679 2524 741 τὰ
2584 679 2882 764 ἑνούμενα,
2951 686 3034 752 ὥς

403 773 417 782 “
522 764 682 851 ἔχειν
729 770 1059 852 ποιότητας,
1105 768 1240 834 καθ’
1299 771 1368 840 ἃς
1411 773 1481 834 τὰ
1527 775 1842 856 μιγνύμενα
1911 783 2093 840 ποιεῖν
2139 802 2201 842 τε
2246 781 2341 843 καὶ
2388 784 2637 866 πάσχειν
2706 781 2801 845 ὑπ’
2858 786 3033 869 ἀλλή-
3060 804 3115 846 25

449 889 480 936 5
518 873 635 932 λων
681 869 834 934 ἐστὶν
879 871 980 934 οἶά
1023 895 1084 935 τε
1126 872 1196 955 (ἡ
1243 873 1350 956 γὰρ
1398 879 1600 958 κρᾶσις
1647 876 1706 938 ἐν
1751 883 1874 947 τοῖς
1918 883 2101 942 ποιεῖν
2146 905 2209 944 τε
2255 883 2349 945 καὶ
2396 885 2643 969 πάσχειν
2701 884 2800 947 ὑπ’
2856 887 3031 968 ἀλλή-

521 977 640 1036 λων
685 973 1070 1058 δυναμένοις),
1125 977 1258 1039 τότε
1301 978 1397 1040 καὶ
1444 979 1660 1041 τούτων
1707 984 1911 1062 κρᾶσις
1951 983 2181 1062 γίνεται.
2272 986 2365 1048 διὰ
2418 991 2589 1049 τοῦτο
2634 986 2743 1071 γὰρ
2790 988 3030 1070 ἄμικτον

520 1081 634 1139 πᾶν
679 1077 746 1139 τὸ
793 1077 954 1140 θεῖον
1000 1081 1174 1161 σῶμα
1219 1080 1284 1141 τὸ
1331 1081 1629 1164 ποιητικὸν
1677 1081 1740 1144 ὂν
1787 1083 1994 1165 μηκέτ’
2052 1087 2426 1172 ἀντιπάσχειν
2472 1089 2583 1150 ὑπὸ
2628 1093 2730 1152 τοῦ
2777 1092 3031 1178 πάσχον-

517 1202 613 1248 τος
658 1177 754 1242 ὑπ’
809 1178 987 1242 αὐτοῦ
1034 1180 1284 1243 δύναται.
1364 1181 1513 1266 μόνα
1557 1183 1664 1268 γὰρ
1711 1185 1783 1247 τὰ
1829 1183 2003 1250 ἔνυλα
2048 1189 2285 1273 πάσχει.
2360 1192 2447 1253 διὸ
2494 1195 2676 1254 ταῦτα
2722 1191 2871 1275 μόνα
2912 1198 3028 1256 τῶν

517 1282 834 1346 ποιούντων
881 1281 1228 1368 ἀντιπάσχει
1273 1282 1384 1347 ὅσα
1431 1289 1536 1368 τῆς
1581 1285 1761 1370 αὐτῆς
1827 1293 2247 1375 κεκοινώνηκεν
2318 1293 2475 1376 ὕλης.
2566 1297 2747 1357 ταῦτα
2800 1296 2865 1358 δὲ
2909 1301 3025 1358 τῶν

418 1404 479 1451 ιο
514 1389 620 1469 τῆς
663 1383 845 1469 αὐτῆς
893 1383 900 1470 Ι
951 1387 1093 1468 ὕλης
1137 1386 1646 1472 κεκοινωνηκότων
1691 1389 1788 1452 ὑπ’
1846 1391 2119 1475 ἀλλήλων
2165 1393 2539 1479 ἀντιπάσχειν
2596 1395 2693 1458 οἷά
2736 1419 2818 1472 τε,
2887 1397 2997 1460 ὅσα
3041 1405 3137 1462 612

515 1489 842 1551 ἐναντίωσιν
888 1485 1018 1574 ἔχει
1061 1488 1186 1551 τινὰ
1231 1490 1376 1572 πρὸς
1420 1489 1666 1573 ἄλληλα.
1758 1491 1825 1555 οὐ
1894 1494 2001 1577 γὰρ
2070 1496 2137 1557 τὸ
2183 1497 2366 1580 τυχὸν
2434 1499 2547 1561 ὑπὸ
2603 1503 2704 1560 τοῦ
2748 1497 3025 1583 τυχόντος

514 1591 637 1654 οἷόν
682 1615 746 1654 τε
790 1593 1064 1676 πάσχειν·
1138 1590 1276 1654 οὐδὲ
1339 1592 1450 1676 γὰρ
1510 1594 1576 1655 τὸ
1621 1592 1823 1674 ὅμοιον
1870 1597 1983 1658 ὑπὸ
2042 1601 2145 1660 τοῦ
2191 1599 2419 1680 ὁμοίου.
2510 1600 2716 1683 ἀπαθῆ
2764 1600 2872 1684 γὰρ
2918 1601 3015 1664 ὑπ’

513 1693 786 1775 ἀλλήλων
833 1693 904 1756 τὰ
950 1693 1140 1775 ὅμοια.
1232 1693 1294 1756 ἐν
1345 1695 1683 1779 διαφέρουσι
1728 1698 1838 1780 γὰρ
1884 1699 1980 1762 καὶ
2030 1699 2141 1762 ὑπὸ
2186 1701 2577 1786 διαφερόντων
2622 1705 2688 1765 τὸ
2735 1707 2919 1768 ποιεῖν
2965 1727 3029 1766 τε
3081 1723 3109 1764 5

513 1798 606 1859 καὶ
655 1798 904 1883 πάσχειν
948 1796 1176 1878 γίνεται.
1269 1795 1390 1859 ἀλλ’
1447 1796 1584 1861 οὐδὲ
1629 1800 1700 1861 τὰ
1744 1800 1915 1882 ἕτερα
1960 1803 2149 1886 πάντῃ
2196 1803 2415 1888 πάσχει
2459 1829 2511 1867 τι
2567 1803 2671 1866 ὑπ’
2728 1805 3019 1887 ἀλλήλων.

415 1921 472 1968 15
511 1901 647 1964 οὐδὲ
691 1900 800 1984 γὰρ
846 1900 1058 1964 παθεῖν
1103 1898 1226 1963 οἶόν
1273 1922 1334 1962 τε
1379 1902 1580 1984 φωνὴν
1649 1902 1760 1966 ὑπὸ
1814 1910 2109 1988 γραμμῆς,
2180 1911 2267 1990 τῷ
2342 1909 2522 1990 μηδὲν
2590 1905 2688 1970 ὑπ’
2745 1907 3018 1992 ἀλλήλων

511 2005 906 2088 ἀντιπάσχειν,
977 2025 1012 2061 ιε
1059 2023 1100 2062 x-
1145 2023 1184 2062 ει
1230 2003 1426 2085 κοινὴν
1485 2005 1835 2068 ὑποκεῖσθαί
1887 2029 2009 2070 τινα
2076 2008 2245 2092 φύσιν
2290 2015 2407 2072 τῶν
2476 2009 2763 2092 ἑκατέρων
2812 2012 3021 2073 παθῶν

508 2105 891 2188 ἐπιδεκτικήν.
980 2106 1068 2168 διό
1117 2105 1268 2168 ἐστιν
1317 2107 1377 2168 ἐν
1423 2107 1644 2174 τούτοις
1673 2109 1740 2170 τὸ
1770 2113 1955 2172 ποιεῖν
2000 2133 2063 2173 τε
2108 2111 2205 2174 καὶ
2237 2111 2507 2196 πάσχειν,
2556 2111 2665 2176 ὅσα
2696 2114 2800 2195 τὴν
2832 2111 3013 2195 αὐτὴν
3045 2129 3099 2170 ιο

510 2208 654 2292 ὕλην
697 2207 1082 2292 ὑποκειμένην
1109 2196 1338 2294 ’ἔχοντα
1369 2209 1700 2273 ἐναντίωσίν
1741 2235 1866 2274 τινα
1896 2210 2026 2296 ἔχει
2063 2214 2209 2296 πρὸς
2250 2212 2496 2297 ἄλληλα.
2573 2213 2708 2278 οὔτε
2751 2215 2857 2298 γὰρ
2905 2214 3019 2276 ὑπὸ

507 2315 818 2396 χρώματος
861 2313 928 2374 τὸ
972 2311 1170 2394 γλυκύ,
1216 2312 1366 2376 καθὸ
1397 2313 1595 2394 γλυκύ,
1643 2313 1822 2377 πάθοι
1856 2313 1985 2378 ποτ’
2020 2313 2111 2390 ἄν,
2158 2313 2291 2379 οὔτε
2324 2317 2435 2379 ὑπὸ
2470 2317 2691 2401 θερμοῦ
2723 2318 2787 2380 τὸ
2825 2315 3019 2401 ξηρόν,

404 2434 470 2480 20
509 2415 629 2478 ἀλλ’
685 2413 822 2478 οὐδὲ
866 2414 978 2477 ὑπὸ
1024 2419 1255 2499 ψυχροῦ
1300 2417 1364 2478 τὸ
1413 2415 1582 2499 ὑγρόν
1628 2417 1782 2478 καθὸ
1829 2415 2017 2500 ὑγρόν,
2081 2416 2168 2479 ὅτι
2216 2419 2300 2501 μὴ
2344 2415 2467 2482 ἔστι
2513 2423 2693 2481 ταῦτα
2742 2421 3020 2503 ἀλλήλοις

482 2517 751 2592 ἐναντία,
799 2515 949 2580 ἀλλὰ
993 2537 1034 2577 ⁴1·
1078 2537 1118 2577 u·
1163 2537 1204 2577 νε
1249 2517 1520 2584 ἐναντίοις
1553 2539 1612 2579 τε
1661 2519 1754 2581 καὶ
1800 2523 1920 2587 τοῖς
1964 2519 2194 2600 μεταξύ.
2284 2519 2353 2583 οὐ
2397 2520 2508 2603 γὰρ
2556 2522 2729 2602 μόνον
2774 2523 2839 2585 τὸ
2890 2523 3023 2606 θερ-

509 2621 616 2700 μὸν
663 2621 774 2682 ὑπὸ
820 2623 923 2683 τοῦ
967 2623 1198 2704 ψυχροῦ
1243 2620 1340 2682 καὶ
1385 2620 1450 2681 τὸ
1495 2621 1726 2704 ψυχρὸν
1774 2621 1886 2683 ὑπὸ
1931 2626 2033 2684 τοῦ
2082 2621 2305 2705 θερμοῦ
2354 2623 2780 2707 μεταβάλλεταί
2818 2647 2881 2687 τε
2926 2627 3023 2688 καὶ
3053 2643 3104 2685 15

507 2724 742 2805 πάσχει,
788 2721 927 2785 οὐδὲ
971 2722 1036 2783 τὸ
1083 2721 1252 2805 ὑγρὸν
1299 2721 1410 2784 ὑπὸ
1456 2726 1558 2784 τοῦ
1605 2723 1778 2807 ξηροῦ
1824 2724 1921 2787 καὶ
1967 2725 2031 2786 τὸ
2078 2723 2249 2807 ξηρὸν
2299 2724 2411 2786 ὑπὸ
2455 2730 2559 2788 τοῦ
2605 2727 2799 2808 ὑγροῦ,
2869 2727 3018 2790 ἀλλὰ

505 2825 602 2888 καὶ
645 2824 718 2887 τὰ
764 2824 977 2909 μεταξὺ
1025 2823 1304 2907 ἑκατέρου
1350 2829 1467 2887 τῶν
1513 2824 1731 2909 ἄκρων,
1803 2827 1891 2889 ὅτι
1961 2827 2109 2889 κατὰ
2178 2827 2323 2910 μῖξίν
2382 2829 2505 2890 ἐστι
2564 2833 2649 2912 τῷ
2698 2829 2842 2912 πρὸς
2888 2830 3021 2892 ἑκά-

395 2947 462 2994 25
501 2950 666 3012 τερον
711 2932 828 2992 τῶν
873 2927 1144 2990 ἐναντίων
1189 2928 1255 2990 τὸ
1325 2927 1536 3010 μεταξὺ
1583 2928 1678 2990 τὸν
1727 2927 1980 3012 θατέρου
2049 2931 2165 2990 τῶν
2237 2929 2508 2993 ἐναντίων
2572 2933 2781 3002 σώζειν
2828 2931 3017 3012 λόγον.

500 3035 619 3101 τοῖς
665 3031 774 3114 γὰρ
817 3028 1260 3114 προειρημένοις
1305 3029 1642 3114 συμβέβηκε
1687 3031 1791 3112 τὴν
1835 3030 2017 3114 αὐτὴν
2066 3031 2207 3113 ὕλην
2258 3029 2496 3116 ἔχουσιν
2544 3033 2639 3096 καὶ
2684 3033 3014 3096 ἐναντίωσιν
3044 3051 3101 3092 so

501 3134 647 3197 κατὰ
691 3135 756 3196 τὸ
802 3132 955 3202 εἶδος
1001 3131 1162 3218 ἔχειν
1208 3132 1351 3216 πρὸς
1396 3131 1642 3217 ἄλληλα.
1735 3138 1838 3216 τῆς
1880 3133 1989 3217 γὰρ
2038 3133 2179 3216 ὕλης
2246 3132 2387 3196 ἴδιον
2444 3136 2509 3196 τὸ
2554 3137 2661 3218 τὴν
2708 3135 2889 3218 αὐτὴν
2934 3137 3013 3198 εἶ·
3162 3123 3166 3128 .

501 3259 590 3298 ναι
633 3241 750 3300 τῶν
795 3235 1066 3299 ἐναντίων
1111 3235 1494 3318 ἐπιδεκτικήν.
1586 3235 1770 3298 πάντα
1838 3234 1947 3318 γὰρ
2014 3236 2087 3298 τὰ
2154 3237 2215 3298 ἐν
2280 3237 2507 3319 γενέσει
2564 3260 2627 3300 τε
2674 3239 2769 3301 καὶ
2814 3237 3013 3323 φθορᾷ

499 3341 746 3423 σώματα
792 3339 888 3402 ἐπὶ
931 3343 1037 3422 τῆς
1083 3335 1264 3422 αὐτῆς
1309 3339 1584 3420 ἀλλήλοις
1629 3339 1781 3401 ἐστὶν
1830 3339 1992 3422 ὅλης,
2038 3340 2077 3422 ἡ
2126 3340 2191 3401 δὲ
2237 3341 2489 3425 διαφορὰ
2536 3341 2716 3424 αὐτῆς
2760 3343 2909 3405 κατά
2950 3363 3014 3402 τε

389 3460 460 3508 3ο
495 3441 623 3525 εἴδη
669 3442 767 3505 καὶ
813 3441 1223 3526 συμβεβηκότα
1270 3441 1454 3524 πάθη.
1528 3441 1602 3502 τὰ
1631 3443 1767 3522 γοῦν
1798 3440 2055 3525 τέσσαρα
2087 3444 2354 3523 σώματα,
2400 3442 2438 3505 ἃ
2472 3447 2737 3528 στοιχεῖα
2765 3444 3011 3524 λέγεται,
3040 3462 3096 3504 25

499 3543 620 3607 ἔστι
665 3549 876 3607 ταῦτα·
947 3548 1020 3626 γῆ
1067 3545 1164 3606 καὶ
1211 3543 1388 3626 ὕδωρ,
1459 3543 1576 3627 ἀήρ
1621 3566 1683 3605 τε
1727 3544 1822 3607 καὶ
1870 3548 2005 3628 πῦρ,
2074 3543 2113 3605 ἃ
2160 3545 2302 3629 ὕλην
2346 3547 2454 3628 τὴν
2509 3545 2691 3628 αὐτὴν
2737 3546 3013 3628 ἀλλήλοις

496 3644 708 3732 ἔχοντα
753 3645 901 3709 κατὰ
945 3645 1018 3708 τὰ
1063 3644 1190 3728 εἴδη
1236 3646 1341 3727 τὴν
1387 3646 1532 3729 πρὸς
1597 3644 1824 3728 ἄλληλα
1894 3649 2070 3717 σώζει
2116 3647 2420 3731 διαφοράν.
2512 3646 2853 3730 διαφέρουσι
2898 3648 3005 3730 γὰρ

494 3749 766 3833 ἀλλήλων
811 3752 898 3832 τῷ
943 3748 1010 3810 τὸ
1057 3748 1160 3828 μὲν
1207 3745 1399 3810 αὐτῶν
1446 3746 1665 3830 θερμόν
1710 3746 1762 3810 τ’
1818 3747 1966 3810 εἶναι
2009 3750 2105 3812 καὶ
2162 3748 2333 3833 Εηρόν
2377 3749 2468 3832 (ἐν
2514 3748 2622 3831 γὰρ
2668 3750 2896 3820 τούτοις
2941 3753 3007 3813 τὸ

492 3851 638 3916 εἶναι
680 3857 768 3935 τῷ
815 3851 954 3935 πυρί
991 3850 1152 3934 πυρί·
1201 3849 1324 3913 ἐστὶ
1372 3851 1475 3934 μὲν
1505 3851 1612 3932 γὰρ
1659 3851 1756 3912 καὶ
1800 3851 1863 3912 ἐν
1907 3855 1981 3934 τῇ
2030 3851 2144 3934 ὕλῃ
2190 3850 2353 3936 αὐτῷ
2397 3853 2463 3914 τὸ
2510 3851 2655 3915 εἶναι
2700 3857 2775 3934 τῇ
2822 3857 3002 3917 ταῦτα

382 4099 414 4152 2
451 4099 614 4152 καίτοι
633 4099 807 4152 BR'a:
847 4100 934 4152 καί
958 4117 1006 4150 τι
1029 4099 1120 4152 rel.
1263 4097 1296 4150 3
1335 4097 1449 4166 μὲν]
1475 4099 1693 4151 fortasse
1721 4099 1895 4166 μένει
2036 4102 2245 4151 τοιαῦτα
2266 4101 2467 4152 CPRS:
2494 4101 2655 4151 ταῦτα
2674 4102 2806 4151 ABa
2946 4099 2978 4152 5
3004 4099 3109 4152 οἶόν

380 4207 436 4240 τε
463 4191 565 4242 Ra:
605 4187 684 4240 διά
720 4205 774 4239 τε
799 4190 836 4240 S
990 4187 1039 4240 5.
1080 4185 1111 4237 6
1151 4185 1606 4254 ἐστὶν-ἀλλήλων
1644 4201 1744 4236 om.
1782 4186 1945 4238 Ideler
2088 4185 2121 4237 8
2158 4185 2365 4238 δύναται
2403 4185 2595 4240 Ideler:
2631 4184 2874 4239 δύνασθαι
2913 4188 3033 4240 libri

381 4275 414 4326 9
451 4275 828 4344 ἐκκοινώνηκεν
849 4277 896 4328 R
921 4274 1112 4327 Ideler:
1151 4272 1532 4342 ἐκκοινώνημεν
1559 4291 1588 4323 a
1738 4273 1801 4324 10
1837 4279 1928 4342 τῆς
1953 4271 2132 4342 αὐτῆς]
2172 4276 2264 4341 τῆς
2292 4275 2363 4325 B:
2400 4270 2634 4341 τοιαύτης
2659 4290 2717 4325 a:
2756 4278 2849 4342 τῆς
2872 4272 3109 4344 τοιαύτης

377 4363 540 4415 Ideler
683 4361 1142 4432 ἐκκοινωνηκότων
1167 4365 1244 4414 Ra
1391 4361 1446 4411 ll
1490 4359 1800 4424 ἐναντίωσιν]
1826 4359 2050 4413 αἰτίωσιν
2074 4363 2151 4412 Ra
2298 4359 2361 4411 12
2388 4359 2502 4413 οὐδὲ
2530 4360 2745 4427 scripsi:
2774 4359 2887 4412 οὔτε
2917 4360 3037 4414 libri

381 4452 445 4502 14
499 4449 688 4521 πάντη]
740 4451 903 4501 πάντα
938 4453 1020 4501 Ra
1169 4449 1230 4500 16
1285 4448 1607 4521 ἀντιπάσχειν
1656 4447 1830 4517 (μηδὲ)
1872 4448 2055 4500 [delerz
2094 4448 2311 4500 fortasse
2360 4448 2749 4518 ἀντιπάσχειν<,
2791 4447 2847 4498 εἰ
2884 4446 2966 4516 μὴ
3004 4445 3107 4499 διὰ

375 4537 478 4603 τὸ)
661 4538 722 4590 18
759 4536 887 4608 ἔχει]
927 4535 1012 4608 ἔχε
1050 4541 1126 4588 A:
1164 4536 1293 4603 ἔχειν
1329 4539 1373 4587 Β
1543 4533 1659 4587 οὔτε
1696 4537 1910 4600 scripsi:
1969 4533 2083 4586 οὐδὲ
2122 4535 2241 4588 libri
2404 4535 2471 4586 ⁶20
2508 4532 2639 4585 καθὸ
2677 4533 2828 4602 ὑγρόν
2866 4549 2966 4586 om.
2994 4553 3027 4585 a

376 4627 438 4678 21
489 4625 688 4678 ἐναντία
725 4623 801 4676 A¹
839 4623 1019 4691 Apelt:
1075 4624 1313 4680 ἐναντίοις
1351 4623 1438 4674 rel.
1583 4623 1845 4687 ἐναντίοις]
1870 4622 1966 4686 (ἐν>
1992 4622 2228 4680 ἐναντίοις
2258 4622 2437 4690 Apelt:
2476 4621 2727 4678 ἐναντίους
2752 4622 2942 4674 ldeler:
2982 4625 3105 4675 ante

373 4714 612 4770 ἐναντίοις
658 4712 886 4764 fenestra
937 4710 996 4763 15
1032 4710 1320 4762 litterarum
1362 4715 1432 4760 A:
1491 4709 1560 4761 ‘20
1595 4710 1881 4762 litterarum
1922 4712 2039 4760 BC:
2096 4709 2315 4762 sortasse
2362 4704 2479 4761 ἀλλ’
2518 4707 2733 4770 (ἔστιτὸ
2781 4708 3101 4782 ἀντιπάσχειν

374 4801 528 4870 μόνον
565 4800 616 4852 ἐν
654 4800 781 4861 τοῖς)
827 4798 1065 4857 ἐναντίοις
1207 4798 1274 4849 24
1311 4797 1414 4849 ἐστι
1449 4797 1550 4865 τῷ]
1588 4795 1808 4849 fortasse
1846 4796 2045 4848 ἔνεστι
2081 4797 2191 4866 τὴν
2336 4796 2405 4848 30
2441 4794 2584 4864 γοῦν]
2622 4795 2715 4867 γὰρ
2752 4797 2809 4847 in
2846 4811 2949 4848 ras.
2987 4799 3029 4848 C

372 4888 442 4948 34
481 4888 597 4964 πυρὶ
635 4887 790 4943 semel
832 4886 995 4941 ldeler
1159 4887 1249 4957 μὲν
1287 4901 1328 4941 s.
1354 4902 1398 4938 v.
1427 4889 1503 4938 A:
1543 4899 1642 4938 om.
1680 4886 1858 4940 BOPS
2038 4884 2097 4936 τὸ
2135 4885 2258 4938 εἶναι
2295 4899 2396 4936 om.
2424 4882 2589 4938 Ideler
