3684 5567
546 249 678 288 κων
1633 242 2179 298 ADDITAMENTUM

545 417 694 472 λείων
767 420 833 472 22
879 418 984 490 ἔχει
1057 420 1123 472 24
1170 419 1346 477 πάσαις
1417 417 1484 471 26
1521 419 1667 470 παντὶ
1740 416 1806 470 27
1844 417 1937 488 τὴν
2010 417 2077 470 28
2112 414 2253 481 τάδε]
2289 415 2435 486 τήνδε
2472 412 2499 484 Η
2540 411 2689 483 τῆνδε
2724 411 2778 465 δὲ
2851 412 2935 465 29.
2960 410 3029 464 30
3064 411 3251 482 ἑκάστῃ

549 506 700 568 158,6
743 507 1044 577 φαινομένου
1087 503 1280 576 ἀγαθοῦ
1351 505 1400 557 7.
1425 505 1458 558 8
1501 507 1699 558 τοιοῦτο
1765 504 1829 558 10
1863 504 2021 558 αυτοῦ
2086 505 2149 557 12
2183 501 2443 575 ἀθαίρετος
2513 501 2577 555 14
2613 498 2928 570 αἱρεθήσεται
2992 499 3054 552 19
3090 501 3253 552 πάντα

545 595 612 648 22
647 595 776 648 ἐστὶν
803 595 950 664 ἐσμ-ὲν
1011 594 1078 647 23
1115 595 1167 646 αἱ
1199 593 1251 647 δὲ
1275 594 1344 647 ἐν.
1372 590 1448 664 ἐφ’
1475 594 1595 664 ἡμῖν
1657 595 1724 647 24
1761 592 1840 647 διὰ
1917 592 2069 656 159,2
2104 609 2181 662 pr.
2208 591 2317 662 καὶ]
2354 592 2387 661 ἢ
2428 589 2455 662 ΙΙ
2496 589 2709 643 ἀκούσια
2766 589 2797 642 7
2838 586 2992 659 αὐτῆς
3058 589 3122 643 10
3145 596 3250 642 τῶν

543 682 812 751 τοιουτων]
849 681 1044 735 τοΰτων
1109 683 1172 735 14
1209 681 1304 734 οὐκ
1340 679 1530 742 ἔξωθεν
1567 690 1698 736 ποιεῖ
1733 697 1831 735 om.
1912 682 1972 735 16
2011 681 2167 747 αἰτία]
2204 680 2285 734 διὰ
2318 680 2370 732 τί
2438 678 2502 732 18
2536 697 2592 732 τε
2630 679 2717 730 καὶ
2776 677 2844 730 22
2882 675 3001 750 ἔχον
3062 676 3128 730 23
3163 677 3251 736 τὰς

543 765 668 823 καθ’
733 770 799 823 28
835 766 905 822 δι’
945 767 1072 822 αὐτὰ
1135 768 1204 822 30
1239 775 1372 822 ποιεῖ
1427 768 1495 822 33
1533 767 1802 840 ὁριζόμεθα
1872 768 1939 822 34
1978 767 2231 822 ἀκουσίων
2309 767 2601 833 160,1-2
2648 763 3253 837 γινόμενα-προαίρεσιν

543 872 642 910 om.
705 858 736 910 2
774 859 899 926 μετὰ
943 857 1095 927 λόγου
1138 876 1194 910 τε
1265 856 1298 909 3
1336 855 1436 925 διὸ]
1487 856 1540 909 δὲ
1611 857 1676 910 10
1709 858 1821 927 περὶ
1870 871 1969 909 om.
2048 857 2108 909 12
2145 857 2331 926 γίνεται
2394 856 2458 908 14
2494 853 2650 907 αὐτοῦ
2714 853 2776 907 15
2814 852 2919 907 οἷον
2960 851 2985 922 ΙΙ
3035 853 3251 922 γίνονται

548 946 610 999 18
649 943 895 1014 βουλευτά
953 945 1014 998 21
1044 945 1394 1002 συντελοῦντες
1419 945 1506 996 καὶ
1543 942 1570 1014 Η
1612 962 1666 998 τε
1690 945 1777 997 καὶ
1801 942 1941 1004 τέλος
2002 943 2067 997 25
2104 941 2240 1014 ἠόρ.
2302 943 2365 996 27
2403 941 2468 996 τὰ
2502 957 2601 995 om.
2664 942 2731 995 29
2768 941 3013 1000 ἑκουσίως
3051 938 3078 1011 ΙΙ
3118 941 3252 995 κατὰ

540 1031 725 1091 ταυτας
759 1029 845 1086 τ.Ρ
907 1032 970 1086 31
1011 1030 1284 1102 ἐκτῶμεθα
1324 1029 1350 1101 ΙΙ
1392 1033 1484 1104 γὰρ
1521 1046 1622 1084 om.
1661 1029 1687 1101 ΙΙ
1728 1048 1804 1100 pr.
1844 1030 2101 1104 πράττειν]
2140 1030 2314 1102 πρᾶξιν
2355 1028 2380 1101 ΙΙ
2423 1027 2681 1100 γινώμεθα
2740 1029 2807 1082 32
2844 1028 2915 1087 ὡς
2952 1029 3043 1101 γὰρ
3104 1028 3170 1083 37
3206 1030 3250 1082 εί

542 1135 641 1173 om.
721 1121 871 1184 16].,2
895 1117 970 1173 ἐπ’
998 1135 1099 1173 om.
1161 1119 1193 1174 3
1228 1121 1412 1173 ἐκάστο
1438 1121 1516 1172 sic
1575 1119 1608 1173 5
1633 1118 1817 1181 λέξεως
1876 1119 1909 1172 8
1946 1126 2050 1178 τοῖς
2074 1117 2317 1177 τοιαΰτοις
2380 1119 2443 1171 14
2480 1115 2575 1186 δεῖ]
2602 1117 2662 1188 δὴ
2729 1117 2792 1169 16
2818 1117 2862 1170 εί
2889 1132 2991 1170 om.
3058 1116 3121 1170 17
3146 1117 3253 1188 κρί-

542 1227 612 1261 νει
670 1208 732 1262 19
769 1209 856 1261 καὶ
890 1209 942 1261 αἱ
979 1209 1148 1277 ἀρεταὶ
1209 1209 1277 1262 20
1313 1207 1459 1260 αὗται
1485 1225 1537 1277 φ.
1602 1208 1664 1260 21
1705 1206 2075 1278 αὐτὴ-φυσει]
2112 1204 2241 1277 αὕτη
2279 1205 2331 1260 δὲ
2368 1204 2511 1276 φὺσει
2572 1205 2637 1259 25
2674 1204 3117 1278 ἔχοι-κτήσαιτο]
3154 1205 3252 1278 οὐχ

543 1294 654 1349 οἴου
689 1295 1055 1366 δανακτήσαιτο
1091 1296 1206 1360 (sic)
1287 1295 1352 1348 26
1401 1298 1555 1366 φῆναι
1591 1296 1672 1348 bis
1750 1295 1905 1362 16⁶2,1
1948 1295 1982 1366 ἡ
2020 1294 2185 1348 ἐστινῖ
2226 1292 2251 1365 ΙΙ
2300 1292 2398 1355 ἕξις
2440 1294 2475 1362 ἢ
2546 1293 2596 1346 4.
2634 1293 2667 1347 5
2704 1317 2771 1338 =
2810 1294 2875 1360 V,
2920 1294 3011 1348 sed
3054 1291 3253 1347 τουτων

542 1383 574 1437 6
611 1383 794 1454 ἠὸόντα
833 1383 860 1454 ΙΙ
899 1389 1004 1436 τῶν
1077 1382 1108 1434 7
1146 1380 1220 1454 εἴη
1262 1382 1320 1435 ἂν
1393 1383 1426 1436 8
1469 1382 1792 1453 μεταβάλλειν
1865 1383 1898 1436 9
1935 1382 1987 1437 δὲ
2024 1383 2057 1454 ἡ
2095 1398 2194 1435 om.
2224 1381 2249 1452 ΙΙ
2290 1380 2525 1452 τοιαῦτ-ης
2600 1382 2664 1436 10
2698 1383 2911 1452 γίγνοιτο
2988 1384 3050 1435 12
3084 1382 3118 1453 ἡ
3156 1381 3252 1453 ὕλη

543 1487 642 1524 om.
684 1469 710 1541 Η
750 1471 866 1542 ἑξῆς
949 1471 1014 1524 13
1049 1472 1101 1524 ἐν
1139 1470 1256 1524 εἴδει
1294 1469 1318 1542 ΙΙ
1369 1472 1623 1542 γινόμεναι
1711 1473 1773 1524 14
1825 1471 2036 1542 κυρίως]
2073 1469 2245 1530 καλῶς
2284 1469 2310 1540 Η
2352 1472 2438 1524 καὶ
2480 1471 2541 1523 ἐκ
2574 1474 2669 1542 τῆς
2704 1487 2779 1524 στ.
2868 1470 2949 1524 14.
2991 1471 3054 1524 15
3092 1471 3163 1528 ὡς
3198 1471 3251 1523 ἐν

541 1558 874 1627 ὑποκειμένου
948 1560 1011 1612 16
1049 1558 1174 1612 εἶναι
1212 1575 1313 1612 om.
1406 1560 1468 1613 17
1515 1577 1648 1617 τινος
1682 1561 1804 1613 εἶναι
1899 1561 1953 1613 11
2012 1558 2071 1612 οὐ
2108 1561 2285 1629 γὰρ-
2307 1577 2439 1618 τινος
2476 1574 2573 1612 om.
2670 1559 2733 1612 18
2769 1561 2926 1630 χωρὶς
2962 1563 3053 1630 τῆς
3106 1557 3133 1629 Η
3190 1559 3251 1612 τὸ

542 1647 610 1699 24
647 1646 1029 1717 μεταβάλλουσα
1103 1647 1168 1701 25
1205 1648 1271 1702 τὰ
1342 1649 1409 1702 28
1459 1647 1627 1706 αὐτοῖς
1661 1665 1758 1702 om.
1857 1646 2020 1714 163,1
2062 1649 2130 1706 είς
2167 1647 2194 1699 ὃ
2250 1645 2275 1718 ΙΙ
2335 1648 2426 1716 μὲν
2466 1663 2563 1701 om.
2622 1645 2649 1718 ss
2708 1648 2801 1701 alt.
2844 1649 2895 1701 αἱ
2944 1663 3043 1701 om.
3135 1649 3168 1700 4
3215 1648 3248 1718 ἡ

541 1733 573 1788 5
611 1739 701 1806 τῆς
738 1735 1017 1806 στερήσεως
1088 1736 1118 1789 6
1157 1732 1242 1807 ἀφ’
1282 1736 1356 1790 ὧν
1395 1734 1420 1808 ΙΙ
1469 1736 1502 1806 ἡ
1541 1752 1640 1790 om.
