3684 5567
1265 261 1522 317 ΗΘΙΚΩΝ
1562 261 2094 319 [ΙΡΟΒΛΗΜΑΊῺΝ
2133 264 2336 315 28—‘29
3037 264 3157 327 159

555 437 739 521 μέθην
770 438 1306 524 ἁμαρτανομένων),
1354 438 1391 501 ἃ
1435 438 1540 523 γὰρ
1572 439 1754 502 αἰτίαν
1800 436 1926 522 ἔχει
1966 443 2079 501 τῶν
2112 438 2600 522 ἁμαρτανομένων
2647 435 2938 521 [ἑκούσιόν
2983 458 3045 497 τε

550 543 645 605 καὶ
700 541 793 627 ἐφ’
848 541 1033 627 ἡμῖν],
1087 539 1178 625 εἴη
1227 541 1294 604 ἂν
1341 544 1519 605 ταῦτα
1570 542 1668 605 καὶ
1722 540 1869 604 αὐτὰ
1915 540 2151 604 ἑκούσιά
2201 564 2266 603 τε
2320 541 2416 605 καὶ
2460 539 2552 624 ἐφ’
2607 542 2767 625 ἡμῖν.
2857 542 2938 607 ὥς
2983 538 3048 601 δὲ
3100 552 3127 594 ὃ

558 649 671 706 τῶν
718 644 873 729 παρὰ
917 646 1021 728 τὴν
1067 644 1254 727 μέθην
1300 644 1699 728 ἀγνοουμένων
1745 646 1798 707 οἱ
1846 644 2158 726 μεθύοντες
2201 641 2392 721 αἴτιοι,
2437 646 2620 712 οὕτως
2665 644 2759 707 καὶ
2803 644 2920 704 τῶν
2965 638 3037 703 δι’

557 746 785 831 ἄγνοιαν
830 752 947 812 τῶν
993 751 1189 810 καλῶν
1246 770 1307 809 τε
1361 747 1456 810 καὶ
1506 748 1768 831 αἰσχρῶν
1822 746 2308 830 ἁμαρτανομένων
2367 748 2424 809 οἱ
2477 750 2812 829 ἀγνοοῦντες
2856 743 3045 816 αἴτιοι,

488 871 517 919 5
556 850 719 934 εἴγε
764 851 859 938 ἐφ’
900 854 1037 934 ἡμῖν
1084 851 1122 933 ἡ
1166 854 1377 933 γνῶσις
1418 854 1532 914 τῶν
1574 848 1880 935 βελτιόνων
1924 872 1987 912 τε
2032 852 2126 913 καὶ
2171 849 2471 934 χειρόνων.
2541 850 2595 911 οἱ
2638 848 2746 933 γὰρ
2791 847 2863 911 δι’
2907 846 3041 930 ἀμέ·
3069 862 3126 905 1⁰

546 958 704 1019 λειαν
752 957 1087 1037 ἀγνοοῦντες
1142 955 1216 1017 τά
1258 976 1323 1015 τε
1378 953 1491 1015 ὑπὸ
1545 956 1660 1014 τῶν
1715 951 1909 1035 νόμων
1963 953 2258 1036 ὡρισμένα
2308 954 2402 1016 καὶ
2455 952 2526 1016 τὰ
2571 954 2684 1016 ὑπὸ
2727 957 2842 1015 τῶν
2889 953 3044 1015 ἐπαι-

548 1059 838 1142 νουμένων
886 1058 1109 1141 ἀνδρῶν
1153 1056 1424 1140 γινόμενα
1468 1060 1573 1138 τῆς
1602 1054 1831 1137 ἀγνοίας
1875 1054 2072 1124 αὑτοῖς
2113 1054 2304 1133 αἴτιοι,
2349 1054 2504 1137 εἴγε
2551 1057 2613 1118 τὸ
2659 1056 2892 1139 ἀμελεῖν
2935 1050 3027 1137 ἐφ’

546 1162 703 1244 ἡμῖν.
801 1162 839 1244 ἡ
894 1160 1001 1244 γὰρ
1062 1165 1177 1223 τῶν
1232 1162 1423 1222 καλῶν
1483 1182 1546 1221 τε
1600 1160 1696 1221 καὶ
1758 1156 2173 1242 συμφερόντων
2231 1155 2430 1239 ἄγνοια
2490 1156 2748 1221 καθόλου
2806 1156 2874 1221 οὐ
2936 1159 3037 1218 τοῦ
3067 1171 3120 1213 15

547 1264 841 1337 ἀκουσίου,
888 1262 1038 1327 ἀλλὰ
1080 1268 1186 1345 τῆς
1231 1260 1565 1347 μοχθηρίας
1607 1262 1779 1323 αἰτία.
1869 1258 1963 1346 ἐφ’
2005 1260 2090 1329 οἷς
2135 1260 2241 1343 γὰρ
2287 1260 2340 1323 οἱ
2386 1260 2554 1346 ψόγοι
2599 1284 2661 1323 τε
2704 1262 2800 1324 καὶ
2844 1260 2904 1324 αἱ
2950 1282 3040 1321 κο·

446 1385 510 1432 10
544 1368 759 1439 λοίσεις,
806 1370 985 1429 ταῦτα
1015 1366 1270 1439 ἑκούσια,
1317 1363 1412 1426 ἐπὶ
1458 1364 1523 1425 δὲ
1560 1368 1635 1447 τῇ
1682 1370 1797 1427 τῶν
1828 1364 2102 1426 τοιούτων
2148 1364 2347 1447 ἀγνοίᾳ
2392 1364 2654 1449 ἀφίενταί
2696 1386 2757 1427 τε
2802 1363 2895 1425 καὶ
2943 1366 3037 1445 ζη-

542 1473 819 1550 μιοῦνται.
907 1465 1026 1531 οὔτ’
1084 1464 1182 1531 οὖν
1238 1470 1417 1529 ταῦτα
1470 1471 1585 1529 τῶν
1640 1466 2039 1549 ἀγνοουμένων
2096 1467 2340 1530 ἀκούσια
2392 1463 2526 1529 οὔτε
2572 1470 2685 1527 τῶν
2741 1466 2837 1551 βίᾳ
2891 1466 3032 1548 γίνε-

546 1572 680 1635 σθαι
724 1570 1073 1655 λεγομένων,
1118 1568 1253 1655 (ὧν)
1296 1570 1357 1633 ἐν
1403 1570 1543 1653 ἡμῖν
1586 1570 1624 1653 ἡ
1672 1569 1851 1654 ἀρχή.
1939 1570 1972 1632 ὃ
2016 1568 2126 1654 γὰρ
2173 1566 2269 1655 ὑφ’
2324 1571 2542 1653 ἡδονῆς
2595 1568 2933 1655 βιαζόμενός
2975 1592 3038 1631 τε
3063 1582 3120 1625 2⁰

544 1676 639 1737 καὶ
682 1675 1033 1757 ἡττώμενος,
1080 1674 1142 1736 ἐν
1173 1675 1334 1758 αὑτῷ
1379 1674 1483 1757 τὴν
1526 1672 1720 1758 ἀρχὴν
1764 1670 1921 1757 ἔχων
1967 1677 2067 1735 τοῦ
2099 1673 2196 1736 ἐπὶ
2241 1678 2418 1737 ταῦτα
2463 1674 2762 1745 κινεῖσθαι,
2807 1670 2898 1756 <ἃ>
2940 1671 3036 1734 διὰ

539 1779 642 1860 τὴν
686 1778 902 1861 ἡδονὴν
949 1780 1129 1847 ποιεῖ,
1186 1776 1293 1840 οὐκ
1336 1774 1551 1845 ἔξωθεν
1606 1780 1765 1838 ποιεῖ
1813 1780 1917 1859 τῆς
1968 1775 2236 1860 τοιαύτης
2291 1776 2416 1861 βίας
2467 1774 2571 1857 τὴν
2624 1776 2806 1838 αἰτίαν
2854 1776 3037 1859 ζήσας

443 1898 505 1947 15
544 1880 856 1963 ἀνειμένως
900 1881 998 1943 καὶ
1044 1880 1137 1942 διὰ
1180 1883 1285 1961 τῆς
1329 1882 1444 1941 τῶν
1489 1876 1625 1942 καθ’
1681 1877 1900 1941 ἕκαστα
1953 1878 2240 1963 ἐνεργείας
2284 1878 2486 1946 ἐθίσας
2529 1878 2702 1941 αὑτὸν
2749 1878 3035 1963 ἡττᾶσθαι
3061 1892 3118 1935 25

536 1988 642 2065 τῆς
685 1984 929 2065 ἡδονῆς,
984 1980 1147 2064 εἴγε
1201 1983 1297 2067 βίᾳ
1340 1982 1551 2063 γίνεται
1605 1982 1687 2043 ὧν
1744 1983 1783 2063 ἡ
1830 1982 1990 2066 ἀρχὴ
2045 1982 2140 2044 καὶ
2191 1983 2229 2064 ἡ
2286 1980 2438 2043 αἰτία
2485 1978 2747 2067 ἔξωΙθεν,
2806 1981 2984 2065 μηδὲν
3031 1986 3140 2044 306

537 2086 707 2168 ἡμῶν
761 2087 904 2171 πρὸς
955 2084 1027 2147 τὰ
1079 2084 1152 2148 δι’
1208 2084 1388 2168 αὐτὴν
1441 2084 1709 2167 γινόμενα
1763 2084 2213 2159 συντελούντων,
2277 2086 2308 2147 ὁ
2363 2085 2428 2147 δὲ
2481 2085 2542 2147 ἐν
2596 2086 2756 2168 αύτῷ
2811 2108 2876 2166 γε
2929 2086 3032 2167 τὴν

536 2186 727 2271 ἀρχὴν
782 2193 883 2251 τοῦ
952 2190 1219 2272 πράττειν
1274 2186 1432 2272 ἔχων
1499 2186 1537 2249 ἃ
1593 2188 1829 2270 πράττει
1895 2188 1989 2249 καὶ
2043 2191 2146 2249 τοῦ
2213 2188 2593 2271 βουλεύεσθαι
2646 2188 2774 2272 περὶ
2838 2186 3032 2250 αὐτῶν

534 2288 793 2357 ἐξουσίαν
837 2288 1028 2375 ἔχων,
1088 2290 1255 2359 οὗτος
1300 2290 1405 2353 οὐκ
1459 2286 1587 2373 ἔχει
1637 2294 1753 2351 τῶν
1808 2289 1995 2358 οὕτως
2049 2290 2534 2373 ἁμαρτανομένων
2591 2290 2771 2373 βίαιον
2829 2291 3030 2354 αἰτίαν.
3086 2306 3114 2345 5

427 2410 497 2457 2ο
537 2388 697 2461 ὄντος
740 2394 813 2477 δὴ
861 2397 943 2463 ὡς
986 2394 1199 2478 ἐρρέθη
1245 2392 1522 2455 ἀκουσίου
1568 2395 1669 2453 τοῦ
1716 2392 2139 2476 προειρημένου
2185 2394 2251 2455 τὸ
2296 2392 2556 2457 ἑκούσιον
2598 2393 2832 2475 γίνεται,
2878 2393 2947 2457 οὖ
2990 2396 3028 2476 ἡ

534 2496 691 2580 ἀρχὴ
738 2495 799 2557 ἐν
846 2499 982 2580 ἡμῖν
1028 2496 1241 2559 εἰδόσιν
1288 2496 1358 2558 τὰ
1404 2492 1537 2558 καθ’
1582 2493 1817 2568 ἕκαστα,
1865 2496 1996 2579 περὶ
2041 2495 2079 2557 ἃ
2123 2497 2162 2579 ἡ
2209 2496 2426 2578 πρᾶξις.
2517 2494 2652 2559 οὔτε
2694 2496 2805 2581 γὰρ
2849 2496 2880 2559 ὁ
2925 2496 3028 2580 τὴν

535 2598 727 2682 ἀρχήν
772 2622 834 2661 τε
878 2600 973 2661 καὶ
1017 2600 1201 2662 αἰτίαν
1254 2604 1368 2661 τῶν
1414 2595 1821 2680 πραττομένων
1877 2594 2036 2681 ἔχων
2082 2598 2141 2659 ἐν
2187 2598 2350 2683 αὑτῷ
2408 2598 2504 2681 βίᾳ
2546 2604 2727 2661 ταῦτα
2773 2600 3025 2683 πράττει,
3055 2615 3112 2657 ιο

533 2698 667 2762 οὔτε
710 2702 741 2764 ὁ
787 2702 957 2770 εἰδὼς
1000 2701 1072 2763 τὰ
1124 2699 1258 2764 καθ’
1314 2702 1559 2779 ἕκαστα,
1614 2702 1745 2785 περὶ
1799 2699 1836 2762 ἃ
1883 2702 1979 2763 καὶ
2036 2697 2107 2762 δι’
2163 2700 2245 2762 ὧν
2298 2701 2336 2783 ἡ
2383 2702 2612 2785 πρᾶξις,
2667 2699 2738 2765 δι’
2795 2700 3029 2784 ἄγνοιαν

532 2802 677 2866 αὐτὰ
721 2808 891 2879 ποιεῖ,
938 2804 1091 2867 ὥστε
1134 2805 1185 2866 εἰ
1229 2804 1474 2867 ἀκούσια
1519 2804 1592 2865 τὰ
1637 2803 1733 2889 βίᾳ
1778 2804 1815 2887 ἢ
1865 2800 1934 2866 δι’
1993 2802 2250 2885 ἄγνοιαν,
2297 2804 2378 2865 ὧν
2425 2805 2489 2867 δὲ
2533 2805 2940 2888 πραττομένων
2985 2806 3025 2889 ἡ

424 2926 492 2975 25
530 2907 689 2990 ἀρχή
744 2930 805 2969 τε
858 2906 917 2967 ἐν
974 2907 1113 2988 ἡμῖν
1168 2905 1263 2967 καὶ
1314 2905 1649 2988 γνωρίζεται
1704 2906 1776 2968 τὰ
1828 2905 1966 2969 καθ’
2023 2906 2265 2982 ἕκαστα,
2321 2910 2499 2969 ταῦτα
2553 2904 2686 2970 οὔτε
2741 2908 2839 2993 βίᾳ
2893 2906 3028 2970 οὔτε

532 3009 602 3073 δι’
658 3008 913 3092 ἄγνοιαν,
974 3006 1097 3072 οὐδ’
1154 3008 1222 3072 ἂν
1269 3008 1513 3071 ἀκούσια
1564 3007 1687 3091 εἴη,
1740 3009 1793 3071 εἰ
1847 3009 1912 3070 δὲ
1955 3010 2036 3093 μὴ
2083 3014 2280 3087 τοῦτο,
2334 3009 2588 3072 ἑκούσια.
2679 3012 2766 3073 διὸ
2813 3012 2908 3073 καὶ
2951 3011 3024 3073 τὰ
3050 3026 3104 3068 1⁶

528 3111 622 3175 διὰ
666 3110 852 3194 θυμόν
905 3134 969 3174 τε
1022 3112 1118 3173 καὶ
1162 3110 1475 3193 ἐπιθυμίαν
1529 3112 1897 3194 πραττόμενα
1951 3110 2208 3174 ἑκούσια.
2297 3110 2358 3173 ἐν
2413 3114 2552 3195 ἡμῖν
2605 3112 2712 3195 γὰρ
2767 3114 2804 3198 ἡ
2862 3114 3021 3199 ἀρχὴ

530 3219 644 3277 τῶν
689 3220 890 3278 τοῦτον
932 3212 1247 3296 γινομένων
1304 3216 1401 3278 τὸν
1446 3212 1675 3295 τρόπον.
1766 3213 2004 3298 προσέτι
2049 3237 2113 3277 τε
2155 3214 2206 3276 εἰ
2259 3214 2330 3276 τὰ
2383 3216 2480 3278 διὰ
2533 3220 2711 3278 ταῦτα
2753 3214 3024 3299 γινόμενα

528 3318 801 3391 ἀκούσια,
856 3314 1021 3379 οὐδὲν
1069 3315 1135 3379 ἂν
1182 3315 1315 3379 οὔτε
1358 3323 1473 3379 τῶν
1519 3315 1743 3397 ἀλόγων
1798 3315 1968 3402 ζῴων
2023 3316 2156 3381 οὔτε
2199 3322 2313 3381 τῶν
2361 3320 2602 3381 παιδίων
2645 3320 2930 3387 ἑκουσίως
2972 3343 3024 3382 τι
3052 3336 3108 3379 2⁰

420 3439 489 3487 3ο
525 3424 704 3483 ποιοῖ·
768 3419 861 3481 διὰ
904 3419 1012 3501 γάρ
1057 3442 1109 3482 τι
1152 3418 1370 3481 τούτων
1423 3417 1496 3481 τὰ
1552 3418 1822 3501 γινόμενα
1877 3418 1971 3481 ὑπ’
2027 3421 2216 3483 αὐτῶν
2272 3423 2486 3501 γίνεται
2541 3422 2746 3486 πάντα.
2837 3420 2920 3485 ἔτι
2962 3446 3025 3486 τε

524 3522 711 3585 πολλὰ
753 3522 851 3585 καὶ
893 3525 1009 3584 τῶν
1054 3525 1247 3586 καλῶν
1294 3521 1387 3583 διὰ
1431 3526 1608 3585 ταῦτα
1642 3522 1878 3603 γίνεται.
1975 3520 2059 3585 ἔτι
2103 3520 2153 3585 δ’
2196 3523 2247 3585 εἰ
2293 3522 2504 3587 ἄτοπον
2551 3524 2796 3589 ἀκούσια
2841 3524 3022 3608 λέγειν

525 3626 595 3689 τὰ
638 3623 907 3707 γινόμενα
950 3623 1099 3689 κατὰ
1144 3623 1311 3707 λόγον
1354 3648 1417 3687 τε
1474 3626 1569 3688 καὶ
1612 3624 1896 3706 εὐλόγως,
1951 3625 2100 3689 κατὰ
2142 3625 2310 3707 λόγον
2366 3628 2431 3689 δὲ
2475 3627 2805 3712 ὀρεγόμεθά
2849 3652 3014 3691 τινων
3043 3646 3098 3687 25

526 3730 624 3791 καὶ
668 3726 1021 3812 ὀργιζόμεθά
1064 3747 1235 3801 τισιν,
1291 3728 1396 3792 οὐκ
1442 3727 1511 3791 ἂν
1556 3727 1648 3813 εἴη
1694 3730 1941 3791 ἀκούσια
1995 3727 2065 3791 τὰ
2107 3728 2378 3811 γινόμενα
2433 3730 2528 3792 διὰ
2581 3734 2779 3793 ταῦτα.
2831 3727 2838 3817 Ι
2889 3732 2975 3794 ὄν·
3019 3742 3126 3797 307

524 3853 639 3893 των
694 3830 767 3913 δὴ
823 3830 1053 3893 πάντων
1098 3834 1213 3893 τῶν
1268 3830 1453 3899 οὕτως
1504 3830 1816 3913 γινομένων
1872 3832 2170 3906 ἑκουσίων,
2233 3836 2349 3894 τῶν
2395 3832 2675 3897 ἑκουσίων
2731 3840 2914 3899 ταῦτα
2957 3839 3022 3901 τὸ

422 4064 445 4115 1
476 4062 509 4115 ἃ
531 4061 647 4135 γὰρ]
670 4062 887 4115 fortasse
920 4060 1073 4130 ἅπερ
1240 4059 1466 4114 ἑκούσιον
1492 4060 1701 4116 L²BS²a
1725 4065 1838 4130 Sp.:
1877 4062 2112 4115 ἀκούσιον
2138 4064 2421 4117 VS¹FML¹
2585 4065 2632 4117 l.
2654 4064 2685 4117 2
2711 4065 3128 4139 ἑκούσιον-ἡμῖν

416 4151 513 4203 del.
551 4152 639 4216 Sp.
816 4148 847 4201 2
886 4164 963 4217 pr.
990 4150 1077 4201 καὶ
1114 4146 1329 4201 V²S²Ba
1364 4152 1480 4217 Sp.:
1518 4150 1550 4221 ἠ
1589 4153 1685 4201 V':
1732 4150 1764 4219 ἢ
1802 4152 1864 4203 S¹
2008 4151 2220 4204 ἀκούσια
2256 4170 2288 4204 a
2429 4151 2520 4205 alt.
2557 4153 2702 4223 ἡμῖν]
2739 4154 2771 4223 ἠ
2810 4156 2866 4206 in
2892 4155 2968 4207 lit.
2992 4160 3039 4207 V

422 4238 483 4289 12
518 4236 826 4307 λεγομένων]
852 4256 895 4289 ω
936 4236 992 4288 in
1031 4237 1108 4287 lit.
1132 4239 1178 4287 V
1344 4237 1417 4289 ὧν
1454 4238 1570 4290 add.
1598 4238 1665 4289 13²
1762 4269 1764 4272 -
1834 4238 1898 4290 13
1943 4236 2086 4308 αὐτῷ
2104 4243 2154 4290 V
2318 4239 2393 4301 (ἃ)
2432 4239 2510 4292 διὰ
2546 4242 2732 4308 scripsi
2900 4244 2962 4295 14
2999 4252 3128 4297 ποιεῖ

412 4328 537 4378 ante
571 4330 661 4395 τῆς
698 4340 798 4377 om.
824 4343 856 4376 a
892 4327 979 4392 Sp.
1122 4324 1337 4377 fortasse
1375 4324 1534 4377 αἰτίαν
1573 4326 1768 4398 (ἔχων),
1920 4328 1996 4378 14.
2028 4327 2090 4379 15
2135 4326 2286 4397 ζήσας
2323 4328 2592 4397 ἀνειμένως
2617 4332 2790 4381 FML:
2831 4330 3046 4399 ζήσασαν
3085 4330 3128 4383 εἰ

415 4412 507 4479 μὲν
544 4412 619 4465 ὥσ
644 4416 707 4465 V:
746 4412 900 4482 ζησας
932 4411 1131 4479 ἀνειμέν
1169 4410 1239 4470 ὡς
1264 4414 1417 4465 S¹B¹=
1464 4412 1681 4483 ζητήσας
1716 4414 1787 4472 ὡς
1824 4412 1991 4467 S²B²a
2026 4416 2115 4481 Sp.
2313 4414 2371 4467 16
2412 4414 2494 4485 βία
2529 4420 2578 4467 V
2762 4417 2838 4469 16.
2872 4417 2932 4470 17
2971 4416 3127 4487 μηδὲν

412 4500 503 4568 μὲν
539 4500 689 4570 ἡμῶν
728 4500 863 4553 vict.
1024 4499 1083 4551 17
1122 4498 1265 4569 αὐτῷ
1302 4504 1350 4551 V
1506 4502 1569 4554 18
1606 4520 1660 4555 τε
1698 4504 1785 4555 καὶ
1820 4520 1854 4553 a
1888 4505 1976 4569 Sp.
2121 4502 2184 4554 21
2236 4502 2414 4555 είδοσιν
2455 4508 2500 4555 V
2643 4502 2758 4557 οὔτε
2808 4504 2922 4575 γὰρ]
2971 4524 2994 4557 ε
3031 4507 3122 4575 γὰρ

412 4588 470 4639 in
505 4587 582 4639 lit.
622 4591 670 4638 V
847 4586 913 4638 22
970 4586 1112 4656 αὐτῷ’
1142 4592 1187 4638 V
1366 4590 1545 4655 ταῦτα]
1582 4607 1629 4640 τι
1668 4592 1771 4641 ML
1984 4588 2051 4641 23
2106 4588 2220 4642 οὔτε
2262 4592 2332 4642 V¹
2381 4592 2436 4643 in
2486 4607 2588 4660 mg.
2764 4593 2851 4657 τὰ]
2897 4593 2988 4650 τὰς
3023 4612 3056 4645 a

411 4672 481 4725 24
526 4674 589 4726 τὰ
623 4674 835 4744 scripsi:
871 4692 903 4753 η
944 4692 997 4727 τε
1035 4676 1110 4728 sic
1150 4676 1246 4728 V¹=
1295 4675 1345 4729 οἵ
1376 4694 1429 4729 τε
1469 4675 1565 4726 V²z
1602 4676 1635 4745 ἥ
1674 4694 1727 4727 τε
1762 4676 1999 4728 FS¹ML:
2037 4676 2070 4744 ἢ
2109 4677 2175 4729 τὰ
2210 4677 2295 4731 S2:
2335 4678 2397 4729 τὰ
2432 4677 2465 4747 ἢ
2502 4681 2545 4731 Β
2584 4680 2642 4732 in
2679 4679 2754 4731 lit.
2793 4698 2826 4731 a
2860 4682 2948 4747 Sp.

412 4778 494 4847 βία
519 4784 566 4831 V
732 4780 799 4832 28
835 4781 995 4833 ταυτὰ
1033 4798 1063 4832 ιι
1222 4779 1291 4833 30
1327 4776 1418 4833 ὑπ’
1456 4780 1626 4834 αὐτῶν
1652 4784 1767 4848 Sp.:
1806 4776 1895 4851 ὑφ’
1920 4781 2088 4832 αὑτῶν
2129 4782 2244 4835 libri
2412 4781 2476 4835 31
2517 4780 2727 4835 ακούσια
2748 4786 2797 4835 V
2963 4784 3030 4837 34
3064 4784 3123 4837 τὸ

408 4864 576 4919 13²s²a
610 4870 722 4935 Sp.:
760 4868 823 4919 τὰ
859 4868 1007 4919 vss¹=
1048 4882 1146 4920 om.
1185 4868 1398 4921 S¹FML
