3684 5567
574 226 637 267 Ἦ
1741 218 2135 273 PRAEFATIO

580 402 729 461 sunt
773 415 1033 477 genera.
1122 394 1353 479 prioris
1396 414 1477 461 ea
1520 380 1699 478 sunt,
1767 412 1936 476 quae
1988 393 2075 458 ad
2124 412 2414 459 normam
2469 388 2994 475 interrogationis
3048 388 3296 473 redegit

581 520 825 595 auctor,
881 513 1145 580 alterius
1190 532 1291 599 ea,
1343 513 1407 579 in
1462 512 1692 597 quibus
1735 512 2054 579 dubitatio
2107 511 2279 578 iusta
2321 509 2878 594 argumentatione
2921 508 3292 594 explicatur.

584 634 877 701 omnibus
922 639 1140 699 autem
1184 633 1311 699 hoc
1354 632 1683 718 proprium
1729 638 1854 716 est,
1909 631 2081 713 quod
2124 631 2508 697 dubitationi
2561 630 2826 697 additae
2869 637 3016 696 sunt
3061 648 3295 695 causae

582 752 1019 819 dubitationis.
1078 752 1285 845 ‚quod
1326 752 1495 818 inter
1540 751 1766 835 prioris
1811 751 2069 835 generis
2113 751 2414 834 exempla
2457 750 2778 816 interdum
2808 749 2902 815 ita
2938 749 3296 815 institutum

584 880 703 956 est,
768 878 839 937 ut
898 872 1324 938 condicionali
1381 870 1712 937 enuntiato
1766 869 1927 935 illud
1981 878 2360 954 exponatur,
2427 890 2700 955 quocum
2762 867 2991 934 luctari
3045 868 3300 933 videtur

584 991 937 1075 sententia,
983 991 1067 1057 de
1111 1010 1239 1075 qua
1283 990 1629 1074 quaeritur.
1718 988 1907 1053 huius
1951 988 2208 1071 generis
2253 996 2351 1055 est
2393 990 2444 1073 Ι,
2469 990 2556 1055 20
2596 988 2882 1073 (33,24):
2946 988 3000 1051 εἰ
3044 988 3077 1051 ὁ
3124 988 3297 1056 ὕπνος

586 1112 684 1177 διὰ
728 1113 832 1196 τὴν
876 1115 979 1175 τοῦ
1025 1110 1333 1195 συμφότου
1379 1112 1517 1195 ἡμῖν
1564 1110 1786 1194 θερμοῦ
1830 1108 1914 1177 εἰς
1965 1108 2031 1170 τὸ
2077 1106 2235 1178 ἐντὸς
2278 1109 2758 1192 ἀντιπερίστασιν,
2824 1111 2927 1171 τοῦ
2981 1108 3046 1171 δὲ
3091 1107 3298 1191 θέρους

589 1230 1061 1315 ἀντιπεριέστηκε
1108 1232 1327 1314 μᾶλλον
1372 1231 1439 1293 τὸ
1485 1229 1704 1313 θερμὸν
1749 1228 1831 1296 εἰς
1874 1229 1940 1291 τὸ
1987 1226 2171 1303 ἐκτός,
2217 1227 2328 1291 διὰ
2370 1228 2437 1291 τί
2477 1233 2579 1292 τοῦ
2625 1229 2835 1313 θέρους
2887 1226 3062 1310 ἐσμὲν
3115 1227 3300 1289 ὑπνω-

588 1353 917 1435 τικώτεροι;
964 1348 1056 1435 (ἢ)
1100 1350 1163 1414 εἴ
1195 1372 1261 1434 γε
1308 1350 1339 1413 ὃ
1387 1350 1561 1419 ὕπνος
1602 1350 1814 1431 γίνεται
1841 1352 1931 1433 τῷ
1963 1350 2084 1411 κτλ.
2131 1353 2469 1431 praeterea
2507 1348 2592 1432 II,
2617 1350 2678 1413 6.
2703 1350 2760 1415 7.
2787 1350 2848 1414 8.
2875 1348 2935 1413 9.
3027 1345 3300 1431 Saepius

586 1470 1154 1552 interrogationem
1216 1469 1424 1554 ipsam
1490 1468 1777 1551 sequitur
1842 1467 2056 1534 brevis
2122 1466 2441 1552 expositio
2496 1466 2789 1551 pendens
2843 1467 3218 1551 plerumque
3260 1485 3303 1531 a

588 1589 906 1673 particula
950 1592 1059 1674 γάρ
1102 1590 1199 1674 (δέ
1242 1588 1387 1671 61‚7
1435 1588 1535 1652 καί
1572 1588 1762 1671 63‚33
1806 1586 1870 1651 εἴ
1887 1611 1970 1672 ,γε
2013 1585 2208 1671 87,6),
2262 1606 2390 1669 qua
2444 1586 2806 1653 sententiae
2861 1593 3302 1670 proponuntur

590 1729 672 1774 ex
740 1728 1008 1791 quarum
1073 1706 1439 1773 discrimine
1504 1707 1775 1773 haereat
1839 1704 2174 1773 dubitatio.
2274 1707 2437 1772 haec
2490 1705 2695 1771 habes
2747 1707 2799 1790 I,
2825 1708 2866 1771 5
2921 1706 3056 1790 (13,
3081 1707 3148 1771 9:
3237 1706 3304 1768 εἰ

591 1826 879 1898 αὔξεται
932 1829 997 1892 τὸ
1052 1827 1422 1909 ὑποκείμενον
1476 1832 1560 1911 τῷ
1626 1825 1904 1895 αὔξεσθαι
1964 1827 2261 1911 λεγομένῳ
2315 1825 2620 1912 (ὑπομένει
2673 1826 2738 1889 δὲ
2791 1830 2888 1890 καὶ
2941 1828 2980 1911 ἡ
3039 1826 3168 1909 ὕλη,
3235 1824 3302 1888 οὐ

593 1946 768 2031 μόνον
812 1948 879 2009 τὸ
924 1948 1105 2016 εἶδος·
1154 1946 1223 2009 οὐ
1265 1946 1374 2030 γὰρ
1420 1948 1495 2030 δὴ
1540 1949 1699 2010 πᾶσα
1743 1947 2141 2031 ἀλλάσσεται),
2186 1946 2300 2010 διὰ
2342 1946 2408 2009 τί
2448 1944 2598 2009 κατὰ
2639 1946 2706 2009 τὸ
2750 1945 2903 2016 εἶδος
2935 1946 3129 2031 μόνον,
3173 1943 3291 2009 ἀλλ’

592 2064 729 2151 οὐχὶ
782 2066 877 2129 καὶ
921 2067 1069 2131 κατὰ
1112 2068 1216 2150 τὴν
1262 2068 1404 2150 ὕλην
1449 2068 1488 2151 ἡ
1534 2064 1797 2150 αὔξησιςς
1850 2064 1928 2128 οὐ
1971 2066 2099 2151 γὰρ
2143 2070 2336 2130 πᾶσα
2379 2067 2418 2149 ἡ
2465 2065 2573 2150 ὕλη
2619 2066 2658 2149 ἡ
2704 2065 2764 2128 ἐν
2809 2070 2929 2136 τοῖς
2972 2064 3304 2148 αὐξομένοις

592 2186 965 2264 ἀλλάσσεται,
1024 2186 1172 2251 ἀλλὰ
1229 2185 1499 2271 μένοντός
1542 2208 1691 2255 τινος
1734 2185 1795 2256 ἐξ
1838 2184 2020 2269 αὐτῆς
2062 2184 2213 2270 ἄλλη
2258 2184 2646 2269 προσγίνεται·
2704 2184 2842 2249 οὐδὲ
2892 2186 3000 2271 γὰρ
3048 2185 3116 2249 ἂν
3161 2184 3308 2250 ἐσώ-

595 2308 723 2377 ζετο
769 2306 873 2389 τὴν
919 2306 1133 2391 ἀρχήν,
1178 2304 1301 2369 οὐδ’
1361 2304 1429 2369 ἂν
1472 2308 1539 2369 τὸ
1581 2306 1734 2375 εἶδος
1776 2302 1977 2389 ἔμενεν
2021 2310 2127 2389 τῆς
2170 2304 2665 2389 προϋπαρχούσης
2711 2306 2869 2390 ὕλης.
2968 2306 3036 2369 οὐ
3089 2305 3200 2390 γὰρ
3245 2305 3306 2367 ἐν

593 2428 683 2508 τῷ
730 2424 951 2508 τοσῇδέ
995 2450 1101 2490 τινι
1145 2425 1291 2489 εἶναι
1334 2431 1407 2509 τῇ
1443 2425 1555 2509 ὕλῃ
1584 2426 1649 2489 τὸ
1680 2425 1825 2488 εἶναι
1854 2426 1988 2509 ὕλῃ,
2033 2426 2232 2509 ὥσπερ
2279 2423 2417 2487 οὐδὲ
2443 2427 2518 2506 τῇ
2555 2424 2740 2507 σαρκί.
2829 2424 2870 2507 ἢ
2917 2426 3038 2489 δύο
3085 2421 3306 2488 ὄντων

594 2544 729 2627 περὶ
772 2544 837 2607 τὸ
882 2543 1197 2628 αὐξόμενον
1244 2548 1412 2608 ποιοῦ
1456 2568 1521 2607 τε
1571 2545 1667 2608 καὶ
1724 2548 1910 2608 ποσοῦ
1954 2546 2076 2608 κτλ.
2122 2536 2408 2609 eiusdem
2464 2543 2720 2625 generis
2777 2552 2926 2609 sunt
2981 2545 3095 2630 I,6.
3120 2544 3306 2611 9.12.

593 2664 785 2748 11‚11.
814 2666 913 2729 16.
940 2666 1043 2731 20.
1088 2664 1267 2747 ΙΙΙ,4.

766 2782 1049 2849 Alterius
1080 2782 1306 2849 classis
1335 2781 1703 2867 aporiatum
1734 2779 1982 2846 initium
2012 2787 2130 2866 est,
2175 2785 2246 2844 ut
2274 2780 2426 2865 dixi,
2474 2782 2708 2869 brevis,
2739 2784 2855 2850 sed
2883 2784 3170 2869 perfecta
3201 2783 3312 2849 ab·

603 2903 945 2985 solutaque
988 2901 1479 2985 argumentatio,
1525 2900 1704 2967 cuius
1749 2920 1998 2966 summa
2040 2900 2107 2964 id
2153 2900 2458 2984 placitum
2503 2909 2620 2985 est,
2666 2903 2748 2970 de
2793 2924 2919 2986 quo
2964 2902 3312 2969 dubitatur.

598 3022 979 3106 Exemplum
1034 3022 1117 3088 sit
1170 3023 1276 3106 1,7
1338 3021 1804 3106 (15‚·26-31):
1891 3022 1942 3085 εἰ
1993 3028 2114 3091 τοῖς
2166 3020 2521 3104 κινουμένοις
2581 3026 2754 3087 πᾶσιν
2807 3023 2866 3092 ἐξ
2919 3023 3175 3087 ἐναντίου
3229 3024 3314 3092 εἰς

602 3142 856 3206 ἐναντίον
900 3144 939 3226 ἢ
989 3142 1305 3227 μεταβολή,
1360 3141 1433 3205 τὰ
1476 3139 1529 3204 δ’
1569 3140 1858 3225 αὐξόμενα
1901 3143 1998 3205 καὶ
2043 3142 2354 3225 μειοόμενα
2399 3146 2656 3217 κινεῖται,
2702 3141 2796 3228 εἴη
2841 3142 2910 3207 ἂν
2954 3145 3052 3208 καὶ
3095 3144 3312 3211 τούτοις

602 3263 662 3332 ἐξ
708 3262 979 3326 ἐναντίων
1025 3264 1105 3332 εἰς
1149 3262 1377 3325 ἐναντία
1428 3263 1465 3345 ἡ
1514 3262 1827 3346 μεταβολή.
1917 3263 2163 3346 γίγνεται
2215 3260 2266 3326 δ’
2321 3260 2520 3331 αὐτοῖς
2572 3264 2612 3346 ἡ
2667 3264 2959 3348 μεταβολὴ
3017 3263 3100 3333 εἰς
3146 3262 3312 3347 μέγε-

602 3383 709 3451 θος
753 3384 853 3445 καὶ
898 3380 1240 3467 μικρότητα·
1309 3386 1394 3467 τῷ
1442 3382 1544 3464 μὲν
1588 3380 1698 3466 γὰρ
1741 3380 2042 3467 αὐξομένῳ
2089 3383 2173 3451 εἰς
2218 3384 2466 3466 μέγεθος
2517 3384 2558 3465 ἡ
2613 3382 2886 3460 ἐπίδοσις,
2955 3388 3042 3469 τῷ
3088 3384 3154 3447 δὲ
3198 3362 3316 3467 μει·

604 3500 835 3585 ουμένῳ
880 3501 963 3569 εἰς
1011 3501 1329 3587 μικρότητα
1371 3503 1410 3585 ἡ
1457 3502 1729 3585 συστολη’.
1818 3502 2071 3565 ἐναντίον
2116 3500 2280 3587 <ἆρα>
2317 3504 2384 3567 τὸ
2432 3503 2580 3587 μέγα
2622 3504 2718 3566 καὶ
2761 3504 2826 3567 τὸ
2875 3502 3098 3589 μικρόν.
3183 3502 3304 3566 ἀλλ’

604 3621 672 3685 οὐ
718 3624 896 3700 δοκεῖ,
945 3624 1027 3689 ὡς
1072 3620 1167 3684 διὰ
1210 3621 1493 3685 πλειόνων
1532 3620 1940 3706 Ἀριστοτέλης
1983 3622 2043 3685 ἐν
2086 3622 2452 3707 κατηγορίαις
2495 3620 2723 3691 ἔδειξεν.
2814 3623 2852 3706 ἦ
2899 3624 3032 3709 οὐχ
3075 3625 3316 3693 ἁπλῶς

604 3742 687 3811 εἰς
732 3742 977 3825 μέγεθος
1019 3744 1117 3805 καὶ
1171 3740 1487 3826 μικρότητα
1550 3740 1642 3827 <ἡ>
1710 3742 2002 3827 μεταβολὴ
2070 3745 2190 3810 τοῖς
2258 3742 2593 3825 αὐξομένοις
2657 3765 2722 3804 τε
2783 3744 2879 3806 καὶ
2936 3744 3314 3828 μειουμένοις.

602 3862 951 3927 Praeterea
992 3881 1074 3927 ex
1121 3861 1241 3927 hoc
1284 3881 1521 3945 genere
1574 3869 1723 3927 sunt
1768 3861 1825 3945 Ι,
1864 3860 1925 3926 8.
1964 3861 2060 3927 10.
2101 3862 2202 3927 15.
2245 3863 2347 3927 22.
2389 3861 2490 3926 23.
2534 3860 2637 3925 26.
2699 3860 2808 3946 (cf.
2855 3883 2916 3945 p.
2951 3864 3090 3949 VII,
3135 3862 3317 3948 adn.)

605 3982 688 4067 II,
712 3982 772 4047 4.
805 3983 865 4047 5.
894 3982 991 4046 19.
1039 3981 1238 4065 111,5.

776 4099 1164 4166 Dubitanter
1200 4100 1302 4165 his
1343 4099 1627 4183 adiungo
1656 4100 1739 4182 ΙΙ,
1757 4100 1860 4183 28,
1907 4101 2029 4166 etsi
2060 4108 2330 4169 externa
2368 4102 2582 4186 specie
2623 4100 3123 4168 commendatur.
3213 4102 3320 4167 de-

610 4220 928 4286 sideratur
979 4225 1193 4284 autem
1241 4225 1392 4285 ante
1436 4220 1475 4304 ἢ
1521 4219 1613 4304 εἴη
1659 4220 1787 4303 (78,
1802 4218 1870 4303 6)
1922 4219 2066 4303 ipsa
2118 4221 2537 4287 dubitationis
2592 4222 2926 4306 expositio.
3015 4241 3100 4286 an
3153 4221 3319 4287 exci-

611 4340 841 4405 derunt
886 4347 1033 4423 post
1078 4339 1463 4424 explicatam
1514 4340 1680 4407 inter
1739 4340 2018 4426 speciem
2073 4349 2138 4407 et
2191 4342 2527 4409 materiam
2588 4339 3066 4407 similitudinem
3111 4361 3320 4425 pauca

612 4458 841 4537 verba,
907 4458 1133 4542 quibus
1186 4459 1268 4525 de
1314 4460 1676 4526 differentia
1728 4480 1949 4526 earum
1994 4461 2454 4528 dubitabatur?
2520 4462 2668 4528 talis
2710 4462 2879 4528 enim
2926 4459 3319 4545 quaestionis

610 4598 989 4661 responsum
1031 4578 1184 4645 inde
1222 4600 1264 4644 a
1294 4580 1435 4664 78,7
1482 4580 1731 4663 legitur.
1800 4580 2080 4664 denique
2121 4583 2205 4665 II,
2227 4583 2307 4648 14
2353 4582 2474 4647 huc
2519 4581 2815 4667 pertinet,
2870 4581 2990 4647 etsi
3022 4602 3192 4648 nunc
3221 4602 3322 4647 so-

611 4696 794 4781 lutio,
840 4718 968 4763 non
1014 4697 1430 4764 dubitationis
1476 4700 1840 4765 constitutio
1887 4708 2079 4784 caput
2122 4700 2343 4785 incipit
2387 4701 2617 4787 (59,4).
2704 4700 2980 4766 fortasse
3025 4702 3196 4769 enim
3242 4722 3322 4768 ea

609 4817 830 4903 verba,
878 4837 1043 4907 quae
1088 4839 1257 4887 nunc
1302 4817 1531 4906 capitis
1574 4818 1829 4887 rubrum
1881 4838 2025 4888 esse
2069 4819 2387 4903 videntur,
2435 4822 2584 4885 olim
2631 4819 2770 4886 eius
2798 4820 3046 4886 initium
3091 4820 3322 4886 forma-
