3684 5567
1341 249 1623 307 ΒΙΒΛΙΟΝ
1662 252 2034 307 '1'E'1'APTON
2074 256 2282 308 29-30
3051 262 3166 325 161

562 428 797 499 κακιῶν,
844 423 1006 506 εἴγε
1048 424 1141 487 διὰ
1188 426 1291 504 μὲν
1338 431 1451 487 τῶν
1500 425 1907 507 ἀντικειμένων
1955 427 2111 489 ἐθῶν
2156 430 2217 490 αἱ
2263 430 2454 492 κακίαι
2500 434 2625 497 ταῖς
2656 430 2884 511 ἀρεταῖς
2918 452 3060 493 συνι·

558 544 809 603 στανται,
857 525 942 593 οἷς
986 526 1051 588 δὲ
1094 526 1165 587 τὰ
1196 525 1559 608 ἀντικείμενα
1602 526 1647 607 †
1678 527 1730 589 τί
1774 528 1894 589 δεῖν
1925 527 2009 611 ἐφ’
2051 530 2265 609 αὑτοῖς,
2313 530 2396 593 ἐπ’
2438 531 2676 599 ἐκείνοις
2722 532 2816 602 καὶ
2861 532 2932 593 τὰ
2971 532 3056 600 οἷς
3115 549 3142 589 5

563 626 755 690 ἐκεῖνα
802 627 1138 701 ἀντίκειται,
1186 628 1340 689 ὥστε
1383 627 1604 711 ἀληθὲς
1650 630 2012 713 συνημμένον
2059 632 2124 694 τὸ
2155 632 2352 714 λέγον·
2399 633 2451 695 εἰ
2483 632 2722 700 ἕκαστος
2754 638 2856 714 τῆς
2889 632 3062 703 ἕξεως

559 727 753 813 ἑαυτῷ
800 728 927 791 ἐστί
976 751 1100 796 πως
1154 727 1362 802 αἴτιος,
1431 731 1525 792 καὶ
1594 735 1696 814 τῆς
1740 732 2052 813 φαντασίας
2099 731 2258 796 ἔσται
2303 758 2428 802 πως
2472 734 2644 802 αὐτὸς
2696 733 2894 809 αἴτιος,
2963 733 3067 818 <εἰ>

486 850 517 899 5
559 832 780 914 ἀληθὲς
824 831 889 893 δὲ
934 832 1030 892 καὶ
1075 830 1139 891 τὸ
1186 829 1365 893 αἴτιον
1412 837 1515 915 τῆς
1560 832 1735 901 ἕξεως
1780 832 1961 895 αἴτιον
2008 834 2156 898 εἷναί
2197 860 2320 905 πως
2365 837 2584 921 ἑαυτῷ,
2631 837 2848 920 ἀληθὲς
2895 834 3064 899 ἔσται
3095 855 3148 896 ιο

560 934 657 995 καὶ
700 934 765 995 τὸ
812 938 915 1015 τῆς
959 933 1275 1015 φαντασίας
1320 938 1423 1017 τῆς
1488 934 1788 1020 γινομένης
1832 936 1967 1019 περί
2006 960 2068 999 τε
2111 941 2225 999 τῶν
2285 939 2523 1020 ἀγαθῶν
2569 938 2664 1000 καὶ
2711 942 2826 1000 τῶν
2870 942 3066 1001 κακῶν

558 1034 799 1098 ἕκαστον
844 1034 995 1098 εἶναί
1045 1059 1167 1103 πως
1212 1033 1390 1097 αἴτιον
1438 1036 1647 1121 ἑαυτῷ.
1759 1038 1962 1101 τούτου
2031 1039 2094 1101 δὲ
2161 1044 2360 1101 τοῦτον
2419 1038 2658 1124 ἔχοντος
2713 1040 2808 1101 τὸν
2855 1039 3064 1123 τρόπον

560 1137 656 1199 καὶ
702 1141 819 1205 τοῖς
868 1141 1087 1211 κακοῖς,
1132 1142 1238 1219 τῆς
1281 1138 1549 1223 τοιαύτης
1595 1139 1771 1209 ἕξεως
1816 1140 2048 1209 ἑαυτοῖς
2091 1165 2215 1209 πως
2260 1140 2418 1204 οὖσιν
2473 1142 2692 1215 αἰτίοις,
2759 1140 2958 1203 ἕπεται
3000 1142 3066 1203 τὸ

561 1236 644 1301 ἐπ’
701 1240 897 1307 αὐτοῖς
939 1238 1087 1301 εἶναί
1126 1263 1253 1307 πως
1317 1241 1413 1302 καὶ
1458 1239 1529 1301 τὰ
1582 1241 1777 1323 ἀγαθὰ
1830 1241 2028 1310 αὐτοῖς
2086 1243 2238 1305 κακὰ
2303 1244 2630 1326 φαίνεσθαι.
2721 1242 2789 1305 οὐ
2855 1242 2964 1326 γὰρ
3016 1244 3068 1304 εἰ
3097 1260 3150 1302 15

460 1359 524 1406 10
560 1342 897 1421 ἀγνοοῦντες
961 1342 1025 1403 τὸ
1092 1342 1256 1410 τέλος
1314 1342 1367 1404 οἱ
1413 1344 1578 1405 κακοὶ
1623 1343 1695 1405 τὰ
1738 1344 1892 1407 κακὰ
1945 1344 2307 1426 πράττουσιν,
2375 1344 2489 1429 ἤδη
2557 1346 2654 1409 καὶ
2708 1343 2770 1408 δι’
2836 1343 3067 1425 ἄγνοιαν

560 1440 705 1504 αὐτὰ
752 1444 1113 1526 πράττουσιν.
1204 1443 1449 1528 ἐδείχθη
1493 1444 1603 1528 γὰρ
1648 1446 1687 1527 ἡ
1734 1446 1951 1507 τούτων
1984 1444 2185 1526 ἄγνοια
2230 1447 2489 1514 ἑκούσιος
2535 1446 2700 1521 οὖσα,
2747 1446 2800 1509 οἳ
2841 1446 3068 1508 καὶτοῦ

562 1544 785 1625 ἀγνοεῖν
816 1545 1012 1613 αὑτοῖς
1042 1545 1233 1608 αἴτιοι.
1324 1547 1389 1609 τὸ
1420 1547 1527 1627 γὰρ
1560 1544 1787 1609 οἴεσθᾶι
1834 1546 2135 1616 τεύξεσθαι
2180 1547 2298 1631 [τε]
2346 1550 2438 1611 καὶ
2487 1548 2581 1610 διὰ
2625 1552 2727 1610 τοῦ
2772 1548 2842 1609 τὰ
2873 1551 3080 1631 φαῦλοί
3095 1564 3152 1607 ιιι)

560 1646 829 1729 πράττειν
874 1652 977 1709 τοῦ
1022 1648 1225 1716 τέλους
1270 1646 1396 1730 παρ’
1452 1646 1675 1723 αὐτοῖς,
1743 1646 1806 1711 εἷ’
1862 1672 1924 1728 γε
1979 1646 2062 1711 ἐπ’
2128 1650 2325 1717 αὐτοῖς
2378 1651 2442 1712 τὸ
2497 1656 2710 1731 γνῶναι
2753 1648 2825 1712 τὰ
2872 1649 3066 1731 ἀγαθὰ

565 1750 659 1810 καὶ
704 1750 769 1811 τὸ
817 1750 1106 1833 πράττειν,
1176 1748 1240 1811 δι’
1299 1750 1381 1811 ὧν
1428 1753 1603 1812 ταῦτα
1650 1751 2014 1833 περιγίνεται.
2125 1755 2298 1835 φῦναι
2369 1752 2472 1833 μὲν
2517 1754 2623 1834 γὰρ
2671 1754 2760 1814 δεῖ
2802 1775 2926 1819 πως
2970 1753 3067 1813 τὸν

460 1871 521 1919 15
564 1850 847 1931 μέλλοντα
914 1852 1123 1934 ἀρετὴν
1192 1852 1230 1933 ἦ
1302 1852 1504 1914 κακίαν
1572 1851 1874 1935 δέχεσθαι,
1940 1851 2003 1913 εἴ
2058 1875 2124 1933 γε
2191 1854 2272 1935 μὴ
2330 1858 2442 1915 πᾶν
2489 1851 2644 1937 ζῷόν
2689 1853 2809 1916 ἐστι
2855 1854 3070 1915 τούτων
3098 1867 3152 1913 25

562 1951 843 2027 δεκτικόν,
889 1950 1007 2015 ἀλλ’
1049 1952 1362 2037 ἄνθρωπος
1392 1951 1598 2033 μόνον·
1648 1952 1715 2015 οὐ
1750 1954 1865 2036 μὴν
1896 1954 1948 2016 εἰ
1994 1958 2162 2022 ποιᾶς
2207 1954 2440 2037 φύσεως
2485 1960 2567 2038 τῷ
2613 1957 2792 2017 ταῦτα
2837 1954 3015 2023 ἕξοντι
3059 1952 3066 2039 l

562 2049 720 2140 ζῴῳ,
768 2054 883 2138 ἤδη
930 2057 1021 2117 δεῖ
1062 2055 1157 2117 καὶ
1202 2052 1361 2139 ἔχειν
1405 2054 1579 2117 αὐτὸν
1634 2056 1807 2139 φύσει
1851 2056 1916 2117 τὸ
1964 2053 2126 2137 ὄμμα
2168 2061 2368 2131 τοῦτο,
2425 2053 2476 2135 ᾧ
2533 2060 2713 2139 κρινεῖ
2753 2056 2825 2118 τὰ
2870 2058 3048 2139 κρινό-
3075 2064 3172 2121 310

566 2180 707 2239 μενα
753 2160 947 2225 καλῶς
992 2158 1088 2219 καὶ
1134 2157 1199 2218 τὸ
1246 2154 1365 2220 κατ’
1423 2158 1707 2240 ἀλήθειαν
1779 2158 1999 2237 ἀγαθὸν
2046 2158 2368 2240 αἱρήσεται,
2438 2158 2580 2241 ὅπερ
2649 2158 2802 2220 ἐστὶν
2870 2160 3068 2241 ἀρετή.

564 2260 629 2322 οὐ
676 2260 783 2342 γὰρ
832 2258 1049 2337 ὁμοίως
1093 2258 1164 2321 αἵ
1198 2282 1261 2321 τε
1306 2258 1607 2339 αἰσθήσεις
1654 2260 1751 2322 καὶ
1796 2259 1997 2341 ἀρεταὶ
2043 2260 2232 2341 φύσει,
2299 2258 2419 2322 ἀλλ’
2483 2260 2542 2321 αἱ
2612 2260 2714 2338 μὲν
2769 2258 3071 2340 αἰσθήσεις
3123 2277 3151 2318 5

459 2382 528 2429 20
566 2362 734 2425 αὐταὶ
780 2360 971 2445 φύσει,
1017 2362 1055 2443 ἡ
1102 2362 1165 2423 δὲ
1212 2360 1389 2445 ἀρετὴ
1438 2360 1545 2422 οὐκ
1590 2361 1739 2443 αὐτὴ
1773 2361 1964 2443 φύσει,
2012 2360 2132 2422 ἀλλ’
2184 2362 2222 2443 ἡ
2259 2361 2363 2442 μὲν
2393 2366 2494 2423 τοῦ
2527 2361 2800 2430 δέξασθαι
2835 2361 3072 2442 δύναμις

562 2465 741 2547 αὐτὴν
789 2463 977 2547 φύσει,
1022 2462 1171 2546 αὐτὴ
1220 2463 1285 2525 δὲ
1330 2462 1397 2524 οὐ
1443 2461 1631 2545 φύσει.
1723 2463 1811 2525 διὸ
1861 2466 2078 2545 μᾶλλον
2135 2465 2173 2545 ἡ
2222 2464 2398 2547 ἀρετὴ
2449 2464 2667 2543 ὁμοίως
2710 2462 2881 2545 φύσει
2949 2465 3074 2530 ταῖς

564 2567 815 2651 τέχναις,
881 2566 951 2629 οὐ
996 2571 1121 2634 ταῖς
1167 2564 1531 2646 αἰσθήσεσιν.
1622 2568 1703 2634 ὡς
1748 2565 1856 2649 γὰρ
1902 2569 2018 2626 τῶν
2064 2571 2287 2649 τεχνῶν
2333 2566 2397 2627 τὸ
2456 2566 2558 2649 μὲν
2605 2565 2747 2627 εἶναι
2793 2566 3074 2631 δεκτικοῖς
3103 2580 3155 2621 ιο

563 2670 700 2753 ἡμῖν
745 2668 937 2731 αὐτῶν
985 2668 1237 2751 ὑπάρχει
1282 2666 1470 2749 φύσει,
1539 2666 1728 2735 οὐδεὶς
1772 2667 1835 2735 δὲ
1880 2668 2090 2747 γίνεται
2147 2667 2412 2750 τεχνίτης
2477 2668 2666 2749 φύσει,
2734 2668 2829 2729 τὸν
2898 2666 3070 2727 αὐτὸν

562 2772 771 2855 τρόπον
821 2772 913 2833 καὶ
960 2768 1055 2832 ἐπὶ
1098 2774 1213 2831 τῶν
1262 2769 1483 2850 ἀρετῶν
1530 2766 1675 2853 ἔχει.
1768 2770 1858 2831 διὸ
1905 2771 1998 2830 καὶ
2044 2770 2147 2851 τὴν
2181 2770 2284 2850 μὲν
2315 2770 2660 2853 αἰσθητικὴν
2695 2767 2842 2851 ὄψιν,
2889 2769 2940 2829 εἰ
2985 2767 3067 2850 μὴ

457 2893 524 2942 25
560 2872 731 2957 φύσει
775 2895 859 2940 τις
905 2870 1054 2955 ἔχοι,
1103 2867 1223 2933 οὐδ’
1266 2869 1333 2932 ἂν
1380 2872 1655 2953 κτήσαιτο
1702 2869 1883 2953 αὐτήν
1929 2894 2092 2947 ποτε,
2139 2870 2234 2933 ἐπὶ
2279 2872 2343 2934 δὲ
2388 2876 2492 2951 τῆς
2537 2870 2684 2933 κατὰ
2724 2872 2827 2953 τὴν
2861 2870 3071 2952 ἀρετὴν

564 2974 754 3059 ὄψεως
784 2973 852 3036 οὔ
884 2977 1057 3057 φῦναι
1087 2970 1299 3057 ἔχοντα
1332 2975 1423 3036 δεῖ
1447 2974 1621 3056 τήνδε
1650 2974 1754 3055 τὴν
1788 2971 1940 3056 ὄψιν,
1987 2973 2136 3035 ἀλλὰ
2167 2978 2340 3055 φῦναι
2373 2976 2464 3035 δεῖ
2489 2974 2763 3041 δέξασθαι
2796 2972 3075 3036 δύνασθαι
3103 2986 3155 3028 15

564 3078 765 3161 αὐτήν,
811 3077 876 3139 τὸ
922 3076 987 3139 δὲ
1031 3072 1189 3159 ἔχειν
1236 3074 1447 3143 αὐτοὺς
1491 3074 1617 3158 παρ’
1675 3076 1866 3137 αὑτῶν
1914 3077 2223 3159 πειρᾶσθαι
2268 3076 2598 3160 λαμβάνειν,
2645 3076 2740 3137 καὶ
2790 3072 2941 3137 ἔστιν
2987 3072 3074 3135 εὐ-

564 3180 717 3263 φυὴς
762 3177 876 3262 οὐχ
924 3178 955 3240 ὁ
1001 3176 1118 3259 ἤδη
1163 3177 1267 3259 τὴν
1315 3177 1528 3261 ἀρετὴν
1574 3174 1734 3260 ἔχων
1778 3178 1878 3239 καὶ
1923 3178 1988 3239 τὸ
2037 3175 2199 3259 ὄμμα
2242 3181 2432 3251 τοῦτο,
2480 3175 2600 3239 ἀλλ’
2631 3177 2687 3255 ,ὁ
2722 3178 2861 3260 ῥᾷον
2895 3175 3073 3238 ἄλλου

565 3282 761 3365 λαβεῖν
806 3279 987 3363 αὐτὴν
1031 3280 1365 3360 δυνάμενος,
1412 3277 1474 3340 ὃν
1520 3276 1732 3362 τρόπον
1778 3278 1874 3340 καὶ
1919 3278 2012 3340 ἐπὶ
2059 3282 2173 3339 τῶν
2219 3282 2441 3362 τεχνῶν
2489 3276 2628 3362 ἔχον
2675 3278 2942 3360 ἐδείχθη.
3099 3291 3156 3333 2⁰

458 3542 527 3590 30
564 3519 772 3584 XXX.
861 3518 1017 3588 Πῶς
1064 3520 1123 3581 εἰ
1168 3518 1248 3581 ἐκ
1290 3524 1425 3580 τῶν
1471 3517 1818 3580 ἐναντίων
1872 3520 1954 3581 τὰ
2007 3518 2282 3581 ἐναντία
2334 3520 2634 3599 γίνεται,
2689 3517 2813 3580 οὐκ
2868 3514 3062 3579 ἔσται
3096 3522 3181 3578 311

569 3626 648 3687 ἐκ
703 3624 825 3704 μὲν
881 3621 1335 3703 δικαιοσύνης
1389 3620 1656 3697 ἀδικία,
1724 3620 1802 3683 ἐκ
1848 3621 1922 3683 δὲ
1963 3621 2252 3689 ἀδικίας
2306 3621 2750 3703 δικαιοσύνη,
2807 3620 2917 3682 καὶ
2965 3619 3078 3681 ἐπὶ

842 3730 976 3787 τῶν
1020 3723 1260 3787 ἄλλων
1308 3724 1575 3806 ἀρετῶν
1621 3746 1696 3785 τε
1743 3723 1854 3785 καὶ
1898 3726 2156 3786 κακιῶν
2204 3724 2235 3785 ὁ
2283 3723 2501 3790 αὐτὸς
2545 3722 2772 3805 λόγος.
3129 3742 3157 3782 5

720 3892 795 3979 ΪῊ
844 3895 940 3957 καὶ
986 3898 1165 3957 ταῦτα
1196 3894 1381 3961 οὕτως
1412 3894 1641 3974 γίνεται.
1733 3894 1764 3956 ὁ
1811 3894 1922 3977 γὰρ
1969 3893 2187 3961 δίκαιος
2229 3890 2526 3975 γινόμενος
2571 3892 2700 3975 ἤτοι
2747 3892 2807 3961 ἐξ
2855 3894 3110 3961 ἀδικίας

458 4126 490 4177 2
527 4126 575 4178 τί
610 4124 712 4178 δεῖν
751 4141 850 4177 om.
890 4123 1052 4177 S²B²a
1090 4126 1203 4191 Sp.:
1244 4123 1461 4175 fortasse
1498 4128 1698 4175 ποιεῖν
1925 4118 2008 4191 ἐφ’
2050 4121 2240 4191 αὺτοῖς]
2281 4118 2363 4175 ἐπ’
2405 4122 2572 4180 αὐτοῖς
2609 4140 2640 4173 a
2677 4126 2766 4189 Sp.
2982 4120 3044 4172 ἐπ
3082 4120 3178 4172 del.

455 4218 544 4279 Sp.
723 4212 755 4263 4
795 4210 967 4275 αὐτὸς]
1012 4210 1147 4263 inter·
1184 4228 1210 4262 ο
1248 4216 1301 4263 et
1339 4228 1362 4267 ς
1398 4210 1475 4261 lit.
1503 4214 1551 4260 V
1731 4210 1774 4261 εἰ
1821 4209 1938 4260 add.
1982 4210 2095 4261 V²B
2135 4211 2273 4262 vict.
2456 4210 2486 4261 5
2526 4209 2708 4272 αἴτιον]
2745 4207 2954 4260 ἕκαστον
2993 4226 3024 4259 a
3061 4209 3180 4274 Sp.:

456 4298 611 4351 αὐτὸν
649 4300 905 4351 Schwartz
1094 4294 1243 4355 ἕξεως
1269 4296 1461 4350 v²SBa
1499 4299 1611 4363 Sp.:
1658 4293 1841 4353 λέξεως
1869 4296 2090 4347 V¹FLM
2288 4297 2318 4347 6
2356 4302 2462 4347 τῶν
2500 4293 2732 4363 ἀγαθῶν]
2773 4301 2816 4346 ὧ
2854 4300 2906 4347 et
2943 4311 3018 4361 pr.
3057 4296 3089 4345 ἀ
3125 4295 3182 4344 in

454 4388 537 4440 lit.
577 4392 621 4437 V
838 4385 870 4436 9
922 4386 1083 4449 κακὰ]
1138 4385 1290 4435 κακοὶ
1340 4398 1371 4434 a
1418 4386 1505 4449 Sp.
1726 4382 1783 4434 ll
1828 4384 1876 4434 οἳ
1912 4383 1998 4433 καὶ
2035 4384 2246 4449 Scripsi:
2287 4383 2357 4439 οῖς
2395 4383 2540 4434 libri:
2581 4382 2628 4433 οἳ
2664 4383 2799 4433 coni.
2839 4384 2926 4447 Sp.

464 4474 525 4526 12
562 4472 734 4531 αὺτοῖς
768 4476 817 4521 V
1030 4489 1083 4523 τε
1124 4470 1289 4523 delevi
1510 4468 1571 4521 16
1610 4469 1651 4521 εἰ
1689 4484 1789 4521 om.
1830 4488 1862 4521 a
2063 4476 2206 4527 ποιᾶς
2235 4470 2399 4521 Diels:
2439 4470 2586 4527 ποίας
2624 4470 2741 4521 libri
2956 4468 3073 4531 (δεῖ)
3107 4474 3180 4537 τῷ

457 4581 491 4613 a
525 4564 612 4629 Sp.
793 4556 953 4617 ἕξοντι
990 4562 1039 4609 V
1230 4558 1291 4609 17
1332 4542 1497 4627 κρίνει
1525 4573 1557 4606 a
1594 4558 1681 4623 Sp.
1869 4556 1930 4607 19
1968 4560 2055 4609 καὶ
2091 4558 2142 4608 αἱ
2179 4557 2347 4627 ἀρεταὶ
2385 4574 2416 4607 a
2441 4559 2528 4620 Sp.
2726 4555 2794 4607 20
2831 4554 2998 4623 αὐταὶ]
3037 4573 3184 4607 αυται

458 4649 529 4700 V¹
568 4649 720 4713 (corr.
755 4646 869 4711 V²)2
907 4644 1055 4697 αὗται
1092 4662 1121 4695 a
1299 4643 1361 4694 21
1422 4641 1611 4710 ὁμοίως
1655 4643 1823 4712 (ἔχει)
1874 4646 1983 4695 sive
2032 4642 2182 4712 ὁμοία
2231 4645 2366 4695 coni.
2415 4644 2502 4709 Sp.
2684 4641 2749 4693 22
2802 4641 3022 4693 fortasse
3059 4642 3183 4705 (ἐπὶ)

457 4740 563 4786 τῶν
778 4732 844 4784 26
882 4731 1101 4784 fortasse
1151 4729 1472 4798 δυνάμενον
1688 4730 1753 4780 27
1792 4730 1996 4799 αὐτοὺς]
2035 4730 2192 4801 αὐτὴν
2230 4749 2260 4781 ει
2472 4728 2769 4797 λαμβάνειν]
2819 4728 2847 4797 β
2892 4729 2950 4779 in
3000 4728 3077 4779 lit.
3114 4732 3182 4779 V:

458 4820 702 4889 λαμβάνει
738 4837 770 4871 a
806 4822 893 4886 Sp.
1109 4817 1176 4870 33
1214 4820 1337 4869 ante
1374 4816 1407 4883 ἢ
1446 4819 1489 4868 Β
1529 4817 1683 4869 iterat
1721 4818 1930 4870 titulum
1970 4832 2134 4883 usque
2172 4820 2235 4871 ad
2275 4816 2562 4885 δικαιοσύνη
2604 4815 2717 4881 (31)

564 4926 710 4975 suppl.
740 4926 871 4965 Arist.
898 4926 940 4964 11
966 4922 995 4963 2
1050 4926 1173 4963 Alex.
1200 4924 1361 4972 scripta
1391 4925 1567 4962 minora.
2698 4904 2771 4964 11
