3684 5567
588 233 726 273 xxvr
1757 232 2149 287 PRAEFATIO

448 402 553 485 Sp.
771 401 1158 468 Victorianis
1210 404 1481 487 primum
1550 424 1701 469 usus
1756 412 1856 471 est
1902 404 2318 490 SPENGELIUS,
2381 408 2482 473 cui
2529 407 2692 473 haec
2735 428 2877 473 cum
2923 406 3308 473 Trincavelli

592 521 879 589 editione
942 522 1427 589 fundamentum
1492 522 1673 590 fuere
1738 524 1882 590 libri
1935 525 2042 609 qui
2103 524 2338 610 prodiit
2388 525 2712 591 Monachii
2773 527 2955 592 1842.
3059 528 3125 593 in
3179 550 3306 611 quo

592 643 795 706 multa
841 641 1050 706 editor
1094 637 1483 725 emendavit,
1529 661 1697 725 quae
1726 665 1854 709 non
1901 645 2109 728 potuit
2139 666 2269 711 non
2299 644 2606 730 expedire
2643 644 2742 709 vir
2777 652 2846 709 ut
2875 645 2986 711 ille
3014 646 3305 713 eximiae.

592 760 723 827 Sed
770 762 957 845 plura
1000 767 1415 845 expectamus
1459 782 1501 827 a
1544 762 1679 828 tali.
1766 783 1918 829 nam
1963 783 2128 849 pace
2171 764 2290 829 viri
2335 763 2682 830 doctissimi
2729 764 2966 831 dietum
3011 764 3096 831 sit
3131 766 3306 832 festi-

588 882 891 966 nationiS,
940 901 1067 965 qua
1112 880 1275 947 liber
1318 881 1646 948 confectus
1691 883 1793 967 sit,
1839 884 2113 967 vestigia
2157 904 2285 949 non
2331 904 2593 967 prorsus
2637 886 2858 952 latere.

760 1004 937 1070 Inter
965 1003 1305 1069 Excnnm
1350 1002 1807 1085 manuscripta,
1855 1022 2022 1085 quae
2051 1002 2204 1068 mihi
2234 1002 2669 1087 innotuerunt,
2713 1004 2894 1069 nulla
2923 1012 3090 1089 sunt,
3135 1026 3306 1089 quae

588 1122 673 1187 ad
706 1122 901 1187 alium
932 1122 1175 1187 fontem
1208 1120 1495 1204 redeant,
1520 1140 1711 1205 quam
1744 1121 2050 1187 librorum
2084 1142 2244 1205 quos
2276 1124 2789 1189 commemoravi.
2861 1123 3080 1207 itaque
3108 1145 3304 1208 quam

588 1242 964 1309 brevissime
1008 1241 1090 1308 de
1135 1241 1228 1307 eis
1272 1240 1567 1306 referam.

760 1362 922 1427 Sunt
964 1367 1182 1427 autem
1226 1358 1640 1445 physicorum
1684 1362 1901 1446 capita
1948 1360 2155 1428 1-16
2201 1360 2344 1427 libri
2391 1360 2656 1427 alterius
2687 1371 2992 1447 excerpta
3034 1364 3099 1429 in
3131 1365 3302 1430 HAv-

586 1503 829 1564 mmm,
883 1481 965 1547 de
1020 1501 1144 1563 quo
1210 1500 1359 1546 mox
1410 1480 1640 1546 iterum
1700 1480 2063 1565 disputabo,
2164 1502 2330 1565 quae
2382 1500 2425 1546 a
2468 1480 2714 1547 Veneto
2761 1482 2814 1547 V
2867 1484 3152 1567 pendere
3201 1505 3302 1549 ar·

584 1600 720 1685 guit
766 1601 873 1667 vel
918 1619 1048 1665 una
1090 1601 1459 1682 corruptela
1501 1602 1710 1675 48‚14.
1800 1601 1918 1667 sed
1961 1622 2092 1666 non
2139 1620 2220 1667 ex
2261 1601 2404 1683 ipso
2437 1599 2763 1684 descripta
2793 1610 2958 1686 sunt,
3003 1605 3121 1670 etsi
3155 1626 3300 1671 cum

584 1721 711 1787 fide
762 1740 910 1787 eum
969 1729 1460 1803 repraesentare
1510 1722 1743 1786 solent.
1862 1720 2136 1786 fortasse
2190 1719 2420 1786 Veneti
2471 1718 2594 1783 261
2667 1718 2858 1784 simili
2923 1722 3087 1790 libro
3143 1745 3302 1791 usus

584 1848 683 1907 est
730 1848 1089 1924 excerptor,
1135 1839 1286 1923 quia
1330 1838 1649 1922 55,14.15
1693 1840 1861 1907 inter
1906 1838 2378 1922 manuscriptos
2425 1838 2810 1905 Hauniensis
2857 1861 3020 1908 unus
3063 1862 3206 1909 cum
3247 1845 3301 1910 B

585 1960 920 2027 consentit.
1010 1979 1197 2041 quem
1246 1959 1297 2025 si
1343 1960 1679 2044 exscripsit
1710 1966 2066 2043 excerptor,
2111 1964 2452 2042 praeterea
2493 1959 2658 2025 alios
2700 1959 2900 2027 libros
2944 1964 3300 2049 usurpavit,

582 2100 735 2145 nam
782 2078 1120 2145 lectionem
1164 2079 1357 2163 48,14
1399 2100 1528 2145 non
1573 2079 1783 2164 potuit
1828 2098 1908 2143 ex
1957 2077 2008 2141 B
2062 2096 2334 2142 sumere.
2421 2085 2570 2143 sunt
2621 2088 2834 2145 autem
2891 2081 3086 2147 etiam
3130 2083 3301 2147 Hau-

580 2199 785 2267 niensi
832 2198 1095 2283 propria
1137 2199 1466 2281 nonnulla,
1512 2207 1582 2264 ut
1624 2200 1816 2284 47,25
1861 2199 2005 2282 48,7
2053 2198 2260 2281 49,11.
2290 2197 2388 2265 12.

496 2324 550 2385 R
764 2318 986 2384 Codex
1040 2317 1383 2385 PAmsmus
1432 2320 1595 2385 1996
1662 2318 2112 2384 miscellaneus
2176 2334 2346 2381 saec.
2391 2316 2545 2381 XVI
2609 2318 2896 2385 continet
2959 2320 3068 2387 fol.
3107 2322 3298 2389 5-9,

582 2438 1025 2525 quaestionem
1070 2438 1183 2521 I,4
1227 2439 1311 2521 11,
1334 2439 1395 2503 4.
1421 2440 1462 2504 5
1505 2438 1749 2522 111,13.
1800 2436 1982 2522 1‚4¹)
2025 2433 2292 2501 contulit
2337 2433 2655 2501 Immisch.

754 2558 977 2624 Codex
1030 2557 1391 2623 LnYnnNsm
1442 2556 1752 2641 Scaligeri
1821 2558 1901 2622 51
1972 2575 2141 2623 saec.
2193 2554 2557 2621 XV—XVI
2622 2556 2907 2623 continet
2970 2558 3078 2626 fol.
3131 2563 3296 2626 1-3

580 2685 827 2761 quaest.
877 2678 993 2762 I,4
1044 2676 1151 2760 (cf.
1189 2676 1395 2743 Catal.
1444 2674 1605 2741 Bibl.
1653 2676 1827 2760 publ.
1882 2677 2045 2741 1716
2089 2675 2294 2759 Lugd.
2341 2695 2404 2758 p.
2445 2675 2626 2761 341);
2689 2678 2924 2743 contuli
2979 2678 3139 2763 ipse.
3229 2689 3296 2747 et

580 2796 941 2865 Parisinum
990 2805 1054 2863 et
1094 2797 1499 2881 Leydensem
1546 2815 1627 2861 ex
1672 2797 1884 2881 capite
1929 2797 2163 2863 collato
2211 2799 2260 2880 I,
2284 2798 2327 2861 4
2371 2802 2550 2880 patet
2593 2816 2676 2863 ex
2718 2798 2944 2865 Veneti
2974 2800 3100 2865 258
3143 2820 3296 2885 apo-

576 2917 825 3001 grapho
873 2916 1229 2999 descriptos
1274 2934 1436 3000 esse,
1503 2916 1683 2982 cuius
1736 2915 1875 2982 fere
1930 2936 2152 2982 omnes
2219 2915 2529 2982 lectiones
2595 2914 2921 3003 exhibent,
2990 2919 3096 2985 ubi
3163 2942 3292 2988 non

576 3036 825 3102 lacunis
873 3034 1216 3101 deformati
1259 3042 1428 3118 sunt,
1472 3035 1703 3119 quibus
1746 3043 2014 3119 uterque
2059 3034 2348 3101 abundat
2389 3034 2500 3119 (cf.
2540 3036 2708 3121 9,14,
2764 3038 2872 3104 ubi
2915 3038 3097 3123 legas
3143 3042 3294 3125 μόνα

576 3156 859 3242 VBRS²)
906 3155 1111 3238 10,23.
1137 3154 1237 3220 24.
1266 3156 1350 3221 30
1397 3156 1559 3240 11,5,
1585 3156 1667 3221 33
1722 3162 1787 3222 et
1830 3161 2068 3239 cetera,
2113 3173 2280 3239 quae
2325 3174 2408 3219 ex
2451 3153 2507 3217 R
2548 3154 2616 3219 in
2659 3157 3147 3225 adnotationem
3194 3182 3287 3227 re-

576 3276 740 3362 cepi,
786 3294 1059 3360 quocum
1104 3294 1359 3359 semper
1389 3274 1707 3342 consentit
1736 3272 2115 3359 Leydensis.
2205 3294 2357 3339 nam
2389 3274 2626 3357 gemini
2659 3282 2826 3361 sunt,
2874 3279 3046 3361 quod
3094 3281 3289 3347 etiam

576 3397 743 3462 falsa
786 3396 1117 3478 utriusque
1160 3395 1490 3480 inscriptio
1544 3396 1613 3461 ἐκ
1665 3398 1766 3459 τοῦ
1820 3398 2056 3479 πρώτου
2102 3394 2322 3480 βιβλίου
2375 3398 2492 3458 τῶν
2539 3396 2814 3481 ἠθικῶν
2859 3400 3286 3486 προβλημάτων

574 3517 783 3583 docet.
873 3514 981 3580 ubi
1024 3535 1066 3580 a
1096 3516 1343 3583 Veneto
1373 3514 1778 3598 dissentiunt,
1825 3533 2078 3580 errores
2121 3520 2288 3583 sunt.
2375 3513 2650 3581 fructum
2689 3535 2772 3582 ex
2814 3525 3042 3584 neutro
3088 3520 3288 3587 critici

576 3635 949 3721 percipient.

480 3758 533 3822 N
750 3753 1014 3820 Moralis
1059 3752 1203 3818 libri
1247 3754 1462 3838 capita
1491 3754 1609 3836 ΙΙΙ,
1654 3752 1867 3837 XXX,
1911 3754 1976 3821 X
2021 3760 2325 3836 excerpta
2368 3755 2668 3837 leguntur
2708 3756 2777 3820 in
2821 3758 3283 3827 recentioribus

570 3872 896 3941 nonnullis
934 3873 1257 3939 codicibus
1298 3874 1790 3958 (LAvssnNrmNo
1823 3875 1965 3959 85,1
2019 3876 2366 3941 VATICANIS
2404 3874 2588 3957 1622,
2635 3875 2759 3941 269
2801 3877 2865 3943 11
2909 3878 3284 3948 BARBsmNo
3385 3910 3404 3939 e

573 3995 657 4074 11,
682 3996 765 4061 44
810 3994 1173 4059 ΜυΤῙΝΕΝει
1201 3994 1319 4061 197
1365 3996 1458 4077 (ΙΙ
1484 3994 1541 4060 G
1565 3994 1637 4079 4)
1668 3996 2100 4063 BnnomNENffl
2124 3996 2378 4059 Access.
2408 3994 2574 4057 1889
2619 3996 2747 4061 304
2761 3996 2814 4081 1)
2845 4002 3280 4068 commentarii

570 4113 903 4179 Michaelis
931 4113 1015 4178 ad
1031 4113 1397 4179 Aristotelis
1418 4114 1649 4182 Ethica
1671 4116 2128 4197 Nicomachea,
2150 4112 2258 4177 fini
2291 4110 2435 4177 libri
2465 4112 2669 4195 quinti
2700 4115 2839 4184 sine
2869 4120 3283 4205 inscriptione

724 4414 760 4481 ¹)
808 4414 945 4467 Idem
994 4414 1245 4467 exhibent
1294 4422 1591 4484 excerptum
1638 4418 1863 4473 Parisini
1913 4420 2049 4473 2077
2099 4424 2151 4473 et
2193 4420 2355 4485 2544,
2403 4422 2488 4474 hic
2534 4424 2630 4475 sub
2675 4422 2854 4476 eodem
2901 4424 3079 4489 titum,
3125 4428 3280 4492 atque

566 4504 839 4557 Parisinus
867 4501 1001 4555 1996
1039 4508 1091 4555 et
1116 4502 1420 4571 Leydensis.
1493 4521 1601 4559 non
1640 4508 1858 4561 contuli.
1929 4510 1988 4561 in
2024 4508 2262 4578 catalogo
2298 4509 2542 4562 librorum
2579 4510 2937 4564 Parisinorum
2967 4512 3116 4579 (anni
3147 4511 3280 4565 1740

566 4609 618 4661 p.
644 4592 715 4660 ΙΙ)
762 4594 962 4660 praeter
1007 4592 1100 4644 hos
1154 4590 1313 4645 libros
1372 4598 1704 4647 recensentur
1759 4596 1837 4648 hi:
1903 4596 2268 4650 solutiones
2315 4598 2716 4667 quarundam
2771 4598 3276 4653 difficultatum:

570 4680 721 4733 1268.
754 4678 889 4731 1630
925 4680 1351 4747 quaestiones
1388 4684 1722 4736 naturales
1766 4683 1915 4737 1883.
1957 4684 2107 4737 1884.
2153 4686 2302 4739 1893.
2342 4686 2494 4739 2047.
2522 4686 2722 4739 2047Α
2762 4688 2914 4740 2048.
2943 4688 3097 4741 2230.
3125 4688 3277 4742 2381.

567 4767 720 4820 3044.
795 4782 973 4819 omnes
1010 4768 1284 4820 continent
1320 4768 1521 4823 diversa
1558 4773 1814 4841 sequioris
1853 4772 2037 4825 aetatis
2076 4772 2414 4841 problemata,
2467 4774 2754 4828 Alexandri
2800 4778 3134 4843 quaestiones
3171 4792 3276 4831 non

564 4855 748 4906 insunt
784 4854 1087 4923 (Immisch).
