3684 5567
570 261 698 326 220
1441 259 1897 320 ΑΛΕΞΑΝΔΡΟΥ
1942 262 2391 323 ΑοΡοΔιΣιεοΣ
2442 248 2451 256 ’

679 437 1032 520 κιρναμένων
1063 439 1372 520 σωμάτων.
1439 439 1513 502 τὰ
1555 439 1664 524 γὰρ
1711 441 2035 523 διαιροῦντα
2076 439 2415 504 διίστανται·
2464 443 2827 527 διαιρούμενα
2865 441 2930 506 δὲ
2959 445 3162 527 χώραν

678 538 906 608 ἑαυτοῖς
948 543 1390 624 παρασκευάζει,
1461 547 1540 613 ὡς
1587 544 1668 628 μὴ
1715 544 2003 626 δυνάμενα
2068 543 2163 607 διὰ
2208 549 2490 630 συνεχοῦς
2543 545 2639 609 καὶ
2684 545 3010 628 ἀδιαιρέτου
3056 550 3157 608 τοῦ

677 641 1058 726 ὑποκειμένου
1125 647 1393 727 σώματος
1457 648 1541 716 εἰς
1601 649 1668 711 τὸ
1712 646 1759 730 †
1804 648 2167 731 προσελθεῖν.
2258 645 2513 712 καθόλου
2556 648 2622 711 δὲ
2664 648 2717 711 εἰ
2771 645 2887 711 ἔδει
2944 649 3049 729 μὲν
3093 649 3159 712 τὸ

677 745 996 830 δεχόμενον
1042 751 1216 830 σῶμα
1261 749 1320 812 ἑν
1365 751 1528 835 αὑτῷ
1575 749 1719 814 ἄλλο
1763 755 1942 833 σῶμα
1981 750 2047 834 †‚
2094 750 2276 835 μηδέν
2318 773 2371 814 τι
2416 754 2613 835 μεῖζον
2656 751 2939 833 γίνεσθαι·
2991 754 3161 814 τοῦτο
3187 766 3243 808 ευ

609 867 640 915 5
677 851 786 931 γάρ
829 849 952 913 ἐστι
997 852 1062 915 τὸ
1108 851 1381 921 δέξασθαι
1425 853 1486 916 ἐν
1531 854 1694 938 αύτῷ·
1739 877 1813 916 τι.
1904 853 2001 917 ἐπὶ
2068 853 2316 938 μηδενός
2380 877 2529 924 τινος
2592 855 2861 934 σωμάτος
2922 854 2960 934 ἢ
3016 853 3162 935 μῖξις

680 955 795 1014 τῶν
865 953 1154 1037 σωμάτων
1223 952 1344 1019 ἴσον
1409 959 1580 1040 τηρεῖ
1638 957 1735 1020 τὸν
1790 954 1961 1040 ὄγκον
2014 957 2098 1020 ἑνὶ
2145 961 2260 1020 τῶν
2314 955 2685 1040 μιγνυμένων.
2776 953 2871 1040 ἐφ’
2928 957 3009 1017 ὧν
3053 951 3159 1039 γὰρ

681 1052 803 1117 ἴσον
848 1055 1012 1119 δοκεῖ
1050 1055 1259 1140 μένειν,
1305 1056 1398 1121 ἐπ’
1452 1057 1688 1122 ἐκείνων
1731 1059 1800 1123 οὐ
1847 1062 2134 1142 σώματων
2181 1059 2327 1141 μῖξίς
2379 1061 2521 1134 ἐστι,
2584 1057 2705 1122 ἀλλ’
2760 1059 2799 1142 ἢ
2844 1057 2997 1127 εἶδός
3038 1057 3161 1122 ἐστι

677 1157 772 1220 καὶ
820 1157 928 1240 ὅλη
973 1157 1045 1221 τὰ
1087 1159 1516 1246 λαμβανόμενα,
1583 1165 1665 1231 ὡς
1709 1165 1748 1246 ἠ
1793 1164 1959 1247 ψυχὴ
2005 1164 2102 1227 καὶ
2143 1163 2209 1226 τὸ
2254 1167 2447 1246 σῶμα,
2514 1163 2551 1246 ἢ
2598 1166 2771 1245 σῶμα
2812 1162 2911 1224 καὶ
2952 1159 3161 1239 πάθος,
3186 1177 3243 1219 26

677 1262 759 1328 ὡς
803 1260 835 1323 ὁ
880 1260 1112 1346 σίδηρος
1156 1265 1251 1327 καὶ
1294 1265 1332 1347 ἢ
1379 1265 1689 1348 θερμότης,
1733 1265 1772 1349 ἢ
1821 1266 2115 1349 μεταβολή
2160 1289 2308 1335 τινος
2348 1265 2560 1349 γίνεται
2622 1264 2743 1328 οἷον
2786 1261 2847 1332 ἔς
2900 1288 2951 1327 τι
2994 1262 3158 1340 ἄλλο,

574 1382 635 1430 10
673 1367 754 1432 ὡς
797 1363 892 1427 ἐπὶ
935 1369 1038 1448 τῆς
1083 1365 1312 1450 τέφρας.
1401 1365 1536 1430 οὔτε
1579 1369 1644 1431 δὲ
1689 1367 1760 1431 τὰ
1803 1369 1969 1452 πάθη
2014 1367 2147 1432 οὔτε
2188 1369 2261 1432 τὰ
2313 1367 2441 1453 εἴδη
2486 1372 2751 1452 σώματα,
2819 1366 2866 1449 †
2908 1365 3033 1430 οὐδ’
3088 1364 3156 1429 ἂν

675 1465 820 1529 ἄλλο
867 1471 1038 1549 σῶμα
1084 1469 1144 1531 ἐν
1189 1468 1352 1555 αὐτῷ
1402 1471 1649 1557 δέχοιτο.
1741 1473 1836 1535 καὶ
1878 1473 1987 1556 γὰρ
2032 1473 2085 1536 εἰ
2128 1473 2226 1536 οἷά
2266 1495 2328 1536 τε
2372 1470 2465 1556 εἴη
2510 1471 2581 1536 τὰ
2646 1474 2892 1555 σώματα
2934 1468 3161 1553 ἄλληλα

678 1569 980 1655 δέχεσθαι,
1048 1571 1171 1636 οὐδ’
1227 1573 1295 1636 ἂν
1339 1579 1442 1656 τῆς
1487 1575 2008 1660 ἀντιπεριστάσεως
2049 1573 2139 1640 ἔτι
2176 1575 2297 1639 δέοι
2341 1576 2484 1660 πρὸς
2526 1577 2631 1659 τὴν
2674 1573 2892 1658 κίνησιν
2936 1573 3157 1641 αὐτοῖς·
3183 1590 3242 1632 ευ

678 1671 746 1736 οὐ
791 1674 900 1758 γὰρ
944 1675 1019 1758 δὴ
1063 1677 1249 1760 χωρὶς
1290 1679 1572 1762 κινήσεως
1623 1684 1797 1760 σῶμα
1864 1679 2029 1743 δίεισι
2094 1679 2187 1742 διὰ
2243 1683 2532 1763 σώματος.
2621 1679 2764 1761 πρὸς
2814 1676 2879 1740 δὲ
2922 1675 3159 1748 τούτοις,

673 1781 800 1845 πῶς
851 1777 958 1841 οὐκ
1010 1777 1218 1861 ἄλογον
1275 1781 1372 1842 καὶ
1425 1781 1490 1843 τὸ
1533 1780 1718 1864 λέγειν
1763 1779 1824 1844 ἓν
1892 1781 2252 1866 βραχύτατον
2306 1787 2479 1864 σῶμα
2524 1779 2915 1865 παρισοῦσθαί
2964 1801 3023 1841 τε
3064 1779 3161 1840 καὶ

573 1899 632 1947 15
677 1881 1153 1964 παρεκτείνεσθαι
1198 1887 1284 1968 τῷ
1337 1881 1344 1969 Ι
1393 1883 1664 1969 μεγίστῳ,
1733 1887 1813 1953 ὡς
1876 1885 1972 1948 τὸν
2018 1885 2235 1949 κύαθον
2278 1890 2379 1949 τοῦ
2424 1883 2581 1949 οἴνου
2626 1885 2864 1953 πολλοῖς
2908 1883 3111 1950 ὕδατος
3154 1885 3266 1942 600

678 1983 906 2068 μέτροις
943 1985 1067 2048 ἴσον
1097 1987 1390 2070 γινόμενον
1421 1986 1568 2050 κατὰ
1601 1986 1845 2070 μέγεθος
1874 1987 2064 2073 αὐτῷ;
2111 1991 2238 2057 πῶς
2272 1985 2323 2052 δ’
2364 1987 2471 2052 οὐκ
2501 1988 2713 2052 ἄτοπον
2753 1986 2820 2048 τὸ
2850 1985 3161 2069 πειρᾶσθαι

683 2090 1128 2160 κατασκευάζειν
1195 2089 1291 2152 διὰ
1334 2095 1435 2154 τοῦ
1479 2092 1576 2154 τὸν
1641 2091 1957 2175 λιβανωτὸν
2001 2092 2096 2154 καὶ
2139 2089 2211 2153 τὰ
2255 2090 2404 2155 ἄλλα
2469 2090 2540 2153 τὰ
2592 2091 2937 2172 θυμιώμενα
2978 2089 3039 2152 ἐν
3083 2092 3157 2171 τῇ

672 2189 946 2272 θυμιάσει
1013 2191 1108 2254 ἐπὶ
1174 2196 1372 2256 πλεῖον
1439 2195 1688 2279 ὁρᾶσθαι
1753 2191 2040 2278 χεόμενας
2118 2195 2151 2257 ὁ
2208 2194 2311 2274 μὲν
2378 2193 2485 2277 γὰρ
2549 2193 2865 2278 λιβανωτὸς
2930 2190 3025 2254 καὶ
3087 2189 3160 2251 τὰ
3212 2205 3241 2246 ὅ

677 2293 896 2375 ὁμοίως
939 2295 1127 2379 τούτῳ
1172 2295 1516 2379 θυμιώμενα
1559 2297 1654 2360 καὶ
1699 2297 1782 2365 εἰς
1826 2295 1971 2359 ἄλλο
2002 2319 2055 2358 τι
2100 2299 2275 2378 σῶμα
2320 2296 2753 2380 μεταβάλλοντα
2796 2290 3157 2376 λεπτότερον,

569 2415 636 2463 20
674 2397 858 2465 οὕτως
919 2397 1023 2480 τὴν
1091 2397 1188 2460 ἐπὶ
1243 2399 1416 2461 πλέον
1473 2397 1704 2482 δέχεται
1749 2399 1942 2484 χύσιν,
2007 2399 2080 2461 τὰ
2123 2399 2189 2461 δὲ
2234 2399 2547 2482 κιρνάμενά
2600 2420 2663 2459 τε
2706 2398 2804 2461 καὶ
2849 2396 3160 2479 μιγνύμενα

674 2502 768 2563 καὶ
813 2498 940 2562 κατ’
995 2499 1201 2570 αὐτοὺς
1245 2504 1508 2572 σώζοντα
1551 2503 1654 2585 τὴν
1699 2503 1916 2565 οἰκείαν
1960 2501 2131 2586 φύσιν
2175 2504 2451 2585 κιρνᾶται,
2524 2502 2605 2569 ὡς
2657 2501 2755 2563 καὶ
2798 2499 3163 2585 χωρισθῆναι

672 2601 954 2666 δύνασθαι
999 2605 1185 2666 πάλιν.
1263 2604 1416 2668 ὥστε
1445 2603 1610 2667 οὐδὲν
1653 2603 1852 2673 αὐτοῖς
1895 2605 1978 2673 εἰς
2018 2603 2391 2688 παραμυθίαν
2424 2606 2539 2666 τῶν
2586 2601 2883 2685 ἑπομένων
2928 2599 3159 2665 ἀτόπων

526 2715 620 2766 vn
671 2711 791 2776 τοῖς
835 2711 1017 2774 κενῶς
1059 2706 1388 2790 λεγομένοις
1432 2709 1470 2790 ἡ
1515 2707 1733 2770 τούτων
1781 2710 2041 2770 συντελεῖ
2068 2707 2405 2789 παράθεσις.
2473 2703 2554 2769 Τό
2599 2729 2661 2767 τε
2704 2703 2803 2768 οὖν
2848 2708 3023 2786 σῶμα
3065 2703 3161 2766 διὰ
3187 2717 3243 2759 ιο

671 2813 944 2892 σώματος
986 2814 1223 2894 χωρεῖν,
1283 2807 1335 2893 ᾧ
1383 2816 1640 2895 χρῶνται
1686 2811 1828 2892 πρὸς
1870 2812 1977 2893 τὴν
2022 2815 2125 2893 τῆς
2170 2811 2431 2894 κράσεως
2475 2808 2773 2883 ἀπόδοσιν,
2842 2805 3053 2891 ψεῦδός
3096 2829 3159 2869 τε

565 2933 630 2982 25
671 2914 767 2977 καὶ
812 2913 970 2999 παρὰ
1014 2913 1116 2980 τὰς
1161 2912 1350 2982 κοινὰς
1396 2911 1716 2997 προλήψεις
1762 2914 1857 2976 καὶ
1902 2913 1975 2975 τὰ
2018 2913 2231 2996 φυσικὰ
2298 2909 2423 2976 κατ’
2478 2910 2685 2980 αὐτοὺς
2728 2915 2831 2994 τῆς
2874 2909 3155 2994 ἀληθείας

672 3018 956 3101 κριτήρια,
1022 3016 1118 3078 καὶ
1185 3015 1332 3078 πολὺ
1380 3019 1600 3099 μᾶλλον
1666 3014 1750 3079 ἔτι
1797 3017 2001 3079 τούτου
2046 3019 2300 3078 τοιοῦτον
2366 3015 2431 3078 τὸ
2500 3015 2747 3097 σώματά
2788 3035 2915 3076 τινα
2958 3011 3160 3093 λέγειν,

673 3121 776 3182 δύο
822 3119 859 3204 ἢ
906 3119 1001 3182 καὶ
1046 3119 1249 3194 πλείω,
1297 3118 1578 3182 δύνασθαι
1623 3121 1810 3203 πάντῃ
1856 3116 2339 3203 παρεκτεινόμενα
2369 3117 2563 3186 αὐτοῖς
2591 3117 2688 3179 καὶ
2718 3115 3027 3198 μιγνύμενα
3074 3112 3149 3178 δι’
3189 3129 3243 3172 ιδ

673 3219 826 3283 ὅλων
870 3221 1017 3284 αὐτά
1061 3245 1124 3284 τε
1169 3222 1463 3292 σώζεσθαι
1509 3221 1580 3284 τὰ
1625 3221 1685 3290 ἐξ
1729 3222 1921 3306 ἀρχῆς
1966 3221 2229 3306 μένοντα,
2276 3223 2371 3284 καὶ
2416 3223 2625 3291 σώζειν
2668 3220 2773 3288 τὰς
2800 3218 3013 3286 οἰκείας
3041 3241 3161 3280 ποι·

672 3323 900 3408 ότητας.
991 3329 1160 3388 τοῦτο
1203 3324 1310 3408 γὰρ
1357 3325 1396 3408 ἢ
1443 3329 1643 3408 κρᾶσις
1685 3325 1883 3392 αὐτοῖς
1924 3330 2029 3407 τῆς
2074 3324 2411 3408 συγχύσεως
2457 3321 2735 3407 διαφέρει,
2780 3321 2867 3384 ὅτι
2913 3320 3011 3384 ἐπὶ
3056 3321 3162 3404 μὲν

567 3447 634 3494 3ο
671 3434 772 3511 τῆς
821 3429 1158 3512 συγχύσεως
1203 3427 1262 3490 ἓν
1308 3451 1360 3490 τι
1404 3427 1469 3489 τὸ
1515 3426 1581 3489 ἐκ
1624 3432 1739 3490 τῶν
1786 3425 2193 3510 συγχεομένων
2238 3425 2469 3508 γίνεται,
2528 3425 2776 3508 μηδενὸς
2818 3427 2935 3486 τῶν
2982 3423 3041 3485 ἐν
3086 3427 3161 3506 τῆ

675 3531 952 3614 συγχύσει
997 3530 1144 3614 μήτε
1189 3529 1335 3592 κατὰ
1380 3530 1483 3614 τὴν
1529 3529 1725 3594 οὐσίαν
1771 3529 2131 3613 σωζομένου,
2179 3531 2326 3612 μήτε
2368 3527 2515 3592 κατὰ
2560 3528 2661 3596 τὰς
2692 3527 3020 3609 ποιότητας,
3064 3525 3159 3588 ἐπὶ
3184 3543 3243 3585 ευ

676 3634 741 3696 δὲ
785 3639 890 3716 τῆς
932 3635 1195 3717 κράσεως
1241 3633 1509 3717 ἑκάτερον
1555 3637 1669 3695 τῶν
1717 3632 1776 3694 ἐν
1822 3635 1907 3716 τῷ
1954 3630 2291 3716 κεκραμένῳ
2323 3631 2614 3712 σωμάτων
2645 3627 2729 3692 ἔτι
2773 3633 3022 3702 σώζεται
3064 3629 3161 3692 καὶ

673 3736 820 3798 κατὰ
884 3737 950 3798 τὸ
1021 3735 1396 3819 ὑποκείμενον
1441 3736 1537 3798 καὶ
1580 3733 1728 3799 κατὰ
1772 3733 1875 3802 τὰς
1918 3732 2247 3818 ποιότητας,
2315 3734 2497 3797 καίτοι
2550 3729 2623 3795 δι’
2679 3731 2831 3794 ὅλων
2890 3731 3161 3814 ἀλλήλοις

675 3839 1044 3922 κεκραμένων
1088 3843 1204 3901 τῶν
1249 3839 1556 3921 σωμάτων.
1633 3835 1665 3899 ὃ
1710 3836 1939 3919 λέγουσι
1987 3838 2089 3921 μὲν
2136 3835 2476 3922 βουλόμενοι
2520 3837 2727 3906 σώζειν
2772 3835 2839 3897 τὸ
2884 3833 3161 3898 δύνασθαι

566 3963 631 4010 35
671 3944 768 4006 καὶ
829 3941 903 4006 τὰ
969 3941 1292 4026 κεκραμένα
1357 3940 1718 4024 χωρίζεσθαι
1781 3942 1951 4003 πάλιν
2006 3939 2295 4022 ἀλλήλων.
2385 3940 2666 4003 ἀδυνάτου
2730 3936 2781 4002 δ’
2840 3935 3001 4004 ὄντος
3061 3939 3162 3998 τοῦ

671 4043 1009 4129 λεγομένου,
1053 4045 1331 4108 ἀδύνατον
1377 4042 1446 4107 ἂν
1491 4043 1583 4127 εἴη
1631 4042 1756 4106 κατ’
1819 4041 2029 4110 αὐτοὺς
2073 4043 2111 4125 ἢ
2156 4043 2223 4106 τὸ
2268 4042 2373 4124 τὴν
2419 4045 2617 4125 κρᾶσιν
2676 4041 2771 4104 διὰ
2813 4041 3043 4102 πάντων
3086 4039 3163 4104 εἶ·
3188 4055 3244 4098 κ

667 4170 758 4211 ναι
804 4148 843 4230 ἢ
889 4147 954 4210 τὸ
999 4147 1281 4211 δύνασθαι
1343 4145 1706 4232 χωρίζεσθαι
1768 4145 1842 4208 τὰ
1888 4143 2228 4229 κεκραμένα.
2317 4144 2371 4206 εἰ
2416 4143 2519 4226 μὲν
2562 4143 2671 4226 γὰρ
2718 4144 2825 4206 ὅλα
2878 4139 2953 4205 δι’
3010 4143 3161 4206 ὅλων

565 4344 588 4395 l
617 4344 704 4408 τὰ]
721 4343 940 4396 fortasse
965 4343 1109 4410 αὐτὰ,
1131 4343 1234 4396 nisi
1261 4346 1491 4410 praestat
1515 4341 1710 4412 ἄλληλα
1737 4341 2005 4407 cf.221,‘25
2114 4340 2146 4392 3
2172 4337 2483 4409 προσελθεῖν]
2510 4339 2729 4392 fortasse
2754 4337 2962 4409 πρόσω
2988 4335 3199 4391 ἐλθεῖν

563 4431 606 4484 εἰ
631 4431 729 4484 del.
751 4430 914 4484 Ideler
1054 4430 1150 4482 3.4
1173 4429 1391 4483 fortasse
1419 4429 1510 4500 [εἰ]
1536 4429 1647 4497 ἔδει,
1686 4431 1774 4494 <εί>
1799 4429 1862 4482 ἔν
1890 4447 1947 4482 τι
1970 4430 2075 4502 δεχ.
2097 4443 2140 4480 σ.
2162 4429 2214 4480 ἐν
2240 4427 2381 4496 αὑτῷ·
2404 4426 2525 4480 ἄλλο
2551 4443 2594 4479 σ.
2620 4426 2839 4498 (μηδὲν
2877 4426 3085 4495 μείζον
3110 4427 3271 4495 γίνε·

561 4519 713 4582 ται),
751 4517 906 4586 μηδέν
929 4536 977 4569 τι
1005 4518 1170 4586 μεῖζον
1194 4515 1412 4587 γίνεσθαι
1551 4518 1582 4570 5
1599 4516 1833 4588 ,μηδενὸς
1858 4533 1921 4570 ex
1948 4533 2075 4570 corr.
2100 4522 2171 4568 A:
2210 4515 2426 4568 fortasse
2452 4515 2666 4586 μηδενὸς
2684 4513 2783 4578 (δέ)
2922 4513 2955 4565 7
2992 4515 3268 4585 σωμάτων]

562 4604 798 4672 σώματος
817 4609 896 4658 Ra
1036 4604 1066 4657 9
1105 4605 1156 4662 ἔς
1179 4623 1226 4657 τι
1249 4604 1424 4672 Apelt:
1463 4605 1590 4657 ἐστὶν
1616 4605 1734 4658 libri
1902 4603 1963 4654 12
2000 4603 2114 4674 τῆς]
2142 4620 2215 4661 τις
2244 4603 2341 4654 Ra:
2379 4621 2427 4654 τι
2453 4603 2617 4654 Ideler
2786 4603 2849 4654 14
2884 4601 2937 4654 ἓν
2975 4603 3139 4656 Diels:
3178 4609 3267 4671 μὲν

565 4693 684 4746 libri
832 4694 894 4745 16
930 4701 1042 4750 πῶς
1079 4689 1118 4744 δ’
1148 4693 1242 4744 οὐκ
1263 4694 1430 4744 Diels:
1469 4691 1632 4751 οὕτως
1669 4689 1710 4744 δ’
1738 4691 1794 4744 ὃν
1836 4692 1953 4745 libri
2096 4691 2155 4744 τὸ
2192 4707 2317 4744 corr.
2358 4707 2423 4743 ex
2460 4694 2533 4759 τῷ
2563 4696 2611 4742 Α
2760 4690 2823 4742 18
2861 4691 3079 4760 χεόμενα
3104 4691 3267 4744 Diels:

561 4781 804 4848 καιόμενα
827 4780 944 4831 libri
1095 4779 1154 4830 19
1193 4779 1590 4848 μεταβάλλοντα]
1619 4779 1965 4848 μεταβαλόντα
1986 4781 2063 4830 Ra
2205 4779 2261 4830 21
2297 4777 2385 4831 alt.
2412 4779 2497 4830 καὶ
2522 4793 2621 4830 om.
2638 4780 2717 4830 Rs
2858 4777 2925 4831 23
2951 4777 3011 4830 τό
3034 4777 3113 4847 τε]
3136 4777 3269 4838 τότις

561 4871 690 4921 Pes
825 4869 892 4918 :24
927 4867 1136 4940 χωρεῖν]
1171 4867 1361 4940 χαίρειν
1383 4869 1484 4920 R'a
1621 4869 1686 4920 29
1725 4869 1945 4920 fortasse
1971 4865 2137 4935 τούτῳ
2272 4867 2340 4920 30
2372 4865 2463 4937 τῇ]
2490 4865 2620 4936 αὐτῇ
2638 4867 2717 4918 Ra
2843 4865 2910 4920 34
2947 4864 2999 4937 ὃ]
3036 4867 3167 4920 &Ro
