3684 5567
1354 265 1635 323 BlBAlON
1674 264 2032 323 ΔΕΥἸῈΡΟΝ
2074 268 2280 321 22-23
3095 267 3174 330 73

565 442 793 526 σίδηρον
838 443 1123 527 φέρεσθαι
1164 442 1339 526 (πρὸς
1382 440 1493 526 γὰρ
1538 442 1609 504 τὰ
1655 440 1829 523 ὅμοια
1873 443 2147 527 ἠφορά),
2197 443 2289 506 καὶ
2321 442 2634 524 ἐνδυόμενα
2676 442 2759 509 εἰς
2789 441 2924 508 τοὺς
2966 435 3064 498 πό-

566 568 701 626 ρους
744 549 845 607 τοῦ
891 547 1130 630 σιδήρου
1185 549 1355 627 κινεῖν
1408 546 1479 607 τὰ
1535 546 1596 608 ἐν
1642 545 1845 629 ἐκείνῳ
1903 548 2148 626 σώματα
2201 545 2550 628 διαδυόμενα
2603 544 2675 607 δι’
2731 545 2924 608 αὐτῶν
2973 539 3066 604 διὰ
3095 554 3147 597 15

561 646 905 731 λεπτότητα,
950 648 1021 711 τὰ
1065 650 1131 712 δὲ
1170 648 1479 731 κινηθέντα
1524 646 1635 719 ἔξω
1680 672 1743 711 τε
1772 650 2056 734 φέρεσθαι
2102 650 2460 734 ἀπορρέοντα
2505 650 2603 713 καὶ
2647 649 2790 732 πρὸς
2835 648 2940 729 τὴν
2985 644 3062 706 λί-

562 750 664 811 θον
710 752 807 815 διά
850 775 913 815 τε
960 752 1275 835 ὁμοιότητα
1328 754 1423 815 καὶ
1470 751 1563 815 διὰ
1609 753 1673 815 τὸ
1720 753 1858 815 κενὰ
1913 750 2070 838 ἔχειν
2117 755 2329 827 πλείω,
2391 752 2476 821 οἷς
2521 752 2801 834 ἑπόμενον
2847 751 2944 813 τὸν
2989 747 3066 811 σί·

494 872 523 921 5
563 856 735 938 δηρον
781 854 875 917 διὰ
920 856 1027 938 τὴν
1073 854 1295 939 ἀθρόαν
1327 852 1576 939 ἔκκρισίν
1624 878 1686 918 τε
1731 857 1826 919 καὶ
1872 856 2057 941 φορὰν
2099 856 2382 941 φέρεσθαι
2426 857 2523 919 καὶ
2553 855 2726 919 αὐτὸν
2773 854 2916 938 πρὸς
2961 852 3064 935 τὴν
3091 866 3149 907 8⁰

562 958 743 1021 λίθον.
834 957 1027 1021 οὐκέτι
1073 960 1137 1021 δὲ
1182 961 1219 1043 ἧ
1276 960 1439 1028 λίθος
1484 960 1629 1044 πρὸς
1674 960 1769 1022 τὸν
1816 960 2048 1043 σίδηρον
2080 960 2337 1044 φέρεται,
2385 960 2471 1023 ὅτι
2521 962 2602 1044 μὴ
2637 956 2763 1044 ἔχει
2809 961 3066 1021 τοσαῦτα

564 1061 597 1122 ὁ
643 1062 875 1145 σίδηρος
921 1062 1061 1125 κενὰ
1105 1061 1217 1126 ὅσα
1261 1064 1299 1145 ἡ
1347 1062 1527 1131 λίθος.
1617 1064 1767 1126 ἀλλὰ
1808 1063 1875 1126 τὸ
1925 1065 2028 1145 μὲν
2073 1066 2178 1147 τὴν
2224 1064 2386 1127 λίθον
2441 1064 2537 1127 καὶ
2583 1064 2679 1126 τὸν
2725 1062 2956 1145 σίδηρον
3003 1058 3064 1127 ἐξ

568 1164 787 1243 ὁμοίων
832 1166 1168 1248 συγκεῖσθαι
1214 1165 1425 1235 δέξαιτ’
1467 1165 1535 1229 ἄν
1580 1188 1683 1242 τις,
1728 1173 1856 1236 πῶς
1899 1168 1964 1230 δὲ
2005 1168 2102 1231 καὶ
2133 1169 2197 1231 τὸ
2238 1167 2516 1252 ἤλεκτρον
2563 1168 2658 1229 καὶ
2705 1167 2768 1229 τὸ
2815 1163 3071 1249 ἅχυρον;
3098 1176 3153 1219 25

563 1264 610 1346 †
640 1265 727 1329 ὅτι
772 1269 837 1332 δὲ
882 1270 975 1331 καὶ
1008 1267 1100 1331 ἐπ’
1142 1271 1379 1333 ἐκείνων
1412 1269 1635 1353 λέγεται
1666 1270 1877 1354 ταύτην
1909 1272 2014 1353 τὴν
2045 1271 2254 1347 αἰτίαν,
2301 1268 2384 1334 ἔτι
2415 1270 2605 1334 πολλὰ
2637 1268 2923 1349 ἑλκόμενα
2955 1266 3066 1328 ὑπὸ

462 1389 526 1436 10
558 1374 658 1433 τοῦ
695 1368 701 1453 Ι
738 1372 1042 1457 ἠλέκτρου,
1068 1373 1154 1443 οἷς
1184 1378 1357 1438 πᾶσιν
1388 1375 1443 1439 εἰ
1472 1374 1533 1443 ἐξ
1562 1374 1781 1457 ὁμοίων
1817 1374 2127 1457 σύγκειται,
2153 1374 2392 1437 κάκεῖνα
2423 1373 2484 1443 ἐξ
2513 1373 2729 1454 ὁμοίων
2761 1372 3037 1455 ἀλλήλοις
3078 1372 3176 1431 138

561 1476 903 1557 συγκείμενα
934 1476 1095 1539 ἕλκοι
1125 1476 1249 1562 (ἂν)
1278 1476 1525 1559 ἄλληλα.
1599 1476 1938 1561 Διογένης
1983 1478 2048 1540 δὲ
2093 1478 2124 1540 ὁ
2164 1474 2740 1559 Ἀπολλωνιάτης
2783 1475 2968 1536 πάντα
2999 1470 3070 1534 τὰ

568 1578 747 1642 ἐλατά
777 1601 952 1663 φησιν
984 1582 1081 1643 καὶ
1112 1580 1343 1664 ἀφιέναι
1372 1580 1495 1643 τινὰ
1528 1580 1741 1662 ἰκμάδα
1774 1578 1878 1665 ἀφ’
1918 1582 2110 1643 αὑτῶν
2143 1581 2456 1662 πεφυκέναι
2486 1580 2582 1643 καὶ
2617 1578 2805 1641 ἕλκειν
2836 1574 3075 1650 ἔξωθεν,
3127 1590 3156 1631 5

564 1682 635 1745 τὰ
666 1684 771 1765 μὲν
800 1683 1007 1757 πλείω,
1037 1682 1109 1745 τὰ
1140 1686 1205 1747 δὲ
1236 1683 1482 1758 ἐλάττω,
1529 1684 1801 1767 πλείστην
1849 1686 1914 1747 δὲ
1945 1683 2174 1767 ἀφιέναι
2218 1683 2437 1769 χαλκόν
2468 1706 2530 1746 τε
2561 1683 2658 1745 καὶ
2699 1682 2953 1765 σίδηρον,
3000 1677 3068 1742 οὖ

564 1791 805 1868 σημεῖον
836 1784 903 1848 τό
933 1810 995 1848 τε
1026 1786 1421 1850 ἀποκαίεσθαί
1444 1810 1497 1849 τι
1526 1788 1623 1849 καὶ
1656 1786 2157 1850 ἀπαναλίσκεσθαι
2187 1785 2288 1849 ἀπ’
2329 1787 2523 1849 αὐτῶν
2555 1786 2614 1849 ἐν
2654 1790 2738 1869 τῷ
2773 1782 2933 1867 πυρί,
2975 1782 3070 1844 καὶ

464 1908 524 1956 15
564 1889 627 1951 τὸ
657 1888 939 1974 χριόμενα
971 1889 1117 1952 αὐτὰ
1150 1889 1265 1959 ὄξει
1296 1891 1392 1953 καὶ
1422 1890 1600 1973 ἐλαίῳ
1634 1890 1892 1954 ἰοῦσθαι·
1940 1895 2109 1953 τοῦτο
2139 1890 2250 1975 γὰρ
2290 1892 2538 1975 πάσχειν
2569 1888 2663 1952 διὰ
2693 1890 2758 1951 τὸ
2790 1886 2978 1951 ἕλκειν
3011 1886 3070 1955 ἐξ
3099 1902 3153 1944 ιο

560 1992 750 2055 αὐτῶν
780 1994 885 2076 τὴν
934 1993 1149 2077 ἰκμάδα
1192 1994 1259 2055 τὸ
1307 1991 1451 2062 ὅξος.
1498 1992 1545 2074 †
1572 1994 1639 2055 τὸ
1682 1992 1792 2076 γὰρ
1823 1995 1888 2057 τὸ
1928 1998 2044 2077 πῦρ
2073 1993 2250 2057 καίειν
2299 1993 2364 2057 ἂν
2411 1994 2588 2057 καίειν
2634 1992 2823 2076 αὐτῷ·
2872 1996 2955 2073 τῷ
3005 1991 3070 2052 δὲ

562 2095 938 2182 εἰσδυόμενον
985 2098 1067 2166 εἰς
1112 2096 1355 2161 ἕκαστον
1402 2097 1588 2159 ἕλκειν
1634 2120 1697 2159 τε
1742 2098 1837 2160 καὶ
1885 2099 2208 2161 ἀναλίσκειν
2255 2098 2319 2161 τὸ
2350 2098 2411 2160 ἐν
2457 2097 2652 2165 αὐτοῖς
2697 2094 2886 2179 ὑγρόν.
2962 2097 3065 2156 τοῦ

568 2198 805 2283 σιδήρου
852 2198 1119 2269 ἕλκοντός
1166 2224 1227 2263 τε
1258 2201 1355 2263 καὶ
1399 2203 1596 2263 πλεῖον
1645 2201 1912 2283 ἀφιέντος
1941 2201 2110 2285 ὑγρὸν
2156 2201 2260 2284 τὴν
2307 2201 2467 2264 λίθον
2515 2198 2690 2264 οὖσαν
2723 2196 3060 2283 ἀραιοτέραν
3090 2212 3143 2255 15

564 2306 663 2363 τοῦ
718 2304 957 2388 σιδήρου
1011 2304 1110 2366 καὶ
1163 2304 1556 2388 γεωδεστέραν
1612 2307 1809 2367 πλεῖον
1867 2304 2052 2368 ἕλκειν
2105 2306 2170 2368 τὸ
2227 2306 2394 2388 ὑγρὸν
2450 2306 2515 2368 τὸ
2573 2304 2688 2366 ἀπὸ
2741 2306 2842 2366 τοῦ
2889 2324 3067 2384 παρα·

458 2426 525 2471 20
562 2405 829 2487 κειμένου
876 2407 1047 2490 ἀέρος
1091 2408 1129 2490 ἢ
1178 2408 1424 2491 ἀφιέναι.
1514 2408 1580 2469 τὸ
1630 2407 1733 2488 μὲν
1787 2405 1888 2470 οὖν
1933 2410 2203 2489 συγγενὲς
2257 2406 2539 2471 ἕλκουσαν
2593 2408 2654 2470 ἐν
2699 2406 2852 2487 αὑτῇ
2903 2404 3065 2489 δέχε·

561 2510 729 2583 σθαι,
788 2510 853 2573 τὸ
908 2511 973 2573 δὲ
1028 2512 1107 2593 μὴ
1165 2511 1431 2593 συγγενὲς
1485 2511 1765 2573 ἀπωθεῖν.
1857 2510 2004 2573 εἶναι
2057 2508 2108 2573 δ’
2163 2509 2316 2593 αὐτῇ
2363 2515 2604 2593 συγγενῆ
2659 2510 2757 2572 τὸν
2811 2509 3066 2591 σίδηρον,

563 2613 649 2674 διὸ
695 2613 761 2675 τὸ
809 2614 923 2675 ἀπὸ
980 2613 1185 2675 τούτου
1232 2614 1417 2677 ἕλκειν
1470 2636 1534 2676 τε
1586 2614 1681 2678 καὶ
1736 2612 2021 2698 δέχεσθαι
2074 2613 2134 2675 ἐν
2180 2614 2362 2695 αὐτῇ,
2416 2613 2513 2676 καὶ
2569 2610 2661 2675 διὰ
2715 2615 2818 2693 τῆς
2862 2610 3067 2673 τούτου
3095 2626 3152 2666 2⁰

566 2714 775 2785 ἕλξεως
820 2717 915 2779 καὶ
960 2716 1057 2779 τὸν
1106 2717 1335 2800 σίδηρον
1382 2718 1741 2780 ἐπισπᾶσθαι
1800 2716 1894 2779 διὰ
1941 2718 2043 2799 τὴν
2097 2716 2318 2798 ἀθρόαν
2363 2716 2510 2785 ἕλξιν
2556 2720 2658 2778 τοῦ
2701 2715 2761 2777 ἐν
2811 2712 2819 2797 Ι
2868 2714 3028 2799 αὐτῷ
3078 2720 3174 2777 139

565 2819 756 2901 ὑγροῦ,
817 2818 1021 2903 μηκέτι
1067 2820 1131 2881 δὲ
1176 2820 1271 2882 τὸν
1304 2820 1539 2905 σίδηρον
1586 2819 1771 2881 ἕλκειν
1816 2820 1922 2902 τὴν
1962 2819 2126 2882 λίθον
2171 2818 2313 2904 (nii)
2359 2820 2494 2902 μηδ’
2552 2820 2736 2887 οὕτως
2779 2817 2925 2881 εἶναι
2971 2818 3068 2881 τὸν

462 2940 527 2989 25
566 2923 798 3005 σίδηρον
858 2922 1055 3005 ἀραιὸν
1113 2925 1195 2989 ὡς
1247 2923 1531 3007 δέχεσθαι
1585 2922 1868 2986 δύνασθαι
1923 2920 2146 3006 ἀθρόαν
2208 2923 2313 3006 τὴν
2369 2920 2469 2985 ἀπ’
2525 2920 2706 3005 αὐτῆς
2761 2922 3065 3006 ὑγρότητα.

565 3023 682 3087 ἀλλ’
738 3024 791 3086 εἰ
836 3028 1037 3097 τοῦτο,
1084 3024 1179 3086 διὰ
1222 3024 1279 3086 τί
1321 3022 1467 3107 μόνη
1514 3024 1552 3107 ἡ
1598 3025 1762 3094 λίθος
1806 3024 1964 3088 ἕλκει
2008 3026 2106 3088 τὸν
2153 3025 2412 3107 σίδηρον,
2467 3029 2581 3086 τῶν
2628 3024 2678 3087 δ’
2733 3024 2926 3087 ἄλλων
2973 3024 3065 3087 οὐ·
3119 3040 3148 3083 5

566 3127 659 3188 δὲν
705 3128 769 3189 τὸ
816 3127 1113 3209 συγγενές,
1168 3126 1289 3189 οἷον
1336 3128 1555 3211 χαλκὸς
1608 3128 1703 3190 καὶ
1751 3128 2049 3211 μόλιβδος;
2113 3127 2317 3211 ἀφίησι
2360 3127 2469 3210 γὰρ
2524 3128 2619 3189 καὶ
2669 3130 2851 3189 ταῦτα
2897 3128 3065 3210 ὑγρὸν

568 3228 661 3289 καὶ
706 3228 881 3303 ἕλκει,
926 3229 1021 3293 καὶ
1068 3234 1309 3313 συγγενῆ
1366 3253 1489 3291 τινα
1542 3231 1639 3293 καὶ
1682 3231 1904 3298 τούτοις
1949 3230 2129 3303 ἐστίν,
2185 3231 2382 3313 ὥσπερ
2436 3230 2531 3292 καὶ
2585 3233 2686 3291 τοῦ
2743 3230 2982 3313 σιδήρου
3027 3231 3066 3313 ἢ

569 3332 747 3400 λίθος.
826 3330 910 3395 ἔτι
954 3334 1049 3395 διὰ
1094 3332 1149 3394 τί
1188 3331 1257 3395 οὐ
1304 3332 1399 3395 καὶ
1445 3330 1593 3395 ἄλλα
1637 3333 1761 3395 τινὰ
1806 3335 1844 3415 ἡ
1893 3334 2054 3400 λίθος
2097 3332 2254 3394 ἕλκει
2299 3336 2414 3395 τῶν
2461 3336 2730 3413 στερεῶν,
2777 3332 2815 3394 ἃ
2862 3333 3067 3417 ἀφίησι
3095 3349 3151 3391 ιο

460 3454 528 3503 30
565 3436 797 3498 πλείονα
852 3436 1094 3519 ἰκμάδα,
1152 3436 1231 3496 ὧν
1277 3436 1374 3498 καὶ
1427 3436 1457 3497 ὃ
1512 3436 1733 3519 χαλκός
1787 3435 1970 3506 ἐστιν;
2029 3434 2096 3497 οὐ
2149 3434 2255 3518 γὰρ
2303 3433 2446 3495 διότι
2503 3433 2738 3516 ἐμμένει
2792 3434 2862 3498 τὰ
2909 3438 3068 3500 ἑλκό-

568 3561 709 3621 μενα
760 3538 855 3601 διὰ
909 3538 1012 3621 τὴν
1068 3540 1419 3621 συμμετρίαν
1474 3538 1674 3601 ἕπεται
1730 3540 1794 3601 τὸ
1852 3537 1951 3622 ἀφ’
2009 3536 2185 3621 οὗπερ
2243 3538 2332 3621 ῥεῖ
2383 3537 2446 3598 τὸ
2505 3536 2848 3618 ἑλκόμενον,
2910 3541 3060 3604 ἀλλὰ

460 3744 491 3795 2
528 3752 680 3797 κινεῖν
716 3744 832 3811 Sp.:
870 3750 1001 3795 κινεῖ
1034 3744 1151 3796 libri
1363 3746 1397 3796 4
1442 3744 1513 3802 οἷς
1548 3742 1651 3796 B²a
1687 3742 1799 3811 Sp.:
1838 3740 1936 3795 οἷδ’
1980 3744 2164 3795 VB'F:
2205 3742 2276 3801 οἷς
2313 3739 2475 3796 6²82:
2515 3743 2560 3795 ot
2597 3742 2652 3795 δ’
2689 3744 2748 3797 S¹
2927 3746 2959 3797 6
2997 3744 3124 3818 ἔχει]
3157 3766 3172 3798 ι

460 3836 651 3898 puncto
691 3836 924 3883 notatum
956 3836 999 3881 V
1182 3832 1215 3884 8
1253 3834 1337 3885 καὶ
1374 3834 1581 3900 scripsi:
1630 3832 1700 3889 εἰς
1736 3832 1859 3883 libri
2071 3836 2192 3899 post
2227 3832 2415 3903 ἄχυρον
2453 3834 2607 3900 posui
2645 3834 2780 3901 sign.
2821 3833 3017 3896 interr„
3057 3840 3175 3899 post

461 3920 621 3972 αἰτίαν
660 3920 779 3972 libri
994 3920 1025 3972 9
1064 3917 1161 3989 ὅτι]
1202 3921 1245 3973 εἰ
1283 3920 1541 3973 Schwartz
1754 3919 1806 3971 δὲ
1846 3936 1946 3973 om.
1985 3938 2016 3971 a
2054 3922 2141 3987 Sp.
2353 3919 2569 3989 λέγεται]
2625 3920 2756 3990 λέγει
2792 3940 2822 3972 a
2859 3924 2948 3985 Sp.

466 4008 531 4060 10
583 4006 676 4073 οἷς]
714 4006 785 4065 ὡς
823 4009 958 4059 coni.
996 4006 1083 4074 Sp.
1296 4014 1441 4061 πᾶσιν
1488 4009 1531 4060 εἰ
1570 4008 1755 4060 VB¹F:
1811 4013 1956 4060 πᾶσιν
1995 4010 2080 4061 S¹:
2141 4009 2183 4060 εἰ
2227 4009 2390 4060 πάντα
2425 4009 2612 4063 B²S²az
2675 4011 2717 4062 εἰ
2763 4010 2926 4061 πάντα
2962 4009 2994 4060 ἃ
3039 4010 3173 4061 coni.

460 4096 548 4163 Sp.
790 4096 849 4147 ll
909 4094 967 4146 ἂν
1005 4095 1182 4147 addidi
1399 4096 1449 4147 δὲ
1499 4096 1613 4163 Sp.:
1670 4114 1724 4147 τε
1771 4096 1892 4149 libri
1931 4094 1993 4149 cf.
2034 4096 2197 4159 72,Ξὸ
2415 4097 2476 4148 16
2531 4097 2607 4165 τῷ
2653 4096 2744 4166 γὰρ
2782 4098 2870 4162 Sp.
2909 4096 3044 4147 coni.

459 4184 548 4235 alt.
587 4182 643 4235 τὸ
683 4183 779 4235 del.
818 4182 1182 4235 Panzerbieter
1220 4182 1401 4250 (Dioy.
1442 4184 1605 4247 Apoll.
1636 4202 1690 4253 p.
1719 4184 1817 4247 98)
1999 4185 2156 4237 καίειν
2192 4203 2252 4235 αν
2291 4186 2446 4237 καίειν
2487 4186 2559 4237 sic
2599 4188 2663 4234 V:
2720 4186 2878 4237 καίειν
2915 4184 2974 4235 ἂν
3014 4184 3172 4236 καίειν

458 4270 707 4322 FGB¹s¹z
754 4270 911 4321 καίειν
957 4270 1049 4339 τὴν
1086 4270 1137 4322 ἐν
1174 4268 1316 4339 αὐτῷ
1354 4268 1540 4337 ἰκμάδα
1580 4270 1638 4321 ἂν
1676 4272 1833 4323 καίειν
1872 4272 1964 4337 (ἰκ.
1995 4272 2278 4325 ἀποκαίειν
2315 4274 2402 4339 Sp.
2451 4273 2518 4323 ἰκ.
2561 4273 2839 4325 ἀνακαίειν
2879 4274 2956 4323 vii·
2994 4273 3176 4323 doctus

459 4358 597 4423 apud
635 4358 748 4423 Sp.)
792 4355 957 4410 B²S²a
994 4360 1083 4423 Sp.
1297 4360 1372 4426 τῷ
1409 4360 1641 4411 VS¹FG2
1680 4358 1737 4411 τὸ
1778 4359 1920 4413 38²³
1956 4360 2044 4427 Sp.
2257 4360 2410 4413 αὐτὰ
2446 4360 2503 4412 τὸ
2541 4360 2591 4412 δὲ
2628 4359 2826 4423 <ὄΕος>
2861 4358 3176 4426 εἰσδυόμενον

463 4445 539 4495 vir
574 4445 756 4497 doctus
794 4444 934 4511 apud
962 4444 1076 4511 Sp.;
1121 4442 1339 4497 fortasse
1378 4446 1483 4497 καὶ
1517 4447 1610 4514 γὰρ
1647 4445 1705 4497 τὸ
1732 4451 1829 4518 πῦρ
1869 4447 2025 4500 καίειν
2063 4448 2093 4499 ἃ
2120 4448 2267 4501 καίει
2305 4448 2490 4501 αὐτῶν
2527 4450 2603 4517 τῷ
2640 4448 2738 4515 [δὲ]
2939 4448 2994 4499 17
3035 4446 3177 4516 αὐτῷ

460 4531 624 4584 B2S²a
669 4535 759 4598 Sp.
982 4532 1093 4600 τοῦ]
1150 4534 1235 4585 καὶ
1278 4533 1358 4585 vel
1406 4532 1535 4585 ὥστε
1574 4538 1663 4584 τοῦ
1700 4536 1777 4585 vir
1812 4535 1997 4587 doctus
2035 4536 2172 4603 apud
2211 4536 2299 4603 Sp.
2531 4537 2598 4587 20
2653 4536 2684 4606 ἢ
2723 4536 2941 4605 ἀφιέναι]
2979 4536 3010 4603 ἢ
3050 4537 3082 4587 ἀ
3117 4537 3176 4588 in

461 4619 538 4672 lit.
578 4624 623 4669 V
826 4620 887 4671 21
945 4620 1003 4672 τὸ
1048 4620 1100 4672 δὲ
1138 4622 1530 4674 Panzerbieter:
1586 4622 1699 4674 τότε
1738 4623 1854 4675 libri
2071 4624 2137 4674 22
2194 4623 2266 4677 διὸ
2303 4626 2514 4691 scripsi:
2573 4624 2652 4676 διὰ
2688 4625 2806 4676 libri
3021 4624 3173 4677 διὸ-

459 4704 661 4775 τοΰτου]
708 4706 785 4759 διὰ
832 4712 981 4761 τοῦτο
1026 4710 1409 4761 Panzerbieter:
1467 4708 1547 4762 διὰ
1584 4714 1731 4762 τοῦτο
1778 4710 1859 4774 <τὸ
1899 4710 2070 4781 ὑγρὸν)
2117 4712 2205 4779 Sp.
2245 4713 2380 4763 coni.
2613 4713 2678 4764 24
2733 4714 2809 4781 τῷ
2855 4712 2971 4764 add.
3012 4714 3176 4766 B²S²a

460 4794 550 4858 Sp.
744 4790 869 4866 μηδ’
908 4797 1122 4863 scripsi:
1170 4792 1307 4867 μήθ’
1347 4796 1491 4849 libri:
1549 4798 1619 4867 μὴ
1659 4800 1747 4864 Sp.
1939 4802 2016 4870 τῴ
2054 4798 2237 4871 σιδήρῳ
2277 4800 2420 4852 Diels
2597 4799 2662 4853 29
2720 4800 2776 4855 οὺ
2815 4801 2900 4853 καὶ
2937 4800 3063 4855 ἄλλα
3101 4804 3172 4855 B:

472 4880 717 4935 οὔκῖαλλα
754 4886 831 4936 sic
868 4887 933 4937 V:
982 4883 1075 4938 οὒκ
1112 4884 1241 4937 ἄλλα
1280 4887 1441 4938 GSFa
1480 4885 1568 4955 Sp.
