3684 5567
1220 282 1479 341 ΗΘΙΚΩΝ
1522 282 1860 340 ΠΡΟΒΛΗΜ
1870 281 2050 338 ΑΤΩΝ
2091 282 2298 336 27—‘28
2988 284 3106 347 157

506 462 618 523 καὶ
662 458 997 547 ἔλλειψιν·
1063 459 1260 525 ἔσται
1302 460 1426 544 γὰρ
1474 461 1691 529 οὕτως
1732 483 1811 541 γε
1863 460 2255 544 ὑπερβολῆς
2300 460 2412 522 καὶ
2457 459 2842 543 ἐλλείψεως
2888 478 3002 537 με·

506 563 714 649 σότης
760 566 872 628 καὶ
918 565 1317 649 ὑπερβολῆς
1361 564 1714 647 ὑπερβολὴ
1760 562 1874 625 καὶ
1921 559 2226 645 ἔλλειψις
2272 560 2671 647 ἐλλείψεως.
2761 562 2997 641 ὥσπερ
3055 572 3084 615 5

507 668 582 729 δὲ
636 668 1095 753 σωφροσύνης
1148 668 1261 730 καὶ
1315 667 1643 751 ἀνδρείας
1695 664 1821 729 οὐκ
1867 663 2050 727 ἔστιν
2106 665 2461 749 ὑπερβολὴ
2517 666 2629 727 καὶ
2685 662 3000 747 ἔλλειψις

508 769 621 832 διὰ
664 772 737 833 τὸ
784 773 858 834 τὸ
904 770 1117 851 μέσον
1164 768 1349 832 εἶναι’
1386 792 1530 837 πως
1575 770 1813 853 ἄκρον,
1871 770 2099 836 οὕτως
2151 768 2314 831 οὐδὲ
2359 768 2651 831 ἐκείνων
2701 763 3000 849 μεσότης

432 890 464 939 5
502 870 667 935 οὐδὲ
721 873 1071 959 ὑπερβολὴ
1130 875 1244 937 καὶ
1296 870 1632 957 ἔλλειψις,
1694 870 1829 935 ἀλλ’
1889 874 1979 940 ὡς
2033 869 2108 933 ἂν
2169 870 2557 953 πράττηται
2618 869 3000 953 ἁμαρτάνε·
3029 883 3083 923 1⁰

502 998 631 1038 ται.
720 974 897 1046 ὅλως
949 975 1079 1061 γὰρ
1142 974 1302 1039 οὔτε
1357 976 1751 1059 ὑπερβολῆς
1810 975 1922 1037 καὶ
1979 974 2361 1058 ἐλλείψεως
2424 972 2728 1054 μεσότης
2785 970 2998 1045 ἐστίν,

503 1076 661 1141 οὔτε
721 1078 1105 1162 μεσότητος
1158 1078 1511 1163 ὑπερβολὴ
1567 1079 1678 1142 καὶ
1737 1075 2066 1163 ἔλλειψις.
2157 1076 2250 1139 διὰ
2294 1074 2398 1159 γὰρ
2445 1075 2664 1137 τούτων
2709 1073 2778 1136 οὐ
2825 1071 2998 1157 μόνον

500 1182 603 1264 τὴν
648 1180 1071 1266 προειρημένην
1129 1182 1369 1245 λέλυκεν
1426 1183 1696 1266 ἀπορίαν,
1760 1180 1910 1243 ἀλλὰ
1968 1178 2064 1242 καὶ
2119 1179 2306 1241 πάντα
2365 1176 2436 1238 τὰ
2489 1177 2632 1260 πρὸς
2682 1177 2786 1260 τὴν
2832 1175 2998 1245 δόξαν
3027 1193 3082 1235 15

502 1284 850 1369 ἀπορεῖσθαι
895 1285 1204 1368 δυνάμενα.

398 1508 463 1555 10
497 1488 786 1553 XXVIII.
879 1488 1185 1575 Πότερον
1232 1493 1322 1559 ὡς
1365 1489 1557 1573 γένος
1602 1490 1641 1572 ἢ
1688 1492 1777 1558 ὡς
1822 1486 1982 1551 ὅλον
2029 1494 2159 1550 τῶν
2207 1488 2471 1571 ἀρετῶν
2517 1488 2555 1570 ἡ
2603 1487 2834 1571 ἀρετή.

660 1642 818 1709 Ἐπεὶ
872 1650 993 1716 τοῖς
1040 1648 1142 1725 μὲν
1200 1650 1281 1715 ὡς
1330 1646 1491 1728 γένος
1545 1651 1660 1708 τῶν
1714 1646 1937 1729 ἀρετῶν
1993 1646 2096 1728 τὴν
2150 1644 2362 1729 ἀρετὴν
2416 1642 2862 1729 κατηγορεῖσθαι
2909 1640 2996 1703 λέ·
3023 1656 3080 1699 2⁰

495 1768 691 1828 γουσιν
746 1748 941 1811 εἵπετο
997 1749 1212 1812 ἄτοπον
1264 1750 1331 1812 τὸ
1386 1753 1519 1832 μιᾶς
1574 1748 1994 1833 ἀναιρουμένης
2053 1748 2411 1831 ἀναιρεῖσθαι
2463 1748 2652 1813 πάσας
2703 1744 2836 1829 (τῆς
2887 1744 2996 1828 γὰρ

496 1850 837 1933 φρονήσεως
890 1850 1291 1937 ἀναιρεθείσης
1336 1850 1458 1915 οὐδ’
1516 1850 1695 1935 ἄλλην
1742 1850 1862 1915 οἷόν
1917 1874 1980 1913 τε
2033 1848 2189 1935 ἔχειν
2245 1853 2485 1935 ἀρετήν,
2545 1849 2660 1933 οὐχ
2705 1848 2888 1916 οὕτως
2933 1848 2998 1911 δὲ

495 1952 561 2013 τὸ
613 1952 777 2034 γένος
830 1952 957 2039 ἔχει
1008 1956 1151 2038 πρὸς
1200 1958 1207 2039 Ι
1255 1956 1328 2017 τὰ
1371 1952 1530 2039 εἴδη,
1586 1957 1667 2023 ῶς
1720 1954 1850 2022 ἑνὸς
1901 1952 2089 2022 εἴδους
2141 1954 2430 2039 ἀναιρέσει
2484 1952 2950 2035 συναναιρεῖσθαι
2994 1957 3102 2015 302

396 2073 456 2122 15
496 2054 635 2118 αὐτό
682 2080 745 2119 τε
789 2058 886 2119 καὶ
930 2056 1112 2121 τᾶλλα
1150 2056 1329 2141 εἴδη),
1374 2063 1493 2126 τοῖς
1538 2058 1602 2120 δὲ
1648 2060 1729 2125 ὡς
1773 2054 1907 2119 ὅλον
1955 2062 2147 2141 μερῶν
2191 2058 2388 2121 εἵπετο
2432 2057 2498 2118 τὸ
2545 2056 2650 2139 μὲν
2697 2052 2829 2117 ὅλον
2876 2058 2990 2116 τῶν

503 2158 585 2241 μὴ
632 2159 996 2244 ὁμοιομερῶν
1050 2161 1214 2246 αὐτῷ
1264 2163 1453 2243 μερῶν
1512 2152 1597 2242 μὴ’
1658 2160 2105 2243 κατηγορεῖσθαι
2153 2160 2506 2242 συνωνύμως
2549 2158 2649 2241 (οὐ
2695 2156 2801 2241 γὰρ
2848 2160 2998 2222 κατὰ
3049 2174 3076 2216 5

500 2266 605 2343 τῆς
649 2266 910 2347 κεφαλῆς
950 2267 1049 2326 τοῦ
1096 2265 1426 2347 ἀνδριάντος
1457 2263 1489 2324 ὁ
1520 2262 1751 2345 ἀνδριὰς
1782 2263 1878 2325 καὶ
1911 2264 1942 2325 ὁ
1974 2261 2141 2343 λόγος
2185 2264 2392 2327 αὐτοῦ·
2440 2262 2629 2325 οὐσῶν
2676 2261 2742 2324 δέ
2785 2284 2852 2343 γε
2881 2265 2998 2325 τῶν

498 2364 718 2447 ἀρετῶν
759 2367 1156 2451 διαφερουσῶν
1211 2368 1480 2450 ἀλλήλων
1531 2366 1568 2449 ἡ
1610 2364 1786 2448 ἀρετὴ
1834 2363 1981 2427 κατὰ
2029 2368 2231 2427 πασῶν
2273 2366 2622 2446 συνωνύμως
2672 2370 2998 2448 κατηγορεῖ-

494 2468 617 2549 ται)
660 2490 701 2529 x·
745 2490 786 2529 ες·
832 2490 873 2529 -x-
902 2470 941 2553 ἢ
974 2470 1025 2533 εἰ
1055 2471 1121 2533 τὸ
1153 2468 1287 2531 ὅλον
1317 2470 1383 2531 τὸ
1416 2470 1759 2553 δμοιομερὲς
1790 2474 1905 2530 τῶν
1939 2472 2130 2551 μερῶν
2173 2467 2528 2550 συνωνύμως
2571 2473 2994 2552 κατηγορεῖται,

391 2588 463 2635 20
499 2574 679 2634 πᾶσαι
726 2571 791 2633 δὲ
834 2573 893 2635 αἱ
927 2572 1127 2656 ἀρεταὶ
1172 2571 1369 2655 ὅμοιαι
1400 2573 1699 2655 ἀλλήλαις,
1746 2569 1807 2633 εἴ
1826 2594 1894 2652 γε
1937 2570 2008 2653 ἣν
2052 2569 2118 2633 ἂν
2149 2572 2338 2654 λάβῃς
2383 2574 2463 2639 ὡς
2494 2570 2733 2647 τελείαν,
2781 2570 2996 2653 ὁμοίως
3023 2586 3079 2629 1⁰

494 2674 563 2736 ἐκ
616 2678 819 2737 πασῶν
878 2676 1178 2757 μέμικται,
1246 2672 1339 2757 εἴη
1396 2672 1462 2736 ἂν
1518 2676 1597 2742 ὡς
1652 2674 2007 2757 ὁμοιομερὴς
2061 2675 2168 2758 ὅλη
2225 2674 2692 2758 κατηγορουμένη
2749 2674 2998 2756 ἑκάστης

418 2798 435 2815 ·
496 2776 864 2859 συνωνύμως.
955 2778 987 2840 ὁ
1031 2778 1141 2862 γὰρ
1194 2776 1355 2861 ἔχων
1408 2778 1511 2860 τὴν
1567 2775 1789 2839 τελείαν
1844 2776 2055 2861 ἀρετὴν
2111 2777 2328 2860 ὁμοίως
2379 2778 2570 2845 πάσας
2623 2774 2780 2861 ἔχει,
2835 2774 2992 2861 ἔχων

495 2880 559 2943 δὲ
604 2880 822 2963 ὁμοίως
875 2882 1064 2949 πάσας
1116 2880 1349 2962 λέγεταί
1398 2902 1536 2943 ποτε
1591 2880 1693 2961 μὲν
1747 2877 1874 2942 κατ’
1931 2879 2220 2963 ἀνδρείαν,
2270 2880 2411 2941 ποτὲ
2465 2880 2529 2943 δὲ
2581 2881 2727 2943 κατὰ
2773 2901 2996 2967 σωφρο-
3023 2898 3076 2940 15

496 2982 670 3066 σύνην
714 2983 961 3067 ἐνεργεῖν
1007 2988 1092 3069 τῷ
1136 2985 1267 3068 περὶ
1320 2982 1359 3045 ἃ
1413 2981 1570 3050 ἰδίως
1615 2982 1767 3045 ἐστὶν
1823 2984 1861 3065 ἡ
1910 2982 2292 3067 σωφροσύνη,
2353 2984 2480 3067 περὶ
2524 2988 2704 3047 ταῦτα
2747 2984 2996 3054 ἁπάσαις

310 3098 320 3107 “
387 3104 455 3153 25
494 3086 712 3168 ὁμοίως
744 3087 1011 3169 ἐνεργεῖν.
1079 3090 1160 3154 ὡς
1203 3086 1311 3169 γὰρ
1358 3084 1417 3146 ἐν
1462 3090 1580 3153 τοῖς
1626 3087 1890 3168 σώμασιν
1935 3089 2054 3155 τοῖς
2097 3085 2165 3147 ἐκ
2196 3085 2583 3170 διαφερόντων
2631 3088 2997 3169 μιγνυμένοις

495 3194 664 3253 τινῶν
720 3190 783 3251 τὸ
832 3189 1043 3272 μιχθὲν
1090 3188 1434 3272 ὁμοιομερὲς
1489 3190 1677 3270 πάντῃ
1723 3188 1962 3269 γίνεται,
2022 3188 2209 3256 οὕτως
2263 3191 2360 3251 καὶ
2407 3190 2500 3251 ἐπὶ
2547 3194 2661 3252 τῶν
2709 3190 2885 3259 ἕὲεών
2932 3215 2993 3255 τε
3020 3208 3076 3251 2⁰

495 3293 592 3355 καὶ
635 3295 751 3354 τῶν
796 3292 1019 3375 ἀρετῶν
1071 3290 1301 3373 γίνεται.
1390 3292 1450 3353 αἱ
1502 3290 1611 3374 γὰρ
1666 3289 2044 3375 διαφέρουσαι
2099 3293 2368 3375 ἀλλήλων
2428 3292 2624 3376 ἀρεταὶ
2677 3299 2762 3379 τῷ
2823 3297 2994 3379 τήνδε

495 3395 597 3477 μὲν
643 3394 831 3458 αὐτῶν
887 3396 1017 3476 περὶ
1074 3394 1211 3457 τάδε
1263 3392 1387 3456 τινὰ
1432 3392 1606 3469 εἶναι,
1659 3395 1830 3477 τήνδε
1883 3395 1948 3457 δὲ
2003 3396 2133 3477 περὶ
2194 3397 2332 3458 τάδε
2373 3395 2490 3478 (ὡς
2543 3393 2680 3481 ἔχον
2735 3398 2832 3461 ἐπὶ
2875 3403 2992 3461 τῶν

492 3502 753 3581 φυσικῶν
799 3499 1019 3583 ἀρετῶν
1053 3498 1309 3581 ὁρῶμεν·
1357 3495 1526 3559 αὗται
1569 3496 1675 3579 γὰρ
1721 3496 1781 3559 ἐν
1826 3502 1902 3581 τῇ
1943 3500 2260 3572 τελειώσει,
2306 3498 2589 3582 ἣγίνεται
2634 3501 2694 3563 ἐν
2739 3506 2813 3585 τῇ
2864 3503 2994 3565 ἑκά·
3019 3520 3074 3561 25

389 3618 456 3668 30
492 3622 633 3685 στης
685 3601 877 3665 αὐτῶν
931 3602 1075 3686 πρὸς
1127 3600 1228 3668 τὰς
1282 3599 1461 3669 ἄλλας
1508 3599 1713 3683 μίξει),
1776 3601 1841 3663 τὸ
1895 3604 2009 3663 πᾶν
2059 3600 2066 3685 Ι
2117 3602 2460 3686 ὁμοιομερὲς
2517 3609 2804 3680 ποιοῦσιν,
2865 3610 2944 3676 ὡς
2989 3614 3096 3672 303

493 3704 753 3789 γίνεσθαι
800 3706 903 3786 μὲν
948 3708 1139 3768 δοκεῖν
1184 3702 1319 3767 καθ’
1378 3704 1625 3787 ἑκάστην
1671 3702 1864 3767 αὐτῶν
1909 3704 2217 3788 ἐνέργειαν,
2265 3704 2399 3768 ὅταν
2446 3708 2577 3791 περὶ
2621 3714 2798 3773 ταῦτα
2843 3711 2992 3795 γίνη-

494 3831 607 3884 ται,
653 3808 783 3890 περὶ
830 3807 867 3870 ἃ
911 3806 983 3891 ἦν
1028 3812 1104 3890 τῇ
1154 3808 1347 3869 ἀτελεῖ
1388 3830 1451 3870 τε
1494 3810 1590 3869 καὶ
1636 3812 1857 3891 φυσικῇ
1906 3808 2138 3891 ἀνδρείᾳ
2181 3808 2312 3893 φέρ’
2361 3810 2542 3873 εἰπεῖν
2587 3814 2652 3874 τὸ
2697 3812 2874 3876 εἶναι·
2923 3814 2990 3877 οὔ

492 3912 607 3994 μὴν
668 3908 797 3973 κατ’
854 3910 1075 3994 ἐκείνην
1134 3910 1316 3994 μόνην
1373 3911 1593 3995 ἐνεργεῖ
1652 3910 1781 3993 περὶ
1832 3908 2010 3986 αὐτά,
2073 3912 2156 3973 ὧν
2215 3911 2307 3975 διὰ
2366 3914 2470 3997 τὴν
2532 3918 2800 3999 τοιαύτην
2847 3918 2992 4001 μῖξιν
3045 3936 3073 3978 5

386 4107 411 4159 1
454 4104 694 4178 ἔλλειψειν
732 4110 781 4159 V
994 4108 1027 4159 4
1062 4106 1121 4159 τὸ
1158 4106 1239 4176 τὸ]
1276 4106 1335 4159 τὸ
1373 4126 1405 4160 a
1439 4110 1529 4176 Sp.
1728 4108 1761 4161 5
1798 4107 1907 4177 καὶ]
1946 4108 2059 4161 οὐδὲ
2096 4128 2128 4161 a
2164 4112 2252 4178 Sp.
2454 4113 2484 4165 6
2523 4112 2796 4183 ἐλλείψεως
2831 4118 2915 4169 καὶ
2951 4116 3098 4189 ὓπερ·

386 4194 539 4263 βολῆς
574 4212 607 4246 ε
632 4198 719 4262 Sp.
898 4194 929 4246 7
967 4194 1050 4264 οὒ]
1089 4193 1118 4246 ὸ
1156 4197 1212 4247 iu
1248 4196 1328 4248 lit.
1366 4200 1415 4247 V
1599 4196 1662 4249 10
1714 4195 1793 4266 <ἢ>
1839 4196 1910 4256 ὡς
1958 4198 2097 4266 γένος
2142 4216 2174 4250 a
2217 4202 2306 4266 Sp.
2489 4202 2546 4252 11
2590 4207 2710 4255 ante
2749 4204 2851 4257 ἐπεὶ
2887 4207 3097 4259 titulum

383 4283 537 4334 iterat
572 4284 635 4345 B,
674 4284 758 4334 eui
798 4281 865 4334 13²
899 4283 1059 4335 verba
1094 4284 1381 4351 praemittit
1416 4282 1631 4341 εἰκότως
1666 4284 1888 4357 ζητεῖται
2087 4285 2149 4336 14
2185 4285 2289 4356 ἔχει
2325 4286 2472 4357 πρὸς]
2519 4287 2650 4360 ἔχειν
2686 4290 2808 4360 πρὸς
2844 4310 2876 4343 a
2911 4295 2999 4361 Sp.

388 4368 451 4422 15
508 4369 580 4427 ὡς
616 4368 731 4422 ὅλον
768 4371 901 4423 VBS
949 4370 1084 4435 (scil.
1120 4371 1213 4439 τὴν
1262 4371 1491 4441 ripn-'mot
1546 4371 1605 4424 τὸ
1645 4371 1714 4429 ὡς
1752 4370 1868 4424 ὅλον
1903 4376 1968 4424 F:
2026 4372 2084 4425 τὸ
2121 4372 2194 4431 ὡς
2239 4370 2372 4426 ὅλων
2412 4393 2442 4426 a
2480 4378 2568 4443 Sp.
2791 4378 2954 4432 εἵπετο
2991 4386 3096 4433 τῶν

384 4456 475 4524 μὲν
510 4474 541 4507 a
742 4457 802 4509 19
842 4456 1060 4510 fortasse
1096 4458 1247 4527 (μήτε
1286 4458 1357 4517 ὡς
1393 4460 1530 4528 γένος
1578 4460 1705 4529 μήτε
1745 4460 1815 4518 ὡς
1854 4459 1970 4514 ὅλον
2009 4459 2082 4514 δεῖ
2116 4459 2540 4533 κατηγορεῖσθαι).
2603 4462 2636 4534 ἢ
2677 4465 2718 4517 εἰ
2913 4466 2983 4521 20
3017 4486 3095 4520 τε·

382 4542 518 4596 λείαν
547 4542 641 4597 13²:
683 4543 891 4597 τελείων
912 4548 1095 4597 VFB1:
1134 4545 1339 4599 τελειῶν
1365 4566 1419 4599 a:
1457 4546 1620 4599 τελεία
1657 4550 1791 4601 coni.
1814 4552 1902 4616 Sp.
2083 4548 2143 4599 21
2187 4550 2427 4618 μέμικται
2451 4550 2788 4619 (μέμεικταιῖ)
2815 4552 3097 4609 Schwartz:

382 4630 625 4683 δέδεικται
650 4632 873 4685 VFB¹S¹
902 4633 1062 4685 Vict.:
1102 4632 1352 4703 σύγκειται
1378 4634 1542 4688 S²B²a
1569 4637 1657 4702 Sp.
1838 4636 1904 4688 22
1943 4636 2048 4708 ἔχει
2083 4638 2244 4689 SBFa
2281 4640 2396 4705 Sp.:
2439 4638 2568 4711 ἔχειν
2594 4644 2634 4689 V
2815 4640 2882 4693 24
2921 4644 3097 4702 πάσαις

382 4736 415 4770 a
449 4721 537 4787 Sp.
720 4719 786 4772 26
826 4721 972 4772 παντὶ
1008 4740 1039 4773 a
1073 4724 1160 4788 Sp.
1340 4722 1405 4773 27
1442 4722 1589 4793 τήνδε
1628 4726 1739 4791 (τῆν
1778 4723 1829 4776 δε
1855 4724 1947 4793 V)]
1985 4726 2078 4794 τὴν
2115 4742 2144 4776 ε
2169 4727 2258 4792 Sp.
2437 4726 2504 4778 28
2541 4725 2659 4779 τάδε
2680 4727 2794 4780 V²F
2815 4730 2951 4782 Vict.
2979 4733 3093 4798 Sp.=

380 4810 475 4875 τῆν
510 4804 563 4859 δὲ
602 4808 749 4861 V¹Sa
924 4808 1071 4878 τήνδε
1108 4807 1183 4877 δὲ]
1221 4810 1311 4879 τὴν
1352 4810 1404 4862 δὲ
1440 4808 1499 4881 δὴ
1540 4811 1674 4863 Vict.
1714 4814 1801 4878 Sp.
1999 4813 2080 4865 29.
2119 4812 2188 4865 30
2225 4812 2461 4885 ἑκάστης]
2500 4814 2686 4885 ἑκάστῃ
2729 4834 2756 4867 a
2794 4818 2882 4884 Sp.

382 4893 452 4948 30
486 4892 615 4964 μίξει
653 4896 864 4965 scripsit
904 4894 1059 4964 μίξεις
1096 4896 1215 4949 libri
