3684 5567
1370 260 1531 319 ΠΕΡΙ
1570 262 2038 320 ΕΙΜΑΡΜΕΝΗΣ
2081 270 2284 321 11--13
3059 274 3172 339 181

583 437 665 519 μὴ
710 440 905 507 καλῶς
948 440 1078 523 περὶ
1122 442 1239 501 τῶν
1285 438 1585 521 πρακτέων
1632 441 2141 526 διαλαμβάνοντας,
2207 442 2490 513 κάκείνοις
2558 442 2943 527 ἐπικαλοῦμεν
2991 448 3070 513 ὡς

572 540 1013 623 ἁμαρτάνουσιν,
1061 542 1327 625 ἀξιοῦμεν
1374 542 1439 605 δὲ
1484 543 1835 629 συμβούλοις
1866 542 1911 625 †
1955 548 2204 609 τοιοῖσδε
2249 546 2510 630 χρῆσθαι
2555 550 2636 615 ὡς
2682 544 2773 631 ἐφ’
2819 549 2958 631 ἡμῖν
3003 546 3066 611 ὃν

577 642 643 707 τό
688 667 751 707 τε
794 647 1261 730 παραλαμβάνειν
1304 644 1515 715 αὐτοὺς
1560 647 1922 730 συμβούλους
1989 645 2155 716 ὄντας
2201 648 2238 731 ἢ
2287 649 2368 731 μὴ
2427 652 2894 735 παραλαμβάνειν
2939 653 3068 721 τοὺς
3098 670 3151 712 ιο

575 748 785 831 πρᾶξαι
832 748 901 811 ἂν
949 750 1045 813 διὰ
1088 750 1191 833 τὴν
1236 754 1353 813 τῶν
1399 750 1673 815 τοιούτων
1718 750 2041 835 παρουσίαν
2087 750 2238 815 ἄλλα
2282 752 2430 834 [καὶ]
2477 752 2602 816 τινὰ
2647 755 2744 817 καὶ
2777 755 2860 837 μὴ
2889 760 3068 819 ταῦτα

503 870 534 917 5
572 850 609 913 ἃ
656 853 1007 935 πράσσομεν.
1097 851 1219 917 ἀλλ’
1274 852 1363 917 ὅτι
1410 854 1514 937 μὲν
1558 855 1625 917 τὸ
1670 850 1765 937 ἐφ’
1820 855 1959 935 ἡμῖν
2005 854 2101 917 ἐπὶ
2146 855 2363 918 τούτων
2409 860 2824 939 κατηγορεῖται,
2881 858 2963 922 ὧν
3006 858 3066 921 ἐν

576 956 713 1037 ἡμῖν
759 956 798 1037 ἡ
846 956 1075 1025 ἐξουσία
1114 960 1219 1019 τοῦ
1268 955 1507 1019 ἑλέσθαι
1550 957 1647 1020 καὶ
1690 955 1762 1018 τὰ
1808 957 2189 1041 ἀντικείμενα,
2257 960 2542 1041 γνώριμον
2611 958 2673 1022 ὃν
2729 962 2824 1023 καὶ
2869 960 2928 1030 ἐξ
2973 961 3068 1025 αὖ·
3097 979 3148 1021 15

579 1062 699 1137 τοῦ,
750 1060 917 1123 ἱκανὰ
961 1062 1289 1145 ὑπομνῆσαι
1359 1062 1451 1123 καὶ
1496 1059 1569 1123 τὰ
1612 1060 2020 1145 προειρημένα.
2109 1062 2371 1124 τοιούτου
2417 1060 2470 1123 δ’
2527 1060 2690 1132 ὄντος
2733 1062 2929 1141 αὐτοῦ,
2995 1067 3060 1128 τὸ
3097 1075 3226 1128 XIII

570 1160 675 1241 μὲν
726 1162 1009 1227 δεικνύναι
1072 1167 1241 1226 τοῦτο
1287 1162 1619 1247 σωζόμενον
1687 1163 1834 1226 κατὰ
1879 1164 2012 1232 τοὺς
2065 1165 2252 1227 πάντα
2304 1165 2574 1247 λέγοντας
2617 1166 2877 1249 γίνεσθαι
2920 1168 3054 1232 καθ’

568 1264 919 1349 εἱμαρμένην
965 1264 1101 1329 οὐδὲ
1144 1266 1536 1352 ἐπιχειροῦσιν
1579 1267 1683 1350 τὴν
1728 1266 1922 1351 ἀρχήν
1969 1265 2187 1348 (ἴσασιν
2230 1267 2338 1351 γὰρ
2385 1268 2830 1353 ἐγχειρήσαντες
2859 1270 3066 1333 ἀδυνά·
3092 1290 3148 1332 2⁰

468 1388 531 1433 10
567 1367 733 1450 τοις),
781 1372 863 1437 ὡς
907 1370 971 1433 δὲ
1016 1370 1112 1431 ἐπὶ
1156 1374 1262 1453 τῆς
1306 1370 1491 1454 τύχης
1534 1368 1679 1433 ἄλλο
1722 1393 1775 1432 τι
1820 1370 2242 1453 σημαινόμενον
2289 1370 2602 1441 ὑποθέντες
2632 1376 2718 1455 τῷ
2749 1377 2855 1455 τῆς
2885 1374 3068 1459 τύχης

568 1469 809 1553 ὀνόματι
854 1473 1129 1556 παράγειν
1175 1478 1487 1557 πειρῶνται
1530 1473 1665 1541 τοὺς
1708 1472 2024 1541 ἀκούοντας
2067 1472 2258 1535 αὐτῶν
2305 1476 2388 1542 ὥς
2433 1477 2718 1546 σώζοντες
2761 1476 2858 1537 καὶ
2903 1476 3066 1540 αὐτοὶ

564 1572 631 1635 τὸ
700 1574 816 1637 ἀπὸ
884 1574 1067 1660 τύχης
1111 1574 1379 1657 γίνεσθαί
1416 1599 1561 1655 τινα,
1630 1576 1815 1644 οὕτως
1881 1576 1946 1638 δὲ
2013 1576 2108 1639 καὶ
2151 1576 2244 1638 ἐπὶ
2291 1581 2392 1639 τοῦ
2439 1575 2533 1661 ἐφ’
2590 1580 2731 1659 ἡμῖν
2783 1583 3062 1643 ποιοῦσιν.

565 1675 929 1760 ἀναιροῦντες
972 1678 1081 1762 γὰρ
1124 1680 1190 1741 τὸ
1236 1678 1495 1747 ἐξουσίαν
1543 1675 1701 1763 ἔχειν
1746 1680 1846 1742 τὸν
1890 1678 2200 1761 ἄνθρωπον
2246 1684 2352 1763 τῆς
2395 1679 2678 1763 αἱρέσεώς
2707 1703 2771 1744 τε
2801 1682 2897 1743 καὶ
2928 1682 3064 1764 πρά·
3093 1696 3150 1741 25

567 1777 705 1849 Εεως
751 1784 865 1843 τῶν
912 1781 1319 1865 ἀντικειμένων
1365 1781 1626 1863 λέγουσιν
1672 1780 1767 1866 ἐφ’
1822 1784 1962 1865 ἡμῖν
2009 1781 2152 1844 εἶναι
2196 1782 2262 1845 τὸ
2305 1781 2599 1867 γινόμενον
2631 1784 2726 1847 καὶ
2757 1782 2832 1847 δι’
2873 1786 3062 1868 ἡμῶν.

457 1902 523 1949 15
562 1882 689 1946 ἐπεὶ
752 1887 881 1968 γάρ,
950 1886 1143 1969 φασίν,
1214 1889 1331 1948 τῶν
1400 1884 1581 1949 ὄντων
1647 1907 1709 1947 τε
1764 1886 1858 1948 καὶ
1911 1884 2224 1968 γινομένων
2277 1887 2337 1949 αἱ
2383 1886 2584 1969 φύσεις
2626 1886 2820 1970 ἕτεραί
2859 1910 2922 1950 τε
2965 1888 3060 1951 καὶ

560 1988 824 2071 διάφοροι
870 1987 965 2068 (οὐ
1010 1987 1119 2073 γὰρ
1164 1990 1225 2051 αἱ
1268 1987 1437 2053 αὐταὶ
1482 1994 1598 2051 τῶν
1668 1988 1952 2072 ἐμψύχων
1997 2011 2060 2051 τε
2104 1989 2203 2051 καὶ
2247 1993 2364 2051 τῶν
2411 1988 2679 2074 ἀψύχων,
2751 1989 2870 2051 ἀλλ’
2927 1990 3064 2053 οὐδὲ

558 2093 675 2152 τῶν
720 2090 1005 2177 ἐμψύχων
1050 2092 1323 2155 ἁπάντων
1370 2093 1429 2154 αἱ
1474 2090 1644 2155 αὐταὶ
1689 2094 1888 2155 πάλιν·
1934 2092 1994 2155 αἱ
2040 2092 2150 2175 γὰρ
2193 2090 2318 2154 κατ’
2360 2091 2512 2159 εἶδος
2557 2096 2673 2154 τῶν
2720 2092 2901 2157 ὄντων
2949 2095 3064 2155 δια·
3089 2111 3146 2153 ευ

560 2195 733 2277 φοραὶ
799 2194 903 2263 τὰς
966 2196 1083 2257 τῶν
1138 2195 1369 2280 φύσεων
1414 2194 1605 2259 αὐτῶν
1663 2194 1944 2279 διαφορᾶς
1989 2194 2393 2277 δεικνύουσιν),
2461 2194 2670 2276 γίνεται
2715 2196 2780 2259 δὲ
2833 2196 2908 2259 τὰ
2951 2194 3050 2280 ὑφ’

557 2297 807 2361 ἑκάστου
853 2297 1122 2380 γινόμενα
1177 2298 1324 2363 κατὰ
1369 2299 1473 2382 τὴν
1519 2298 1733 2361 οἰκείαν
1778 2298 1973 2382 φύσιν,
2041 2297 2113 2360 τὰ
2159 2298 2263 2379 μὲν
2310 2299 2421 2361 ὑπὸ
2489 2296 2658 2361 λίθου
2704 2298 2851 2362 κατὰ
2895 2300 3000 2384 τὴν
3049 2296 3056 2385 Ι

452 2420 521 2466 20
558 2402 750 2473 λίθου,
816 2403 888 2463 τὰ
954 2398 1005 2463 δ’
1064 2401 1176 2463 ὑπὸ
1221 2401 1404 2485 πυρὸς
1468 2401 1617 2464 κατὰ
1682 2402 1788 2484 τὴν
1855 2401 2037 2484 πυρὸς
2105 2401 2199 2463 καὶ
2255 2399 2326 2463 τὰ
2379 2402 2492 2463 ὑπὸ
2547 2400 2706 2486 ζῴου
2759 2403 2909 2465 κατὰ
2952 2405 3056 2487 τὴν
3093 2412 3168 2469 44

562 2501 727 2591 [ὑπὸ]
774 2502 952 2587 ζῴου,
1021 2504 1186 2568 οὐδὲν
1234 2505 1336 2585 μὲν
1380 2508 1496 2565 τῶν
1542 2504 1694 2567 κατὰ
1738 2504 1841 2588 τὴν
1889 2504 2102 2567 οἰκείαν
2159 2503 2329 2587 φύσιν
2377 2502 2474 2586 ὑφ’
2531 2504 2780 2567 ἑκάστου
2839 2507 3058 2589 γινομέ-

558 2629 670 2669 νων
716 2606 1001 2670 δύνασθαί
1044 2626 1217 2691 φασιν
1262 2605 1456 2675 ἄλλως
1497 2604 1677 2691 ἔχειν,
1724 2604 1845 2669 ἀλλ’
1903 2606 2144 2669 ἕκαστον
2191 2611 2308 2669 τῶν
2352 2605 2668 2688 γινομένων
2716 2606 2812 2669 ὑπ’
2867 2609 3059 2673 αὐτῶν

552 2710 813 2793 γίνεσθαι
855 2710 1435 2795 κατηναγκασμένως,
1482 2708 1610 2773 κατ’
1668 2710 1922 2791 ἀνάγκην
1971 2710 2038 2771 οὐ
2083 2710 2188 2793 τὴν
2236 2709 2302 2772 ἐκ
2347 2709 2494 2794 βίας,
2542 2707 2659 2772 ἀλλ’
2713 2710 2781 2772 ἐκ
2826 2715 2928 2774 τοῦ
2975 2712 3056 2795 μὴ
3109 2730 3136 2773 5

554 2813 835 2877 δύνασθαι
880 2815 947 2878 τὸ
992 2814 1075 2896 μὴ
1121 2816 1380 2899 πεφυκὸς
1433 2812 1620 2882 οὕτως
1682 2811 1898 2895 (ὄντων
1953 2816 2068 2875 τῶν
2125 2814 2529 2896 περιεστώτων
2596 2812 2868 2876 τοιούτων
2928 2812 3061 2899 (ὡς)

454 2934 520 2984 25
560 2915 839 2980 ἀδύνατον
882 2916 1045 3001 αὐτῷ’
1094 2918 1178 3002 μὴ
1224 2916 1623 3001 περιεστάναι)
1666 2915 1797 2979 τότε
1845 2916 2040 2984 ἄλλως
2083 2939 2208 2985 πως
2251 2916 2350 2980 καὶ
2395 2916 2476 2998 μὴ
2513 2916 2699 2984 οὕτως
2729 2916 3057 3001 κινηθῆναι.

555 3018 701 3104 μήτε
745 3020 857 3105 γὰρ
901 3020 999 3083 τὸν
1045 3020 1227 3095 λίθον,
1298 3022 1351 3083 εἰ
1396 3020 1513 3082 ἀπὸ
1559 3018 1737 3102 ὕψους
1782 3019 2032 3103 ἀφεθείη
2078 3017 2250 3094 τινός,
2316 3017 2597 3082 δύνασθαι
2643 3020 2724 3101 μὴ
2773 3019 3058 3103 φέρεσθαι
3085 3038 3140 3079 ιο

552 3124 713 3186 κάτω
780 3124 1029 3209 μηδενὸς
1092 3123 1501 3207 ἐμποδίζοντος
1548 3160 1629 3169 —-
1674 3126 1759 3206 τῷ
1808 3123 2100 3206 βαρύτητα
2168 3122 2271 3205 μὲν
2330 3119 2488 3206 ἔχειν
2543 3119 2718 3184 αὐτὸν
2763 3122 2823 3183 ἐν
2871 3123 3055 3208 αὑτῷ,

552 3226 763 3311 ταύτην
796 3226 849 3290 δ’
889 3226 1036 3291 εἶναι
1064 3224 1221 3312 <τὴν>
1250 3234 1355 3312 τῆς
1384 3227 1652 3311 τοιαύτης
1681 3227 1966 3308 κινήσεως
1997 3226 2144 3289 κατὰ
2174 3227 2344 3311 φύσιν
2376 3222 2632 3309 (αἰτίαν),
2679 3225 2814 3287 ὅταν
2846 3227 2940 3288 καὶ
2985 3227 3057 3289 τὰ

554 3326 773 3399 ἔξωθεν
820 3329 973 3393 αἴτια
1018 3331 1089 3393 τὰ
1133 3331 1278 3415 πρὸς
1320 3332 1425 3415 τὴν
1471 3330 1617 3393 κατὰ
1662 3330 1833 3412 φύσιν
1879 3330 2099 3412 κίνησιν
2145 3334 2231 3413 τῷ
2277 3328 2429 3411 λίθῳ
2462 3329 2839 3389 συντελοῦντα
2875 3334 3052 3413 παρῇ,

449 3452 519 3500 3ο
553 3434 615 3503 ἐξ
684 3434 939 3517 ἀνάγκης
990 3435 1087 3497 τὸν
1153 3432 1317 3498 λίθον
1378 3438 1461 3504 ὡς
1526 3432 1776 3518 πέφυκεν
1845 3432 2154 3517 φέρεσθαι·
2231 3432 2463 3498 πάντως
2515 3429 2567 3493 δ’
2623 3430 2785 3515 αὐτῷ
2843 3431 2939 3493 καὶ
2994 3432 3054 3502 ἐξ
3084 3450 3136 3493 15

447 3718 471 3769 l
516 3718 809 3788 πρακτέων]
844 3735 945 3788 πρα
978 3734 1027 3769 v.
1055 3733 1097 3771 c.
1125 3732 1167 3769 s,
1192 3734 1243 3769 v.
1268 3722 1317 3769 V
1549 3717 1620 3775 ὡς
1656 3719 1713 3770 in
1749 3717 1825 3769 lit.
1863 3720 1907 3769 B
1948 3715 2249 3769 Schulthess
2288 3720 2356 3769 O:
2397 3714 2469 3773 οἷς
2496 3714 2626 3767 Va¹²
2862 3715 2893 3767 2
2929 3715 3161 3782 τοιοῖσδε]

440 3806 657 3858 fortasse
691 3804 1017 3871 τοιούσδε,
1056 3806 1169 3857 scil.
1207 3805 1324 3863 τοὺς
1360 3806 1431 3875 μὴ
1468 3804 1641 3863 καλῶς
1678 3804 1910 3874 διαλαμβ.
1939 3804 2007 3871 (v.
2040 3804 2090 3869 l)
2268 3802 2300 3855 3
2338 3802 2758 3872 αὑτοὺς-ὄντας]
2797 3802 3019 3857 fortasse
3055 3804 3160 3855 αὒ-

442 3898 577 3950 τοῖς
613 3891 1203 3961 συμβουλεύσοντας
1438 3894 1553 3951 τοὺς
1590 3893 1743 3945 Van:
1798 3894 1878 3961 τῷ·
1912 3891 2005 3944 3²:
2059 3896 2149 3944 τοῦ
2185 3894 2271 3945 ES
2311 3891 2450 3945 Casa
2507 3892 2576 3950 ὡς
2614 3892 2777 3945 Lond.
2818 3896 2887 3947 O:
2943 3892 3160 3945 fortasse

440 3982 544 4033 καὶ
580 3980 645 4033 τὸ
856 3982 889 4032 4
935 3982 1019 4032 καὶ
1056 3980 1155 4033 del.
1193 3982 1293 4032 V¹:
1340 3982 1426 4033 καὶ
1461 3980 1541 4032 12¹²
1768 3981 1801 4033 5
1852 3980 1884 4031 ἃ
1925 3996 1968 4031 v.
2003 3996 2048 4032 c.
2093 3996 2135 4032 s.
2171 3996 2218 4030 ν.
2255 3983 2304 4029 V
2539 3980 2689 4049 ἡμῶν
2728 3984 2772 4035 Ο
2995 3978 3028 4030 9
3063 3980 3158 4050 γὰρ

439 4068 545 4132 (ἂν)
580 4068 837 4121 Schwartz
1018 4068 1395 4139 ἐγχειρήσαντες
1417 4069 1567 4121 Vam:
1606 4070 1980 4139 ἐγχειρήσοντες
2015 4068 2113 4120 13²:
2151 4068 2545 4139 ἐπιχειρήσοντες
2575 4071 2619 4121 O
2795 4068 2850 4119 ll
2910 4066 3158 4128 σώζεσθαι

438 4174 528 4225 καὶ
564 4172 733 4230 αὐτοῖς
776 4177 819 4225 H
844 4190 919 4243 γρ.
946 4176 1031 4226 ES
1300 4174 1360 4226 14
1411 4174 1471 4225 τὸ
1507 4172 1579 4225 13²
1613 4172 1807 4226 Lond.:
1862 4173 1924 4225 ’τό
1970 4192 2024 4225 τε
2062 4174 2203 4226 Cas.:
2251 4160 2305 4223 τε
2353 4172 2430 4224 sic
2469 4177 2533 4223 V:
2581 4190 2634 4223 τε
2671 4170 2752 4224 8¹²
2925 4173 3011 4224 καὶ
3054 4172 3154 4225 del.

436 4259 511 4312 Β2
548 4260 682 4313 idem
710 4262 767 4313 in
805 4277 933 4329 mg.:
972 4260 1092 4321 ἴσως
1118 4261 1191 4314 δεῖ
1224 4260 1403 4330 λέγεινε
1442 4261 1664 4330 λέγουσιν
1703 4258 1787 4331 ἐφ’
1816 4262 1936 4331 ἡμῖν
1973 4260 2098 4321 εἶναι
2133 4260 2192 4313 τὸ
2230 4260 2327 4312 ὑπό
2352 4278 2406 4313 τε
2443 4264 2533 4330 τῆς
2571 4260 2872 4330 εἱμαρμένης
2897 4260 3154 4328 γινόμενον

438 4366 525 4416 καὶ
562 4360 633 4416 δι’
658 4363 807 4434 ἡμῶν
1027 4366 1088 4419 15
1126 4366 1255 4431 ἐπεὶ]
1292 4366 1370 4419 ἐπὶ
1406 4366 1483 4419 vel
1523 4366 1613 4419 εἰσὶ
1639 4366 1835 4419 Gercke
2055 4368 2116 4418 16
2152 4352 2379 4435 διάφοράι
2416 4365 2491 4417 sic
2529 4368 2574 4415 V
2813 4362 2872 4414 21
2917 4364 3014 4416 ὑπὸ
3053 4380 3153 4416 om.

440 4452 553 4504 Cas.
593 4456 638 4505 O
827 4454 941 4522 μὲν]
981 4453 1033 4506 δὲ
1067 4456 1133 4507 S:
1172 4454 1272 4523 μὴν
1313 4455 1509 4507 Gen-che
1712 4454 1777 4506 23
1813 4453 1932 4523 τὴν]
1979 4454 2079 4523 μὴν
2117 4454 2312 4507 Gercke
2499 4451 2716 4504 fortasse
2743 4450 2907 4515 ἀλλ<ὰ
2942 4452 3084 4521 τὴν)

439 4538 506 4591 24
544 4539 612 4608 μὴ
652 4556 692 4591 s.
720 4556 763 4591 v.
794 4558 840 4591 v.
868 4558 912 4593 c.
938 4540 1002 4606 (P)
1032 4546 1093 4593 V:
1133 4556 1232 4593 om.
1260 4544 1371 4595 Es:
1410 4540 1471 4610 δὴ
1500 4540 1699 4593 Gen-cho
1879 4539 2064 4605 οὕτως]
2104 4539 2238 4599 ὅλως
2263 4540 2461 4594 Gercke
2621 4540 2690 4598 ὡς
2716 4538 2834 4591 add.
2861 4538 3024 4591 Lond.
3047 4542 3092 4593 O

439 4644 505 4698 25
544 4662 620 4713 pr.
658 4632 731 4715 μὴ
769 4648 843 4699 sic
882 4651 926 4697 V
1118 4647 1427 4717 περιεστάναι
1465 4648 1550 4699 καὶ
1587 4644 1829 4698 ἀδύνατον
1868 4645 1984 4697 τότε
2021 4646 2100 4696 8¹²
2293 4646 2357 4697 26
2397 4642 2524 4713 μηδὲ
2562 4644 2759 4697 Gercke
2956 4644 3023 4697 28
3059 4644 3151 4715 τὴν

438 4732 612 4785 addidi
810 4734 943 4785 κατὰ
980 4734 1075 4785 del.
1112 4738 1179 4787 O:
1222 4735 1367 4785 κάτω
1412 4734 1564 4801 Casp.
1604 4734 1649 4785 O
1851 4732 2011 4785 αἰτίαν
2057 4732 2174 4785 add.
2212 4732 2283 4785 Β2
2460 4730 2601 4797 ὅταν]
2640 4730 2772 4784 ὥστ’
2797 4730 2856 4783 ἂν
2894 4731 3153 4784 Schwartz

438 4874 569 4927 bene
748 4876 813 4927 29
858 4822 1019 4947 nup-72⁵:
1056 4876 1135 4927 sic
1170 4875 1243 4930 V¹
1456 4872 1539 4931 29.
1579 4872 1649 4925 30
1684 4876 1823 4950 παρῇ
1861 4872 1932 4933 ὡς
1969 4870 2020 4937 ἐξ
2058 4872 2223 4928 Lond.
2261 4876 2306 4930 Ο
