3684 5567
1336 241 1595 299 ΗΘΙΚΩΝ
1638 240 2168 299 ΠΡΟΒΛΗΜΑΤΩΝ
2209 246 2377 298 9-11
3087 245 3208 310 131

606 444 779 497 νεται,
823 422 889 483 τὸ
936 420 1020 491 δέ..
1067 420 1135 485 οὔ
1167 422 1337 506 χάριν
1366 420 1581 502 γίνεταί
1621 442 1765 493 τινα,
1810 418 1975 487 τέλος
2019 418 2274 495 ἐκείνων,
2321 418 2380 481 ἐν
2413 422 2531 488 τοῖς
2575 418 2746 503 φύσει
2789 416 3106 501 γινομένοις

608 523 771 593 τέλος
812 524 869 587 τί
910 524 1080 588 ἐστιν.
1152 524 1301 587 ἀλλὰ
1348 524 1462 608 μὴν
1508 524 1573 585 τὸ
1617 522 1781 591 τέλος
1824 525 1942 584 τῶν
1987 526 2088 585 τοῦ
2128 520 2328 590 τέλους
2371 524 2540 607 χάριν
2586 520 2900 605 γινομένων
2945 519 3104 602 ἄμει-

606 650 723 703 νον,
771 628 925 691 ὥστε
968 630 1065 692 καὶ
1110 632 1227 691 τῶν
1258 626 1428 712 φύσει
1472 625 1783 709 γινομένων
1828 624 1902 688 τὰ
1945 625 2084 710 τέλη
2129 630 2244 688 τῶν
2291 625 2526 688 ἐκείνων
2571 624 2886 709 γινομένων
2933 624 3103 709 χάριν
3131 637 3184 679 25

605 731 841 813 ἀμείνω.
912 729 1036 794 ἔστι
1080 732 1145 795 δὲ
1190 731 1284 794 καὶ
1332 732 1363 794 6
1409 729 1719 814 ἄνθρωπος
1763 732 1879 791 τῶν
1925 728 2095 813 φύσει
2125 728 2458 811 γινομένων,
2509 729 2664 792 ὥστε
2707 728 2863 792 ἐστίν
2907 751 2960 791 τι
3004 726 3098 790 καὶ

538 855 565 902 5
604 833 791 919 τούτῳ
843 832 849 919 Ι
899 834 1091 912 τέλος,
1144 838 1241 899 καὶ
1289 838 1458 897 τοῦτο
1502 840 1618 896 τῶν
1671 830 1765 917 ἐφ’
1822 831 1910 900 οἷς
1961 835 2131 895 τοῦτο
2186 831 2426 915 βέλτιον.
2515 831 2680 900 τέλος
2725 832 2789 895 δὲ
2832 835 2934 895 τοῦ
2980 830 3070 893 ἀν·
3116 834 3208 893 251

606 938 847 1022 θρώπου
902 941 967 1003 τὸ
1014 942 1322 1003 σπουδαῖον
1379 937 1687 1021 ἄνθρωπον
1739 934 2038 1017 γενέσθαι,
2092 934 2296 997 τούτου
2341 935 2510 1019 χάριν
2567 936 2598 997 6
2646 933 2984 1019 ἅνθρωπος,
3036 932 3102 995 τὸ

607 1042 671 1103 δὲ
727 1044 1035 1106 σπουδαῖον
1087 1043 1358 1125 γενέσθαι
1413 1040 1536 1105 ἐστὶ
1591 1041 1656 1103 τὸ
1719 1037 1878 1123 ἔχειν
1934 1038 2036 1107 τὰς
2093 1037 2408 1122 ἀνθρώπου
2463 1038 2688 1121 ἀρετάς.
2786 1036 2937 1100 ἀλλὰ
2992 1036 3105 1119 μὴν
3160 1052 3188 1094 5

604 1143 717 1230 οὐχ
762 1144 883 1208 οἷόν
929 1168 991 1209 τε
1036 1149 1203 1230 σχεῖν
1248 1150 1335 1229 τῷ
1384 1145 1683 1227 ἀνθρώπῳ
1727 1141 1830 1210 τὰς
1877 1142 2114 1226 ἀρετάς,
2161 1141 2212 1203 εἰ
2260 1141 2340 1224 μὴ
2388 1146 2617 1224 πρῶτον
2665 1139 2974 1225 ἄνθρωπος
3016 1140 3104 1222 γέ·

552 1238 559 1243 ’
604 1270 775 1311 νοιτο.
845 1249 877 1311 6
923 1247 1232 1332 ἄνθρωπος
1276 1247 1391 1332 ἄρα
1433 1252 1539 1330 τῆς
1582 1252 1699 1309 τῶν
1744 1246 1969 1329 ἀρετῶν
2011 1243 2274 1325 κτήσεως
2317 1244 2508 1328 χάριν,
2555 1240 2674 1305 ἀλλ’
2717 1242 2828 1327 οὐχ
2875 1244 2933 1306 αἱ
2978 1242 3106 1327 ἀρε-

504 1370 568 1417 10
602 1352 693 1412 ταὶ
739 1355 841 1413 τοῦ
888 1351 1226 1435 ἀνθρώπου.
1317 1352 1406 1413 διὸ
1452 1350 1548 1413 καὶ
1592 1348 1842 1433 ἀμείνων
1901 1347 1932 1409 6
1978 1345 2328 1431 κεκτημένος
2381 1344 2483 1415 τὰς
2536 1346 2744 1430 ἀρετὰς
2796 1344 3104 1430 ἄνθρωπος
3132 1362 3188 1404 ιο

605 1458 708 1517 τοῦ
751 1455 936 1540 χωρὶς
980 1455 1198 1519 τοῦτων
1256 1454 1589 1538 ἀνθρώπου.
1680 1451 1749 1514 οὐ
1794 1449 1906 1535 γὰρ
1951 1451 2011 1513 αἱ
2066 1450 2262 1534 ἀρεταὶ
2314 1450 2580 1533 γίνονται.
2670 1448 2737 1512 οὐ
2782 1448 2890 1533 γὰρ
2934 1452 3107 1533 ἡμεῖς

604 1557 781 1626 αὐτὰς
832 1557 1111 1639 κτώμεθα
1165 1560 1245 1625 ὡς
1299 1557 1517 1641 χωρίον
1574 1556 1613 1639 ἢ
1658 1556 2017 1638 ἀνδράποδον
2073 1554 2111 1635 ἢ
2159 1553 2372 1627 οἰκίαν,
2429 1552 2547 1615 ἀλλ’
2603 1554 2640 1636 ἡ
2686 1557 2803 1615 τῶν
2857 1553 3104 1617 ἑκάστου

603 1662 825 1747 ἀρετῶν
869 1660 1085 1743 γένεσις
1130 1660 1191 1723 ἐν
1236 1664 1313 1742 τῇ
1345 1662 1545 1742 κτήσει
1590 1657 1799 1721 αὐτῶν.
1877 1658 1928 1719 εἰ
1972 1656 2038 1720 δὲ
2082 1658 2120 1739 ἡ
2159 1656 2378 1739 γένεσις
2422 1654 2613 1718 αὐτῶν
2659 1656 2720 1719 ἐν
2766 1661 2840 1738 τῇ
2884 1656 3103 1739 κτήσει,

604 1766 701 1828 καὶ
744 1766 811 1827 τὸ
842 1764 988 1826 εἶναι
1034 1762 1235 1831 αὐταῖς
1280 1764 1339 1825 ἐν
1386 1762 1593 1845 τούτῳ,
1640 1759 1763 1825 ἔστι
1808 1762 1874 1823 δὲ
1918 1762 1984 1824 τὸ
2029 1759 2192 1829 τέλος
2237 1761 2375 1843 ἡμῖν
2420 1762 2690 1843 ἡκτήσις
2733 1760 2948 1838 αὐτῶν,
2991 1759 3106 1823 εἶεν
3137 1777 3188 1821 15

503 1888 566 1938 15
607 1866 674 1930 ἂν
721 1868 817 1930 καὶ
871 1867 932 1929 αἱ
977 1867 1173 1950 ἀρεταὶ
1232 1865 1371 1949 τέλη
1425 1868 1595 1949 ἡμῶν
1650 1865 1746 1928 καὶ
1792 1863 2010 1927 τούτων
2064 1865 2234 1948 χάριν
2279 1864 2466 1945 ἡμεῖς.
2560 1863 2647 1925 διὸ
2701 1862 2796 1925 καὶ
2843 1862 3110 1945 ἀμείνους

602 1974 773 2055 ἡμῶν
816 1971 875 2033 αἱ
921 1970 1139 2053 ἀρεταί,
1184 1968 1329 2032 διότι
1374 1969 1470 2031 καὶ
1514 1968 1580 2030 τὸ
1628 1968 1792 2036 τέλος
1836 1969 2006 2052 ἡμῶν
2051 1967 2111 2029 ἐν
2158 1971 2232 2049 τῇ
2279 1970 2395 2029 τῶν
2440 1966 2664 2050 ἀρετῶν
2712 1966 3000 2050 παρουσία
3043 1989 3107 2028 τε

606 2076 700 2137 καὶ
747 2074 963 2156 κτήσει.

601 2314 711 2380 XI.
771 2310 913 2381 Ὅτι
960 2315 1051 2399 μὴ
1083 2318 1463 2399 πολλαχῶς
1505 2316 1579 2378 τὸ
1611 2313 1970 2388 ἀκούσιον,
2017 2312 2169 2376 ἐπεὶ
2203 2314 2314 2376 καὶ
2360 2312 2475 2397 βίᾳ
2517 2314 2632 2376 καὶ
2677 2310 2760 2376 δι’
2803 2309 3106 2395 ἄγνοιαν.
3136 2327 3192 2369 90

756 2482 975 2572 Ὥσπερ
1020 2487 1087 2550 οὐ
1132 2486 1361 2569 λέγεται
1405 2490 1719 2571 πολλαχῶς
1764 2487 1829 2549 τὸ
1876 2488 2053 2569 ζῷον,
2105 2484 2230 2548 ἐπεὶ
2277 2486 2342 2547 τὸ
2391 2484 2492 2570 μέν
2538 2486 2691 2549 ἐστιν
2737 2485 2916 2549 αὐτοῦ
2960 2487 3106 2567 λογι-

497 2610 564 2657 20
602 2590 703 2653 κὸν
746 2596 813 2653 τὸ
860 2588 912 2655 δ’
969 2588 1207 2673 ἄλογον,
1264 2587 1383 2653 ἀλλ’
1440 2590 1577 2654 οὐδὲ
1627 2592 1665 2673 ἡ
1713 2589 1886 2653 κακία
1939 2592 2284 2673 πολλαχῶς,
2343 2588 2471 2651 ἐπεὶ
2514 2591 2552 2672 ἡ
2602 2590 2706 2672 μὲν
2753 2585 2886 2652 καθ’
2943 2588 3110 2672 ὑπερ·

603 2694 809 2778 βολήν,
862 2694 902 2776 ἡ
949 2694 1013 2757 δὲ
1070 2692 1217 2757 κατὰ
1270 2691 1518 2770 ἔνδειαν,
1582 2693 1769 2762 οὕτως
1812 2692 1951 2756 οὐδὲ
2003 2692 2070 2754 τὸ
2128 2689 2417 2776 ἀκούΙσιον
2472 2695 2819 2776 πολλαχῶς,
2875 2692 3000 2754 ἐπεὶ
3045 2690 3111 2753 τὸ
3137 2707 3192 2751 25

602 2798 705 2877 μὲν
750 2796 931 2859 αὐτοῦ
965 2796 1082 2881 βίᾳ,
1128 2797 1193 2859 τὸ
1240 2796 1305 2859 δὲ
1350 2793 1419 2859 δι’
1464 2795 1715 2879 ἄγνοιαν.
1791 2796 1939 2879 μέρη
1983 2796 2094 2879 γὰρ
2138 2795 2176 2879 ἢ
2222 2794 2348 2879 εἴδη
2393 2800 2497 2859 τοῦ
2541 2795 2822 2860 ἀκουσίου
2868 2799 3066 2859 ταῦτα.
3114 2805 3217 2861 252

602 2900 653 2964 εἰ
697 2901 763 2963 δὲ
807 2901 889 2983 μὴ
936 2902 1253 2984 πολλαχῶς
1306 2900 1371 2962 τὸ
1427 2900 1730 2976 ἀκούσιον,
1786 2897 1912 2962 οὐδ’
1969 2896 2037 2962 ἂν
2083 2900 2116 2962 6
2161 2897 2338 2967 τόπος
2392 2896 2476 2962 ἔτι
2529 2897 2625 2962 διὰ
2667 2904 2836 2962 τοῦτο
2883 2900 3111 2984 διαβάλ-

607 3005 763 3065 λοιτο
809 3003 840 3065 6
886 3002 1061 3071 ἀξιῶν
1106 3000 1190 3064 ἐἰ
1241 3004 1308 3065 τὸ
1354 3002 1549 3087 ἕτερον
1602 3008 1718 3065 τῶν
1764 3003 2038 3066 ἐναντίων
2084 3006 2428 3087 πολλαχῶς,
2483 3003 2577 3066 καὶ
2623 3004 2688 3065 τὸ
2733 3002 2930 3087 ἕτερον
2975 3007 3109 3067 πολ·
3163 3021 3191 3063 5

498 3126 563 3173 25
605 3108 833 3191 λαχῶς·
894 3104 960 3169 οὐ
1001 3108 1317 3191 πολλαχῶς
1360 3107 1425 3169 δὲ
1467 3108 1533 3168 τὸ
1573 3106 1833 3170 ἑκούσιον
1879 3111 1980 3170 τοῦ
2021 3107 2298 3170 ἀκουσίου
2343 3110 2445 3169 τοῦ
2476 3106 2734 3169 ἐναντίου
2780 3105 2944 3191 αὐτῷ’
2977 3110 3111 3170 πολ-

606 3213 809 3294 λαχῶς
870 3207 1235 3292 λεγομένου’;
1295 3208 1433 3271 οὐδὲ
1483 3208 1591 3293 γὰρ
1645 3211 1684 3293 ἡ
1739 3210 1913 3273 κακία
1974 3213 2320 3295 πολλαχῶς,
2385 3209 2513 3272 ἐπεὶ
2575 3231 2613 3293 η
2675 3207 2778 3292 μέν
2839 3209 2990 3273 ἐστιν
3049 3211 3108 3273 ἐν

605 3312 901 3397 ὑπερβολῇ
948 3313 987 3395 ἡ
1034 3312 1099 3375 δὲ
1150 3312 1211 3375 ἐν
1258 3312 1465 3395 ἐνδείᾳ.
1554 3312 1715 3395 γένος
1758 3315 1869 3398 γάρ
1913 3338 1966 3377 τι
2006 3316 2044 3397 ἡ
2091 3314 2260 3378 κακία
2313 3313 2409 3376 ἐπὶ
2452 3310 2662 3376 εἴδεσιν
2715 3317 2788 3397 τῇ
2835 3336 2897 3375 τε
2943 3314 3109 3396 ὑπερ·
3139 3326 3193 3369 10

607 3417 758 3499 βολῇ
804 3415 901 3478 καὶ
931 3420 1005 3498 τῇ
1039 3414 1250 3499 ἐνδείᾳ,
1297 3416 1394 3477 καὶ
1434 3416 1633 3500 ὥσπερ
1679 3416 1850 3479 κακία
1896 3418 2000 3499 μὲν
2046 3416 2313 3501 ἑκατέρα,
2359 3418 2455 3481 καὶ
2500 3420 2538 3501 ἡ
2572 3416 2633 3480 ἐν
2665 3417 2962 3501 ὑπερβολῇ
3011 3416 3107 3479 καὶ

600 3520 639 3602 ἡ
685 3518 746 3581 ἐν
792 3518 981 3601 ἐνδείᾳ
1024 3517 1191 3601 (οὐδὲ
1236 3517 1345 3603 γὰρ
1388 3517 1511 3581 οἶόν
1556 3542 1617 3581 τε
1664 3519 1787 3601 ἅμα
1831 3521 1928 3583 τὸν
1955 3522 2149 3585 ,κακὸν
2196 3519 2322 3585 κατ’
2377 3519 2558 3606 ἄμφω
2604 3522 2780 3584 κακὸν
2827 3519 2990 3601 εἶναι,
3037 3518 3105 3582 οὐ

497 3640 565 3689 30
604 3620 796 3704 μέντοι
848 3621 944 3683 καὶ
988 3622 1027 3703 ἡ
1075 3622 1253 3705 ἀρετὴ
1310 3621 1424 3704 ἤδη
1479 3623 1653 3707 διπλῆ
1700 3624 1948 3708 ἑκατέρᾳ
2000 3628 2116 3687 τῶν
2161 3628 2376 3688 κακιῶν
2433 3624 2546 3688 ἰδία
2591 3648 2674 3693 τις
2718 3622 3108 3706 ἀντικειμένη·
3141 3638 3192 3681 15

602 3724 669 3788 οὐ
712 3724 824 3809 γὰρ
868 3722 1147 3808 αὔταρκες
1201 3725 1343 3808 πρὸς
1390 3725 1600 3809 ἀρετὴν
1653 3727 1720 3789 τὸ
1768 3728 1850 3811 μὴ
1899 3727 2044 3791 εἶναι
2099 3728 2160 3791 ἐν
2219 3729 2545 3813 ὑπερβολῇ,
2609 3728 2648 3811 ἢ
2695 3727 2864 3791 πάλιν
2910 3727 2977 3789 τὸ
3026 3726 3106 3811 μὴ

603 3826 748 3891 εἶναι
779 3828 839 3890 ἐν
872 3826 1082 3909 ἐνδείᾳ,
1128 3827 1277 3891 ἀλλὰ
1308 3829 1414 3905 δεῖ,
1459 3829 1513 3891 εἰ
1543 3828 1723 3913 ἀρετὴ
1754 3826 1964 3907 ἔσοιτο,
2011 3831 2072 3893 ἐν
2106 3830 2408 3915 μηδετέρῳ
2439 3830 2670 3894 ἐκείνων
2705 3828 2882 3913 εἶναι)
2924 3828 3110 3897 οὕτως

602 3932 699 3994 καὶ
742 3932 807 3994 τὸ
866 3931 1129 3995 ἑκούσιον
1185 3930 1245 3993 ἐν
1300 3936 1375 4015 τῇ
1423 3930 1701 4016 ἑκατέρου
1755 3937 1874 3997 τῶν
1929 3934 1988 3997 ἐν
2045 3934 2134 4003 οἷς
2182 3940 2268 4017 τῷ
2324 3934 2582 4019 ἀκουσίῳ
2639 3934 2706 3996 τὸ
2751 3932 2904 3996 εἶναί
2951 3932 3106 3996 ἐστιν

602 4033 897 4097 ἀντιθέσει
942 4034 1066 4116 ἅμα
1110 4035 1175 4097 τὸ
1220 4033 1365 4097 εἶναι
1410 4032 1556 4120 ἔχει.
1644 4038 1736 4099 δεῖ
1782 4036 1892 4122 γὰρ
1947 4039 2044 4100 τὸν
2091 4038 2374 4107 ἑκουσίως
2427 4062 2479 4101 τι
2522 4041 2796 4103 ποιοῦντα
2841 4038 2900 4101 ἐν
2946 4038 3109 4123 αὑτῷ
3138 4053 3194 4095 90

500 4256 533 4309 6
569 4258 662 4330 γὰρ
700 4259 843 4330 χάριν
880 4258 953 4311 13²
988 4260 1127 4311 coni.
1163 4260 1253 4325 Sp.
1485 4257 1515 4309 7
1556 4260 1738 4327 αρετάσ
1774 4262 1823 4311 V
2035 4254 2088 4311 ‘t’
2128 4258 2258 4331 ἔχειν
2298 4262 2433 4313 coni.
2471 4263 2560 4327 Sp.
2783 4261 2814 4313 9
2863 4261 2960 4331 ἄρα
2996 4260 3077 4328 (in
3113 4278 3214 4331 mg.

500 4344 603 4413 m¹)
642 4348 763 4397 VB:
820 4344 846 4398 6
883 4346 977 4415 γὰρ
1022 4342 1290 4417 ἅνθρωπος
1328 4347 1457 4399 GFS
1496 4344 1579 4412 (8⁹
1616 4346 1674 4397 in
1712 4361 1815 4414 mg.
1853 4346 1970 4418 ἄρα)
2009 4351 2189 4400 MNL:
2246 4346 2272 4399 6
2312 4345 2580 4419 ἅνθρωπος
2623 4348 2719 4419 ἄρα
2756 4366 2787 4399 a
2821 4352 2910 4416 Sp.

502 4432 564 4484 11
604 4431 991 4501 οὐ-γίνονται]
1033 4434 1293 4485 sententia
1329 4436 1421 4485 aut
1454 4448 1640 4485 manea
1677 4433 1871 4505 (ἀρεταὶ
1909 4435 2106 4506 (χωρὶς)
2143 4434 2308 4501 Diels)
2346 4444 2438 4487 aut
2473 4434 2694 4488 delenda
2868 4435 2946 4488 12.
2992 4437 3054 4488 13
3100 4436 3216 4488 ἐκά-

502 4534 620 4573 στου
657 4522 876 4593 ἀρετῶν]
924 4540 952 4572 υ
990 4522 1051 4592 ἀρ
1088 4524 1146 4574 in
1182 4520 1260 4573 lit.
1300 4525 1347 4572 V
1561 4520 1622 4573 21
1682 4520 1796 4573 οὐδὲ
1845 4523 1978 4574 coni.
2019 4525 2132 4589 Sp.:
2191 4522 2304 4575 οὔτε
2337 4522 2459 4575 libri
2672 4522 2738 4575 22
2791 4524 2850 4593 ἡ]
2885 4524 2918 4592 ἠ
2959 4527 3006 4576 V

501 4607 567 4660 24
618 4616 740 4677 post
778 4607 804 4661 ὁ
842 4609 1001 4661 litura
1037 4611 1086 4660 V
1298 4609 1364 4661 26
1412 4606 1527 4661 οὐδὲ
1565 4611 1680 4675 Sp.:
1737 4608 1854 4661 οὔτε
1889 4610 2012 4662 libri
2225 4610 2292 4663 27
2337 4608 2497 4679 γένος]
2535 4608 2666 4669 τινὸς
2701 4630 2734 4663 a
2946 4610 3012 4664 29
3057 4612 3109 4663 ἐν
3146 4614 3218 4665 Sa.

502 4698 615 4763 Sp.:
672 4696 752 4749 ἐπὶ
792 4700 883 4749 VB
1124 4695 1193 4750 30
1246 4697 1280 4767 ή
1332 4712 1431 4749 om.
1470 4715 1503 4749 a
1538 4700 1625 4764 Sp.
1867 4696 2019 4769 διπλῆ
2065 4716 2096 4751 a
2131 4701 2221 4766 Sp.
2451 4698 2663 4771 ἑκατέρα
2709 4716 2838 4752 corr.
2882 4701 2939 4751 in
2986 4699 3218 4771 ἑκατέραι

502 4799 548 4834 v.
576 4799 619 4835 c.
645 4788 693 4836 V
907 4782 971 4837 31
1010 4782 1043 4854 ἢ
1082 4784 1199 4837 add.
1238 4800 1285 4837 v.
1314 4800 1358 4837 c.
1384 4788 1433 4837 V
1648 4784 1715 4837 32
1753 4784 1850 4854 δεῖ]
1890 4785 1952 4855 δὴ
1979 4804 2010 4838 a
2223 4786 2291 4839 34
2327 4785 2404 4837 δεῖ
2435 4785 2542 4839 S²B
2583 4788 2662 4853 (in
2698 4786 2798 4855 lit.)
2836 4805 2892 4839 a:
2931 4786 3011 4839 διὰ
3036 4788 3146 4841 VS¹

510 4868 649 4941 αὐτῷ
686 4875 733 4923 V
