3684 5567
543 261 670 326 224
1423 257 1883 348 AAJzssANAPOT
1916 257 2371 316 ΛφΡοΔιΣιεοΣ

649 434 754 516 τὴν
799 436 940 520 πρὸς
982 439 1152 498 τοῦτο
1197 434 1462 518 εὐφυΐαν,
1505 439 1592 520 τῷ
1641 435 1925 518 μηδεμίαν
1970 435 2262 520 ἀντίβασιν
2308 432 2468 519 ἔχειν
2510 439 2599 520 τῷ
2632 438 2877 498 κινοῦντι
2918 431 2995 498 δι’
3048 432 3137 495 εὖ·

651 537 899 601 πάθειαν
943 538 1245 613 δύνασθαι,
1291 538 1404 601 ὑπὸ
1447 543 1554 622 τῆς
1595 537 1818 624 ἀθρόας
1862 540 2147 624 κινήσεως
2192 539 2359 624 ἰσχύν
2402 561 2529 602 τινα
2566 538 2867 623 λαμβάνει,
2912 535 3139 604 ἀπαθὲς

651 640 716 702 δὲ
761 639 826 703 ὃν
875 643 881 720 Ι
930 641 1078 704 κατὰ
1123 643 1228 724 τὴν
1273 641 1487 706 οἰκείαν
1531 641 1724 726 φύσιν.
1813 641 1984 725 ὑγρὸν
2038 639 2097 705 δ’
2151 641 2275 704 ἐστὶ
2316 643 2413 705 καὶ
2456 641 2827 726 εὐδιαίρετον,
2872 643 2955 710 ὡς
2996 641 3093 704 καὶ
3137 645 3249 702 605

649 747 768 806 τῶν
813 744 1029 819 ἄλλων,
1095 745 1156 808 ἐν
1202 746 1290 814 οἷς
1332 743 1402 809 ἄν
1445 739 1488 828 ἦ
1539 747 1710 808 τοῦτο
1755 743 2123 826 μεμιγμένον,
2188 743 2337 808 κατὰ
2400 749 2569 808 τοῦτο
2634 746 2887 826 μα’λιστά
2942 767 3005 806 τε
3049 745 3144 806 καὶ

581 863 613 913 5
651 846 897 930 ἀρεστὴν
941 847 1198 929 γίνεσθαι
1239 848 1346 930 τὴν
1389 847 1678 930 διαίρεσιν.
1753 846 1849 909 διὰ
1892 851 2061 910 τοῦτο
2104 852 2241 929 γοῦν
2284 850 2341 910 οἱ
2384 848 2488 930 μὲν
2532 847 2696 912 κενόν
2740 871 2795 912 τι
2838 846 2981 911 αὐτὸ
3026 844 3145 931 ᾠή-

652 950 841 1033 θησαν
887 949 1032 1014 εἶναι
1075 951 1170 1014 καὶ
1215 950 1385 1034 φύσιν
1429 950 1552 1014 τινὰ
1597 951 1814 1034 ἀναφῆ,
1860 951 1915 1013 οἱ
1960 951 2025 1014 δὲ
2068 951 2257 1014 πολλὰ
2300 949 2461 1036 ἔχειν
2504 953 2566 1015 ἐν
2607 951 2773 1037 αὐτῷ
2811 953 2969 1014 κενά.
3043 950 3140 1012 καὶ

649 1054 761 1136 γὰρ
803 1053 856 1116 εἰ
897 1057 1000 1116 τοῦ
1047 1055 1128 1138 μὴ
1174 1053 1513 1127 διαπίπτειν,
1558 1053 1708 1116 ἀλλὰ
1753 1053 2067 1136 συμμένειν
2122 1053 2197 1115 τὰ
2242 1057 2503 1136 σώματα,
2566 1053 2747 1117 αἴτιον
2792 1055 2857 1117 τὸ
2901 1051 3145 1137 συνέχον

653 1154 802 1218 αὐτὰ
869 1160 1116 1239 πνεῦμα,
1183 1157 1255 1220 τὰ
1299 1157 1672 1219 διαπίπτοντα
1735 1161 1853 1218 τῶν
1920 1157 2210 1240 σωμάτων
2276 1159 2453 1241 δῆλον
2506 1161 2589 1226 ὡς
2642 1156 2752 1220 οὐκ
2794 1155 2863 1220 ἂν
2908 1154 3038 1241 ἔχοι
3080 1156 3147 1217 τὸ

655 1263 884 1342 πνεῦμα
912 1261 980 1324 τὸ
1012 1259 1266 1324 συνδέον.
1335 1265 1462 1328 πῶς
1493 1256 1541 1322 δ’
1586 1257 1654 1322 ἄν
1684 1261 1788 1342 τὴν
1821 1260 2013 1344 ἀρχὴν
2042 1261 2083 1342 ἠ
2114 1261 2383 1344 διαίρεσις
2415 1263 2659 1332 σώζοιτο
2688 1265 2805 1324 τῶν
2836 1259 3145 1343 σωμάτων,

555 1380 616 1428 ιο
651 1361 714 1425 εἴ
745 1385 812 1444 γε
854 1364 894 1445 ἡ
937 1363 1040 1445 μὲν
1085 1363 1361 1446 διαίρεσις
1404 1360 1704 1447 χωρισμός
1732 1361 1854 1424 ἐστι
1894 1367 2012 1426 τῶν
2059 1362 2395 1446 ἡνωμένων,
2441 1363 2599 1445 μένει
2642 1364 2708 1426 δὲ
2750 1361 2877 1426 κατ’
2916 1361 3145 1440 αὐτούς,
3174 1374 3230 1417 10

653 1467 884 1528 πάντων
905 1465 1223 1550 ἡνωμένων
1249 1466 1467 1548 ὁμοίως
1488 1465 1784 1549 ἀλλήλοις,
1802 1466 2009 1542 πάντα,
2032 1465 2138 1529 κᾶν
2170 1465 2461 1550 διαιρεθῇς
2494 1471 2621 1534 πῶς
2650 1465 2702 1528 δ’
2736 1464 2843 1528 οὐκ
2863 1463 2933 1528 ἄν
2964 1467 3149 1528 πάντα

655 1568 910 1650 φαίνοιτο
956 1569 1029 1631 τὰ
1072 1568 1467 1651 παρακείμενα
1509 1567 1784 1650 ἀλλήλοις
1850 1568 1947 1631 καὶ
2000 1568 2214 1652 ῥαδίως
2258 1569 2528 1654 ἀλλήλων
2586 1569 2947 1655 χωρίζεσθαι
2988 1568 3150 1630 δυνά-

655 1694 798 1754 μενα
821 1671 920 1734 ὑπ’
953 1671 1132 1734 αὐτοῦ
1160 1673 1256 1735 καὶ
1273 1671 1504 1752 ,ὁμοίως
1527 1671 1799 1753 ἀλλήλοις
1820 1671 2089 1754 ἡνῶσθαι
2117 1670 2322 1754 λέγειν,
2354 1675 2472 1741 τοῖς
2500 1671 2773 1758 συνεχέσι
2803 1695 2865 1734 τε
2894 1667 3022 1734 οὖσι
3049 1671 3145 1734 καὶ

657 1776 842 1858 χωρὶς
885 1774 1224 1858 διαιρέσεως
1269 1776 1349 1859 μὴ
1391 1775 1725 1858 δυναμένοις
1767 1776 1920 1843 τινὸς
1962 1774 2235 1860 ἀλλήλων
2266 1775 2641 1860 χωρισθῆναί
2678 1797 2847 1855 ποτε;
2895 1775 3037 1858 πρὸς
3079 1773 3145 1835 δὲ

555 1895 615 1944 15
655 1878 900 1954 τούτοις,
967 1878 1020 1940 εἰ
1063 1879 1129 1941 τὸ
1175 1881 1401 1959 πνεῦμα
1442 1878 1677 1961 γεγονὸς
1720 1877 1788 1940 ἐκ
1831 1876 2016 1960 πυρός
2058 1900 2122 1940 τε
2164 1879 2263 1940 καὶ
2328 1878 2499 1962 ἀέρος
2541 1877 2637 1941 διὰ
2678 1879 2908 1940 πάντων
2954 1876 3149 1960 πεφοί-
3176 1891 3229 1932 15

651 2004 794 2065 τηκε
859 1985 978 2044 τῶν
1044 1983 1336 2064 σωμάτων
1402 1981 1542 2066 <τῷ>
1585 1985 1757 2044 πᾶσιν
1802 1979 2000 2048 αὐτοῖς
2044 1981 2363 2064 κεκρᾶσθαι
2428 1983 2524 2045 καὶ
2568 1982 2799 2065 ἑκάστῳ
2844 1979 3037 2043 αὐτῶν
3081 1980 3147 2042 ἐκ

655 2085 862 2147 τούτου
908 2085 1199 2168 ἠρτῆσθαι
1241 2085 1306 2148 τὸ
1351 2084 1515 2160 εἶναι,
1585 2087 1713 2152 πῶς
1758 2081 1826 2146 ἄν
1872 2081 1956 2147 ἔτι
2000 2084 2222 2148 ἁπλοῦν
2267 2108 2319 2147 τι
2363 2083 2457 2166 εἴη
2502 2089 2713 2168 σῶμα;
2778 2088 2905 2152 πῶς
2949 2081 3003 2147 δ’
3056 2081 3145 2156 ἄν,

654 2187 708 2248 εἰ
751 2187 988 2272 ὕστερον
1033 2189 1099 2250 τὸ
1142 2186 1212 2251 ἔκ
1253 2211 1423 2250 τινων
1467 2189 1840 2269 συγκείμενον
1885 2191 2002 2250 τῶν
2048 2188 2271 2264 ἁπλῶν,
2314 2188 2382 2250 τὸ
2424 2191 2538 2272 πῦρ
2583 2186 2653 2250 ἂν
2683 2189 2779 2251 καὶ
2824 2189 2859 2250 ὁ
2888 2187 3003 2270 ἀὴρ
3034 2184 3148 2267 εἴη,

654 2289 714 2359 ἐξ
758 2290 841 2352 ὧν
887 2290 1252 2374 μιγνυμένων
1297 2291 1362 2353 τὸ
1407 2295 1634 2373 πνεῦμα
1677 2291 1911 2372 γίνεται,
1958 2289 2027 2352 οὔ
2071 2291 2253 2375 χωρὶς
2318 2290 2598 2354 ἀδύνατον
2660 2289 2817 2355 εἶναί
2850 2313 2902 2353 τι
2948 2292 3146 2372 σώμα;
3174 2303 3231 2345 2⁰

549 2411 617 2458 20
654 2392 707 2454 εἰ
751 2393 861 2477 γὰρ
906 2392 968 2462 ἐξ
1010 2393 1247 2456 ἐκείνων
1294 2394 1398 2477 μὲν
1447 2395 1486 2477 ἡ
1532 2392 1754 2475 γένεσις
1796 2399 1882 2478 τῷ
1930 2393 2229 2475 πνεύματι,
2297 2393 2685 2472 ἀδύνατονδὲ
2728 2393 2962 2457 ἐκείνων
3007 2391 3158 2455 εἶναι’

655 2521 708 2559 τι
749 2498 934 2581 χωρὶς
977 2497 1320 2578 πνεύματος,
1366 2494 1489 2559 οὔτ’
1547 2495 1614 2559 ἂν
1660 2496 1894 2560 ἐκείνων
1938 2519 1991 2558 τι
2034 2495 2129 2581 εἴη
2174 2498 2286 2580 πρὸ
2329 2501 2435 2580 τῆς
2475 2500 2579 2559 τοῦ
2634 2497 2957 2578 πνεΰματος
2999 2493 3147 2577 γενέ·

661 2620 832 2678 σεως,
877 2597 1000 2662 οὔτ’
1060 2596 1128 2661 ἄν
1171 2601 1237 2663 τὸ
1281 2603 1510 2680 πνεῦμα
1551 2600 1782 2682 γίνοιτο,
1827 2597 1935 2663 οὐκ
1980 2598 2181 2680 ὄντων,
2226 2599 2287 2668 ἐξ
2329 2599 2412 2662 ὧν
2456 2601 2497 2683 ἡ
2528 2599 2745 2682 γένεσις
2774 2599 2957 2683 αὐτῷ.
3026 2603 3149 2666 πῶς

654 2701 707 2765 δ’
761 2703 830 2766 ἄν
877 2726 958 2773 τις
1003 2703 1063 2765 ἐν
1109 2707 1194 2788 τῷ
1246 2707 1458 2788 ψυχρῷ
1505 2702 1760 2788 ἐνεργείᾳ
1804 2727 1857 2765 τι
1903 2702 2119 2787 θερμὸν
2166 2700 2310 2764 εἶναί
2352 2701 2535 2784 λέγοις
2603 2703 2686 2770 τίς
2738 2701 2803 2766 δὲ
2849 2703 2943 2765 καὶ
2987 2703 3027 2785 ἡ
3072 2701 3155 2769 εἰς
3178 2717 3235 2759 ²5

654 2805 719 2867 τὸ
765 2804 1016 2867 ἐναντίον
1063 2805 1188 2887 ἅμα
1231 2807 1451 2889 κίνησις
1493 2806 1692 2880 αὐτοῦ,
1737 2803 1873 2868 καθ’
1932 2805 2003 2888 ἢν
2047 2805 2277 2888 συνέχει
2323 2805 2395 2867 τὰ
2448 2803 2509 2867 ἐν
2552 2805 2640 2875 οἷς
2694 2803 2763 2868 ἄν
2805 2801 2874 2892 ᾖ,
2939 2804 3003 2868 ὃν
3070 2805 3153 2873 ὥς

549 2928 614 2976 25
653 2929 814 2992 φασι,
861 2911 1090 2990 πνεῦμα
1135 2908 1468 2990 κινούμενον
1523 2907 1646 2991 ἅμα
1693 2907 1753 2976 ἐξ
1795 2907 1975 2970 αὐτοῦ
2020 2931 2083 2970 τε
2127 2908 2223 2970 καὶ
2268 2908 2351 2976 εἰς
2394 2906 2562 2990 αὐτ6;
2610 2909 2706 2971 καὶ
2748 2909 2895 2972 κατὰ
2920 2908 2977 2971 τί
3002 2906 3153 2976 εἶδος

650 3013 937 3094 κινήσεως
980 3011 1223 3093 γίνεται;
1269 3009 1395 3074 κατ’
1448 3011 1616 3073 οὐδὲν
1659 3011 1767 3093 γὰρ
1811 3009 1933 3073 οἷόν
1978 3008 2029 3073 τ’
2084 3009 2205 3073 ἐστὶ
2250 3011 2461 3094 νοῆσαί
2498 3034 2551 3074 τι
2595 3011 2719 3096 ἅμα
2762 3012 2845 3080 εἰς
2888 3011 2955 3074 τὰ
3000 3011 3153 3073 ἐναν·

547 3125 628 3178 XI
652 3115 743 3178 τία
787 3114 1119 3196 κινούμενον
1167 3113 1304 3177 καθ’
1359 3113 1520 3177 αὑτό.
1582 3112 1769 3176 Ἀλλὰ
1810 3113 1921 3197 γὰρ
1966 3111 2239 3189 ἐοίκασιν,
2288 3117 2368 3181 ὣς
2411 3113 2595 3193 εἷπον,
2664 3117 2719 3177 οἱ
2764 3115 2919 3178 οὕτω
2962 3115 3151 3197 λέγον·
3178 3128 3235 3170 8⁰

652 3241 746 3287 τες
785 3223 874 3302 τῷ
921 3219 1003 3300 μὴ
1061 3217 1378 3301 δυνηθῆναι
1433 3218 1722 3298 διαλαβεῖν
1780 3221 1869 3301 τῷ
1916 3217 2072 3300 λόγῳ
2116 3219 2223 3300 τῆς
2268 3215 2409 3299 ὕλης
2452 3219 2518 3280 τὸ
2578 3215 2751 3295 εἶδος,
2808 3218 2957 3282 καθὸ
3003 3217 3153 3284 εἶδος

659 3321 902 3386 ἕκαστόν
949 3320 1006 3383 ’τ’
1063 3321 1183 3385 ἐστὶ
1229 3324 1346 3384 τῶν
1393 3318 1574 3383 ὄντων
1643 3319 1679 3381 ὅ
1724 3320 1865 3391 ἐστι,
1922 3321 2017 3383 καὶ
2062 3320 2205 3404 πρὸς
2250 3317 2433 3384 τᾶλλα
2488 3317 2768 3405 διαφορᾶν
2813 3319 2961 3406 ἔχει,
3006 3320 3153 3383 κατὰ

553 3448 621 3496 30
655 3429 759 3510 τὴν
829 3427 970 3508 ὅλην
1016 3425 1182 3487 οὐδὲν
1229 3427 1500 3509 ἀλλήλων
1551 3425 1557 3508 Ι
1605 3424 1969 3508 διαφέροντα,
2040 3423 2191 3488 καθὸ
2236 3423 2390 3493 εἶδος
2432 3423 2578 3509 ἔχει,
2648 3426 2745 3488 καὶ
2791 3429 2875 3508 τῷ
2924 3427 3099 3495 σώζε-
3146 3429 3256 3486 606

657 3530 797 3594 σθαί
841 3552 903 3592 τε
947 3529 1045 3590 καὶ
1091 3529 1280 3610 μένειν
1323 3533 1522 3606 ταῦτα,
1567 3529 1612 3591 ἅ
1651 3527 1792 3602 ἐστι,
1862 3528 2141 3610 πνεύματι
2186 3530 2268 3596 ὡς
2312 3528 2408 3591 διὰ
2452 3529 2682 3591 πάντων
2726 3529 2977 3612 διήκοντι
3021 3528 3153 3589 ἀνά·

659 3655 814 3696 πτειν
864 3632 926 3695 τό
973 3654 1035 3693 τε
1079 3629 1226 3694 εἶναι
1269 3632 1514 3694 ἑκάστου
1581 3631 1680 3694 καὶ
1722 3632 1788 3694 τὸ
1837 3630 2137 3702 σώζεσθαί
2178 3653 2241 3694 τε
2284 3632 2381 3694 καὶ
2434 3630 2763 3714 συμμένειν.
2838 3631 3153 3695 αἰτιάσαιτο

653 3736 705 3799 δ’
761 3734 830 3799 ἄν
875 3757 957 3804 τις
1003 3733 1260 3818 εὐλόγως
1303 3735 1494 3798 αὐτῶν
1540 3734 1792 3798 ἐνταῦθα
1837 3737 1938 3797 τοῦ
1983 3733 2157 3817 λόγου
2200 3734 2506 3818 γενόμενος
2552 3735 2649 3797 καὶ
2705 3735 2769 3797 τὸ
2824 3734 2929 3797 δύο
2960 3734 3149 3819 ἀρχὰς

662 3844 778 3902 τῶν
823 3839 1051 3901 πάντων
1097 3837 1364 3920 λέγοντας
1407 3837 1553 3902 εἶναι
1599 3839 1740 3923 ὕλην
1786 3861 1849 3901 τε
1892 3839 1989 3901 καὶ
2034 3837 2195 3914 θεόν,
2243 3838 2325 3900 ὧν
2368 3837 2467 3901 τὸν
2514 3838 2619 3919 μὲν
2680 3841 2953 3900 ποιοῦντα
3002 3837 3145 3902 εἶναι
3197 3853 3226 3894 5

554 4070 577 4121 l
625 4067 708 4120 δι’
753 4069 964 4136 scripsi:
1020 4065 1070 4120 δ’
1120 4069 1240 4122 libri
1454 4067 1486 4120 2
1525 4065 1715 4126 ἀπαθὲς
1763 4067 1838 4136 δὲ]
1896 4066 2114 4125 εὐπαθὲς
2145 4067 2401 4121 Schwartz
2578 4067 2612 4120 3
2647 4065 2699 4120 δ’
2738 4083 2838 4121 om.
2874 4069 3051 4122 BCPS

549 4157 582 4208 4
620 4154 862 4225 μάλλιστα
883 4159 981 4209 AB
1140 4155 1172 4208 5
1209 4155 1446 4225 ἀρεστὴν]
1487 4155 1689 4226 ἀρίστην
1726 4156 1869 4209 Diels
2034 4156 2127 4225 τὴν
2164 4171 2204 4206 s.
2232 4172 2280 4206 v.
2308 4159 2357 4207 A
2524 4155 2557 4207 8
2602 4155 2767 4227 ἔχοιτο
2814 4159 2894 4209 Ra
3040 4157 3095 4207 11
3138 4156 3257 4208 πάν-

548 4262 652 4296 των
689 4245 900 4312 scripsi:
940 4249 1044 4296 τῶν
1073 4244 1190 4296 libri
1339 4244 1417 4294 ll.
1451 4241 1512 4294 12
1551 4245 1712 4296 πάντα
1737 4243 1989 4314 φαίνοιτο]
2027 4244 2243 4296 fortasse
2279 4243 2667 4314 ἀπεμφαίνοι
2704 4243 2771 4296 τὸ
2920 4243 2982 4295 12
3026 4242 3258 4313 ἀλλήλων

548 4347 648 4384 om.
684 4335 786 4384 Ra:
843 4330 1077 4401 ἀλλήλοις
1113 4333 1198 4384 BS
1369 4330 1431 4384 13
1468 4329 1627 4402 λέγειν
1663 4333 1760 4384 del.
1798 4332 1964 4386 Ideler
2130 4333 2193 4385 14
2232 4331 2465 4404 ἀλλήλοις
2502 4331 2663 4385 Idoler
2836 4331 2896 4384 16
2950 4333 3071 4401 (τῷ)
3114 4335 3257 4383 πᾶσιν

546 4419 711 4473 Ideler
927 4419 990 4472 21
1049 4424 1139 4472 τοῦ
1185 4435 1284 4472 om.
1339 4421 1419 4472 Ra
1665 4419 1731 4472 22
1789 4419 1849 4472 ἂν
1894 4418 1978 4487 τὸ]
2024 4418 2149 4472 αὐτὸ
2194 4438 2227 4472 ε
2438 4417 2505 4470 23
2550 4419 2584 4489 ἠ
2630 4433 2732 4471 om.
2768 4421 2849 4472 Ra
3056 4417 3123 4472 24
3176 4417 3255 4487 τὸ]

546 4506 635 4559 τὸν
671 4525 704 4560 a
860 4506 1015 4560 αὐτοῦ
1044 4507 1223 4575 Apelt:
1261 4506 1456 4576 αὒτοῖςς
1503 4505 1561 4559 οὐ
1597 4508 1719 4561 libri
1888 4508 2081 4577 συνέχει
2118 4507 2305 4560 Ideler:
2342 4505 2563 4579 συνέχειν
2599 4506 2719 4560 libri
2870 4503 2904 4578 ἦ
2942 4509 3177 4560 CPRSa:
3222 4505 3255 4575 ἡ

551 4597 643 4647 AB
787 4593 842 4646 ὂν
878 4595 1057 4662 Apelt:
1096 4595 1170 4646 ὧν
1206 4594 1326 4648 libri
1469 4594 1536 4647 25
1574 4596 1858 4664 πνευματος
1894 4594 2058 4647 Idoler
2196 4593 2492 4662 κινούμενον
2520 4595 2697 4662 Apelt:
2736 4595 3033 4664 κινουμένου
3066 4595 3185 4647 libri

548 4684 596 4734 τί
631 4682 812 4752 Apelt:
850 4701 898 4734 τι
932 4683 1054 4735 libri
1265 4682 1332 4734 26
1389 4681 1596 4752 γίνεται]
1643 4681 1836 4753 λέγεται
1883 4683 2069 4735 Ideler:
2126 4681 2345 4734 fortasse
2390 4689 2662 4735 κινεῖται
2888 4681 2957 4737 28
3010 4681 3253 4735 διαλαλεῖν

549 4771 628 4822 Ra
768 4769 836 4822 29
871 4768 1000 4840 ἔχει]
1037 4769 1170 4842 ἔχειν
1194 4769 1358 4823 ldeler
1500 4768 1567 4821 32
1603 4771 1692 4824 alt.
1717 4789 1770 4824 τε
1807 4785 1907 4823 om.
1936 4789 1969 4822 a
2107 4767 2406 4837 αἰτιάσαιτο]
2443 4770 2657 4824 αἰτιᾶσαι
2682 4790 2741 4823 a:
2786 4771 2999 4823 αἰτιάσαι
3024 4768 3186 4822 Ideler
3268 4791 3281 4798 ·

547 4857 615 4910 33
662 4857 879 4926 εὐλόγως
915 4872 1014 4909 om.
1053 4857 1218 4910 Ideler
1394 4853 1634 4926 ἐνταῦθα]
1685 4855 1860 4911 ἐνθάδε
1906 4860 1986 4911 Ra
2152 4855 2218 4908 34
2272 4861 2506 4910 ποιοῦντα
2559 4861 2767 4929 scripsi:
2818 4861 2991 4910 ποιοῦν
3031 4857 3151 4911 libri
