3684 5567
559 277 639 340 76
1530 270 1837 329 ΑΙΙΟΡΙΩΝ
1878 270 1997 327 ΚΑΙ
2039 270 2307 327 ΛΥΣΕΩΝ

662 448 854 517 εἴδους
897 453 999 513 τοῦ
1046 450 1105 519 ἐν
1150 449 1324 533 αὐτῇ,
1378 449 1573 532 λαβὼν
1618 450 1690 513 τὰ
1734 448 1954 534 φυσικὰ
2009 450 2256 531 σώματα
2310 446 2509 516 οὐσίας
2549 445 2696 510 εἶναι
2746 446 3001 529 (ἐνεργεῖ
3039 444 3167 525 γάρ.
3199 458 3252 501 15

662 554 727 615 τὸ
783 552 1009 637 ἐνεργὲς
1063 554 1128 616 δὲ
1178 551 1429 636 <οὐσία>>
1479 553 1575 615 καὶ
1633 552 1719 615 ὅτι
1764 552 2040 621 σύνθετος
2095 550 2284 628 οὐσία,
2336 552 2542 613 διελὼν
2586 551 2651 612 τὸ
2695 550 2940 633 φυσικὸν
2988 550 3162 629 σῶμα

660 660 747 739 τῷ
792 658 948 740 ζωὴν
979 653 1159 740 ἔχειν,
1206 653 1409 740 ἔλαβεν
1443 656 1509 717 τὸ
1540 655 1685 718 εἶναι
1716 658 1780 718 τὸ
1812 656 2055 739 φυσικὸν
2089 660 2264 735 σῶμα
2307 656 2371 717 τὸ
2419 654 2575 735 ζωὴν
2621 650 2760 737 ἔχον
2805 651 3002 715 οὐσίαν
3048 650 3170 713 σύν·

668 760 857 835 θετον,
904 758 1018 844 οὐχ
1059 758 1147 821 ὅτι
1183 759 1263 841 μὴ
1312 759 1407 821 καὶ
1450 758 1515 821 τὸ
1558 759 1797 842 φυσικὸν
1845 764 2018 839 σῶμα
2065 755 2200 819 καθ’
2241 756 2385 819 αὐτὸ
2431 754 2598 819 οὐσία
2645 754 2919 824 σύνθετός
2959 777 3025 817 τε
3067 754 3164 816 καὶ
3189 767 3247 809 8⁰

588 880 621 929 5
658 861 1121 945 συναμφότερος,
1178 859 1298 923 ἀλλ’
1354 860 1441 924 ὅτι
1484 861 1631 944 αὐτὴ
1678 858 1793 945 ἤδη
1838 862 1934 923 καὶ
1979 860 2046 923 ἐκ
2090 861 2260 923 τίνων
2307 860 2599 943 σύγκειται
2643 860 2867 943 φανερά
2914 857 3010 940 (ἐκ
3054 855 3167 939 γὰρ

660 968 928 1048 σώματος
972 969 1217 1049 φυσικοῦ
1261 966 1357 1028 καὶ
1414 969 1571 1048 ζωῆς
1615 966 1741 1049 ἥτις
1786 964 1939 1027 ἐστὶν
1993 966 2032 1048 ἡ
2079 965 2301 1049 ψυχή),
2357 964 2552 1047 λαβὼν
2600 964 2665 1026 δὲ
2707 964 2774 1025 τὸ
2821 962 2978 1043 ζωὴν
3024 958 3163 1045 ἔχον

662 1072 837 1151 σῶμα
885 1067 1321 1151 συναμφότερον
1366 1066 1563 1131 οὐσίαν
1608 1066 1753 1129 εἶναι
1804 1066 1867 1136 ἐξ
1914 1068 2054 1151 ὕλης
2103 1090 2167 1129 τε
2211 1069 2306 1131 καὶ
2353 1066 2570 1139 εἴδους,
2625 1066 2721 1129 καὶ
2765 1064 2952 1133 δείξας
2994 1062 3084 1125 ὅτι
3126 1064 3248 1144 ἣῦὸ

662 1172 823 1254 ψυχὴ
871 1168 1006 1235 οὔτε
1054 1178 1227 1255 σῶμα
1273 1170 1402 1233 οὔθ’
1446 1169 1824 1253 ὑποκείμενον
1872 1170 1933 1233 ἐν
1977 1176 2063 1255 τῷ
2107 1170 2273 1255 ζῴῳ,
2317 1167 2526 1240 ἔδειξεν
2571 1168 2660 1231 ὅτι
2704 1170 2743 1250 ἡ
2789 1168 2936 1231 κατὰ
2981 1168 3046 1229 τὸ
3091 1164 3164 1229 εἷ-

658 1276 755 1342 δος
810 1273 977 1338 οὐσία
1029 1276 1151 1339 ἐστὶ
1207 1276 1390 1359 ψυχή.
1490 1276 1584 1337 δεῖ
1629 1274 1739 1358 γὰρ
1794 1274 1977 1357 αὐτὴν
2033 1276 2070 1359 ἢ
2127 1278 2210 1345 ὡς
2265 1274 2418 1344 εἶδος
2477 1274 2515 1357 ἣ
2573 1276 2654 1342 ὥς
2710 1272 2853 1356 ὕλην
2907 1269 3054 1333 εἶναι
3107 1269 3167 1332 ἐν

557 1396 620 1443 10
657 1376 837 1461 αὐτῷ.
891 1376 897 1462 Ι

654 1618 847 1683 XXV.
936 1618 1192 1705 Ἀλλης
1244 1620 1493 1691 λέξεως
1546 1620 1624 1682 ἐκ
1678 1622 1799 1682 τοῦ
1854 1618 2193 1703 δευτέρου
2257 1620 2391 1679 τῶν
2449 1614 2618 1702 Περὶ
2671 1622 2900 1702 ψυχῆς
2946 1612 3126 1699 Ἀρι·
3171 1620 3274 1679 144

1519 1724 1904 1791 στοτέλους
1949 1722 2294 1806 ἐξήγησις.

792 1895 944 1962 “Ob
986 1896 1113 1981 γὰρ
1143 1898 1463 1960 τοιούτου
1511 1898 1830 1976 σώματος
1873 1894 1950 1957 τὸ
1995 1894 2062 1956 τί
2087 1891 2168 1976 ἧν
2200 1892 2382 1956 εἶναι
2428 1894 2612 1956 καὶὸ
2642 1891 2843 1973 λόγος
2873 1894 2912 1976 ὴ
2944 1893 3164 1976 ψυχή,

653 1997 827 2062 ἀλλὰ
895 2005 1202 2084 φυσικοῦ
1269 2004 1386 2063 τοῦ
1454 1996 1745 2084 ἔχοντος
1812 1998 2039 2083 ἀρχὴν
2107 2000 2460 2081 κινήσεως
2527 1997 2643 2060 καὶ
2709 1998 3028 2065 στάσεως
3097 1996 3165 2058 ἐν
3219 2010 3250 2053 ὅ

552 2121 611 2169 15
650 2101 903 2187 αὑτῷ.”

826 2206 979 2292 Πρὸς
1022 2208 1079 2270 τί
1126 2211 1246 2269 τοῦ
1291 2203 1593 2290 ἔχοντος
1637 2205 1868 2289 ἀρχὴν
1915 2205 2277 2287 κινήσεως
2320 2206 2434 2267 καὶ
2479 2204 2790 2270 στάσεως
2833 2202 2902 2265 ἐν
2947 2202 3164 2285 αὑτῷ;

652 2308 771 2372 ἀλλ’
828 2310 879 2373 εἰ
922 2314 1147 2373 τοιοῦτο
1192 2310 1257 2371 τὸ
1306 2308 1579 2393 φυσικόν,
1637 2314 1763 2377 πῶς
1808 2305 1892 2369 ἔτι
1935 2309 2179 2391 φυσικὸν
2234 2308 2300 2369 τὸ
2345 2306 2506 2369 θεῖον
2560 2305 2668 2369 οὐκ
2711 2304 2851 2391 ἔχον
2896 2306 3158 2371 στάσεως

652 2413 843 2497 ἀρχὴν
898 2414 958 2476 ἐν
1006 2414 1201 2497 αὑτῷ;
1268 2412 1305 2495 ἣ
1364 2410 1489 2497 ἔχει
1538 2435 1663 2481 πως
1718 2412 1982 2479 στάσεως
2025 2410 2245 2495 ἀρχήν,
2300 2408 2362 2472 εἴ
2406 2432 2474 2490 γε
2525 2409 2675 2473 κατὰ
2731 2410 2834 2491 μὲν
2887 2408 2960 2469 τὰ
3006 2406 3154 2491 μέρη
3185 2422 3240 2464 ιο

652 2522 906 2591 κινεῖται,
953 2518 1019 2579 τὸ
1064 2513 1117 2579 δ’
1177 2514 1309 2577 ὅλον
1356 2518 1436 2583 ὡς
1482 2514 1615 2577 ὅλον
1662 2514 1935 2598 ἕστηκεν·
2005 2514 2066 2577 ἐν
2111 2518 2198 2597 τῷ
2247 2511 2413 2597 αὐτῷ
2459 2516 2567 2597 γάρ
2614 2512 2764 2576 ἐστιν
2811 2511 2920 2575 ἀεί.
3009 2510 3047 2593 ἢ
3095 2509 3162 2572 οὐ

548 2640 613 2685 2ο
651 2622 779 2703 περὶ
826 2620 1039 2687 παντὸς
1083 2617 1240 2681 εἶπεν
1286 2622 1389 2680 τοῦ
1433 2622 1677 2702 φυσικοῦ
1726 2621 2028 2701 σώματος,
2086 2616 2238 2679 ἀλλὰ
2281 2620 2382 2679 τοῦ
2427 2615 2489 2677 ἐν
2537 2612 2587 2699 ᾧ
2632 2618 2671 2698 ἡ
2717 2615 2881 2700 ψυχὴ
2925 2614 3154 2695 γίνεται.

651 2724 841 2805 ἢτοῦ
874 2720 1170 2807 ἔχοντος
1212 2722 1438 2805 ἀρχὴν
1470 2722 1813 2804 κινήσεως
1861 2722 1972 2783 καὶ
2005 2720 2314 2787 στάσεως
2345 2718 2405 2780 ἐν
2435 2717 2624 2801 αύτῷ
2655 2715 2723 2779 οὐ
2757 2717 2886 2800 περὶ
2915 2720 3160 2801 φυσικοῦ
3190 2731 3244 2774 15

648 2829 921 2909 σώματος
964 2824 1144 2906 λέγει,
1202 2824 1351 2886 ἀλλὰ
1397 2825 1525 2907 περὶ
1572 2824 1771 2909 ψυχὴν
1816 2822 2070 2908 ἔχοντος.
2167 2824 2205 2905 ἡ
2251 2822 2359 2906 γὰρ
2415 2822 2576 2905 ψυχὴ
2623 2820 2684 2882 ἐν
2731 2819 2950 2890 τούτοις
2994 2821 3152 2905 ἀρχὴ

648 2932 932 3013 κινήσεώς
981 2950 1043 2991 τε
1090 2927 1183 2989 καὶ
1230 2928 1509 2995 στάσεως.

646 3168 873 3235 XXVI.
952 3168 1168 3252 Ἄλλη
1216 3171 1293 3233 ἐκ
1336 3173 1453 3233 τοῦ
1501 3168 1716 3232 αὐτοῦ
1760 3168 1958 3238 λέξις.

543 3362 607 3411 25
808 3341 951 3407 “Tb
998 3344 1071 3405 δὲ
1116 3342 1393 3427 σπέρμα
1438 3342 1553 3405 καὶ
1601 3342 1632 3403 ὁ
1678 3340 1949 3423 καρπὸς
1991 3341 2065 3403 τὸ
2113 3342 2406 3423 δυνάμει
2447 3339 2726 3402 τοιόνδε
2771 3335 3034 3421 σῶμα.”
3181 3354 3240 3396 2⁰

818 3445 1069 3511 Μοίλιστ’
1127 3446 1194 3509 ἂν
1242 3446 1555 3509 δεικνύοιτο
1610 3447 1647 3528 ἡ
1704 3445 1866 3529 ψυχὴ
1925 3444 2008 3527 μὴ
2055 3442 2202 3508 οὖσα
2255 3444 2317 3506 ἐν
2375 3442 2738 3526 ὑποκειμένῳ
2797 3442 2891 3505 διὰ
2943 3443 3157 3525 ταύτης

650 3556 753 3632 τῆς
798 3550 1029 3619 λέξεως.
1120 3550 1172 3613 εἰ
1217 3551 1323 3633 γὰρ
1368 3550 1433 3612 τὸ
1480 3548 1778 3633 ὀργανικὸν
1824 3554 2018 3631 σῶμα,
2064 3548 2124 3610 ἐν
2171 3541 2221 3634 ᾧ
2271 3547 2424 3611 ἐστιν
2469 3549 2507 3630 ἡ
2554 3546 2739 3631 ψυχή,
2785 3546 2943 3630 παρὰ
2987 3550 3091 3630 τῆς
3142 3544 3149 3629 Ι

645 3658 846 3738 ψυχῆς
890 3650 1018 3739 ἔχει
1061 3654 1125 3716 τὸ
1173 3653 1471 3735 ὀργανικὸν
1517 3650 1662 3714 εἶναι
1720 3652 1817 3714 καὶ
1863 3648 1997 3713 οὔτε
2051 3652 2162 3735 πρὸ
2211 3656 2311 3713 τοῦ
2357 3648 2516 3734 ἔχειν
2561 3651 2664 3733 τὴν
2710 3650 2906 3734 ψυχὴν
2953 3649 3116 3733 ὄργα·
3161 3655 3260 3714 145

645 3757 798 3819 νικὸν
845 3754 937 3839 ἧν,
984 3754 1116 3818 οὔτε
1164 3754 1539 3837 ἀπελθούσης
1582 3759 1687 3836 τῆς
1730 3760 1926 3839 ψυχῆς
1971 3754 2127 3817 ἐστιν
2175 3753 2492 3837 ὀργανικὸν,
2539 3752 2645 3816 οὐκ
2689 3751 2758 3814 ἂν
2805 3751 2899 3836 εἴη
2947 3752 3006 3815 ἐν
3053 3750 3151 3815 αὖ·

538 3880 606 3927 3ο
644 3864 730 3942 τῷ
777 3863 859 3927 ὡς
912 3858 971 3920 ἐν
1027 3858 1411 3941 ὑποκειμένῳ.
1504 3856 1654 3919 ἀλλὰ
1708 3857 1822 3940 μὴν
1878 3857 1985 3920 οὐκ
2038 3857 2098 3920 ἐν
2154 3854 2316 3940 ἄλλῳ
2375 3856 2484 3918 τινί
2533 3855 2656 3918 ἐστι
2712 3858 2940 3935 σώματι
3000 3856 3038 3939 ἢ
3091 3857 3150 3919 ἐν
3205 3872 3234 3913 5

649 3963 853 4045 τούτῳ.
944 3963 1009 4024 τὸ
1062 3961 1173 4045 γὰρ
1228 3961 1458 4044 σπέρμα
1511 3962 1751 4043 δυνάμει
1804 3958 2068 4045 ἔμψυχον
2123 3964 2208 4044 τῷ
2267 3960 2550 4023 δύνασθαι
2608 3958 2876 4041 γενέσθαι
2929 3963 3151 4022 τοιοῦτο

647 4070 839 4147 σῶμα,
886 4064 954 4127 οὖ
1000 4067 1039 4147 ἡ
1088 4065 1252 4149 ψυχὴ
1287 4063 1576 4146 τελειότης
1620 4064 1762 4139 ἐστι’,
1808 4066 1902 4127 καὶ
1947 4060 1996 4149 ᾧ
2034 4065 2098 4126 τὸ
2144 4063 2288 4125 εἶναι
2329 4064 2540 4147 τούτῳ,
2586 4062 2620 4124 ὅ
2657 4062 2801 4138 ἐστι,
2847 4062 3005 4146 παρὰ
3049 4068 3151 4147 τῆς

645 4174 844 4253 ψυχῆς
888 4167 1061 4231 ἐστιν.

545 4449 583 4498 1.
625 4447 655 4497 2
694 4446 914 4497 fortasse
952 4446 1043 4515 γάρ
1082 4440 1205 4511 [τὸ],
1384 4444 1414 4496 2
1452 4444 1648 4514 ἐνεργὲς
1684 4445 1894 4511 scripsi:
1935 4444 2136 4512 ἐναργὲς
2167 4446 2213 4491 V
2393 4441 2533 4493 οὐσία
2569 4442 2684 4493 add.
2723 4442 2982 4495 Schwartz
3159 4440 3254 4493 διε-

536 4534 639 4586 λὼν
680 4531 730 4584 δὲ
768 4531 825 4583 τὸ
865 4532 1000 4583 Vict.
1040 4534 1129 4597 Sp.
1324 4532 1355 4583 5
1393 4529 1521 4601 αὕτη
1550 4536 1595 4583 V
1790 4532 1840 4581 11
1889 4528 2143 4601 δευτέρου]
2184 4528 2246 4581 de
2272 4546 2357 4580 an.
2380 4529 2446 4591 ΙΙ,
2478 4531 2522 4580 l.
2561 4529 2779 4581 412bl5
2971 4528 3032 4581 13
3070 4527 3256 4582 τοιουδὶ

537 4623 670 4673 vict.
873 4620 933 4669 14
969 4618 1083 4687 τοῦ]
1120 4618 1307 4671 τοιουδὶ
1340 4621 1493 4671 Arist.
1699 4619 1757 4671 15
1797 4618 1905 4684 (16.
1940 4618 2017 4669 18.
2047 4618 2136 4684 21)
2173 4616 2312 4685 αὐτῷ
2351 4621 2396 4668 V
2611 4617 2676 4668 ⁴22
2714 4618 2806 4686 τὴν
2845 4616 3014 4688 ψυχὴν
3053 4616 3119 4668 13²

536 4708 599 4759 :24
658 4708 717 4759 ἐκ
754 4711 841 4760 τοῦ
880 4705 1057 4775 αὐτοῦ]
1098 4707 1159 4759 de
1198 4722 1283 4759 an.
1311 4708 1373 4769 ll,
1410 4709 1449 4758 1.
1477 4707 1695 4758 4121226
1884 4706 1949 4758 25
1988 4704 2171 4758 τοιονδὶ
2208 4706 2368 4757 Arist.
2565 4704 2632 4756 32
2691 4702 2942 4773 τελειότης
2978 4704 3026 4769 (ς
3061 4705 3116 4755 in
3153 4702 3256 4769 lit.)

538 4798 581 4849 B
628 4796 758 4847 vict.
798 4794 913 4862 Sp.:
958 4792 1265 4865 τελειότητος
1300 4794 1417 4847 libri
