3684 5567
1396 250 1655 307 ΗΘΙΚΩΝ
1696 250 2226 307 ΙΙΡΟΒΛΗΜΑἹῺΝ
2266 253 2298 305 5
3085 252 3208 317 125

582 426 767 495 οὕτως
811 429 1067 512 διαιρεῖν.
1142 430 1309 492 δοκεῖ
1332 428 1440 511 γὰρ
1472 430 1510 510 ἡ
1542 426 1697 510 λύπη
1730 432 1805 510 τῇ
1840 428 2057 509 ἑαυτῆς
2087 427 2258 511 φύσει
2301 428 2480 490 κακὸν
2509 425 2654 488 εἶναι
2699 430 2819 494 τοῖς
2851 423 3088 509 ἔχουσιν

582 527 782 611 αὐτήν.
876 529 997 593 ἀλλ’
1050 530 1102 592 εἰ
1146 530 1301 612 λύπη
1346 528 1557 603 κακόν,
1618 531 1684 593 τὸ
1740 528 1792 592 δ’
1850 529 2104 592 ἐναντίον
2159 534 2244 613 τῷ
2299 534 2467 613 κακῷ
2524 528 2746 611 ἀγαθὸν
2805 528 2844 611 ἢ
2891 525 3090 603 κακόν,

582 631 781 714 δεήσει
832 635 930 696 καὶ
983 634 1087 715 τὴν
1143 633 1359 716 ἡδονὴν
1420 631 1677 695 ἐναντίαν
1732 630 1910 696 οὖσαν
1971 634 2050 714 τῇ
2103 632 2262 713 λύπῃ
2317 631 2538 713 ἀγαθὸν
2601 631 2639 714 ἢ
2693 631 2872 694 κακὸν
2929 630 3092 693 εἶναι.
3149 644 3177 685 ὅ

582 732 797 818 εὑρέθη
844 736 910 797 δὲ
954 734 1090 799 οὔτε
1132 740 1295 798 πᾶσα
1340 734 1561 815 ἀγαθὸν
1607 732 1754 799 οὖσα
1798 733 1936 797 οὔτε
1979 737 2139 796 πᾶσα
2183 731 2382 809 κακόν,
2435 730 2507 815 ἧν
2553 733 2618 796 δέ
2663 756 2745 801 τις
2789 732 2887 796 καὶ
2933 732 3089 794 ἀδιά-

512 854 541 902 5
578 858 774 919 φορος.
864 836 959 922 ἄρ’
1016 835 1115 901 οὖν
1161 838 1199 920 ἡ
1249 838 1352 921 μὲν
1400 838 1593 920 ἀγαθὴ
1649 838 1835 905 οὕτως
1889 834 2050 900 ἔσται
2095 836 2323 898 ἐναντία
2375 841 2450 917 τῇ
2497 835 2688 918 λύπη,
2743 838 2824 903 ὡς
2869 832 3092 915 ἀγαθὸν

582 942 778 1021 κακῷ,
834 941 872 1021 ἡ
928 941 993 1002 δὲ
1048 938 1329 1025 μοχθηρὰ
1373 943 1456 1008 ὡς
1508 941 1687 1003 κακὸν
1743 945 1940 1025 κακῷς
2003 936 2122 1001 ἀλλ’
2179 939 2232 1001 εἰ
2283 938 2490 1015 οὕτως,
2542 939 2600 1001 τί
2641 938 2759 1023 χρὴ
2814 936 2944 1019 περὶ
2988 940 3094 1018 τῆς
3121 950 3176 992 1⁰

580 1039 903 1125 ἀδιαφόρου
959 1040 1171 1123 λέγειν;
1232 1039 1304 1125 ἡν
1358 1042 1467 1125 γὰρ
1520 1042 1616 1105 ἐπὶ
1672 1047 1793 1111 ταῖς
1847 1040 2187 1125 ἀδιαφόροις
2239 1041 2544 1125 ἐνεργείαις
2599 1039 2899 1124 γινομένη,
2963 1039 3091 1122 ἥτις

580 1141 687 1205 οὐκ
752 1140 913 1207 ἔσται
979 1142 1204 1207 ἐναντία
1254 1144 1435 1227 λύπῃ,
1504 1142 1664 1208 ἔσται
1718 1148 1802 1227 τῷ
1861 1148 2025 1229 κακῷ
2079 1143 2147 1207 οὐ
2217 1142 2391 1226 μόνον
2459 1144 2636 1205 κακὸν
2707 1142 2804 1205 καὶ
2863 1141 3085 1223 ἀγαθὸν

578 1244 823 1321 ἐναντία,
870 1245 1021 1308 ἀλλὰ
1067 1248 1163 1309 καὶ
1203 1247 1541 1331 ἀδιάφορον,
1590 1245 1731 1328 ὅπερ
1778 1244 1847 1307 οὐ
1895 1246 2072 1309 δοκεῖ.
2141 1246 2180 1328 ἢ
2228 1248 2346 1331 χρὴ
2394 1251 2510 1309 τῶν
2557 1247 2784 1329 ἡδονῶν
2831 1243 3090 1307 καθόλου
3120 1259 3173 1301 15

482 1367 543 1414 10
580 1348 850 1431 διαίρεσιν
898 1350 1291 1433 ποιησάμενον
1346 1350 1544 1433 λαβεῖν
1591 1349 1693 1417 τὰς
1746 1348 1850 1429 μέν
1902 1371 2056 1417 τινας
2109 1348 2302 1411 αὐτῶν
2348 1347 2492 1411 εἶναι
2547 1346 2694 1409 κατὰ
2752 1346 2924 1430 φύσιν
2971 1350 3090 1414 τοῖς

576 1449 881 1533 ἡδομένοις
926 1450 1130 1531 αὐτάς,
1188 1452 1289 1521 τὰς
1335 1453 1401 1514 δὲ
1446 1452 1603 1535 παρὰ
1648 1449 1839 1534 φύσιν.
1930 1450 2078 1513 κατὰ
2122 1451 2292 1535 φύσιν
2349 1452 2452 1534 μὲν
2498 1451 2600 1519 τὰς
2641 1449 2943 1533 γινομένας
2987 1449 3085 1511 ἐπὶ

574 1556 697 1623 ταῖς
740 1552 887 1616 κατὰ
932 1554 1103 1637 φύσιν
1134 1554 1441 1637 ἡδομένοις
1486 1553 1811 1638 ἐνεργείαις,
1859 1552 2018 1637 παρὰ
2062 1554 2230 1638 φύσιν
2278 1554 2341 1615 δὲ
2387 1554 2469 1616 ὧν
2515 1553 2610 1616 καὶ
2654 1553 2932 1636 ἐνέργειαι
2976 1575 3087 1615 τοι·
3114 1568 3170 1610 90

573 1660 760 1719 αὖται.
828 1657 1061 1741 ἑκάστῳ
1105 1656 1213 1739 γὰρ
1263 1654 1404 1741 ζῴῳ
1448 1657 1565 1720 εἰσί
1606 1680 1750 1725 τινες
1789 1655 2008 1719 οἰκεῖαί
2046 1679 2109 1719 τε
2153 1658 2250 1719 καὶ
2297 1656 2444 1719 κατὰ
2488 1656 2658 1740 φύσιν
2691 1654 2882 1719 αὐτῶν
2928 1654 3084 1739 ἐνέρ-

570 1781 735 1839 γειαι.
826 1758 921 1821 καὶ
966 1757 1077 1842 γὰρ
1131 1758 1450 1842 ἀνθρώπου
1506 1759 1649 1822 εἰσὶν
1697 1758 1980 1842 ἐνέργειαί
2029 1782 2176 1828 τινες
2221 1758 2368 1821 κατὰ
2423 1758 2525 1841 τὴν
2573 1758 2890 1842 ἀνθρώπου
2936 1755 3085 1839 γινό-

472 1880 531 1929 15
573 1884 738 1944 μεναι
782 1860 983 1944 φύσιν,
1036 1862 1135 1923 καὶ
1186 1861 1368 1924 ἵππου
1425 1862 1573 1925 κατὰ
1625 1862 1729 1943 τὴν
1786 1866 1888 1923 τοῦ
1945 1861 2154 1937 ἰ’ππου,
2212 1864 2308 1925 καὶ
2353 1861 2522 1927 κυνὸς
2577 1861 2671 1923 καὶ
2728 1864 2842 1923 τῶν
2889 1860 3083 1923 ἄλλων
3113 1876 3169 1919 25

575 1962 747 2048 ζῴων
794 1963 1039 2045 ὁμοίως,
1095 1964 1177 2025 ὦν
1224 1965 1320 2026 καὶ
1364 1963 1468 2033 τὰς
1511 1964 1724 2047 ἡδονὰς
1768 1962 1919 2026 κατὰ
1963 1963 2132 2047 φύσιν
2181 1965 2276 2027 καὶ
2323 1963 2502 2031 αὐτὰς
2547 1964 2665 2047 χρὴ
2713 1962 2896 2045 λέγειν
2945 1962 3085 2027 ἐκεί-

572 2088 717 2139 νοις,
772 2065 873 2134 τὰς
927 2064 980 2129 δ’
1037 2066 1133 2129 ἐπὶ
1176 2072 1301 2135 ταῖς
1347 2066 1461 2130 ὑπό
1516 2090 1685 2129 τινων
1731 2066 1799 2129 οὐ
1847 2066 1996 2130 κατὰ
2051 2067 2157 2148 τὴν
2212 2067 2426 2129 οἰκείαν
2482 2066 2652 2150 φύσιν
2705 2064 2896 2128 αὐτῶν
2941 2089 3084 2148 γινο-

572 2168 769 2251 μέναις
814 2169 1123 2253 ἐνεργείαις
1166 2168 1380 2252 ἡδονὰς
1424 2168 1583 2253 παρὰ
1626 2169 1799 2253 φύσιν
1828 2169 1950 2252 (διὸ
1997 2170 2094 2231 καὶ
2140 2168 2489 2251 ὁμωνύμους
2535 2167 2804 2251 ἐκείνας),
2851 2169 2935 2231 ὧν
2981 2167 3084 2237 τὰς

569 2272 673 2353 μὲν
719 2271 869 2334 κατὰ
914 2272 1084 2356 φύσιν
1130 2272 1397 2339 ἑκάστοις
1450 2272 1547 2334 καὶ
1600 2272 1815 2355 ἡδονὰς
1861 2270 2073 2356 κυρίως
2117 2271 2264 2334 εἶναι
2317 2270 2321 2353 Ι
2373 2270 2608 2355 ῥητέον,
2667 2272 2768 2339 τὰς
2816 2270 2881 2333 δὲ
2925 2271 3084 2354 παρὰ
3109 2286 3166 2329 ao

463 2393 529 2439 20
566 2373 735 2459 φύσιν
767 2374 1003 2444 ἐκείνοις
1049 2380 1167 2443 τοῖς
1211 2374 1519 2458 ἡδομένοις
1562 2373 1741 2443 αὐτὰς
1782 2376 2016 2457 ἡδονάς,
2063 2374 2130 2437 οὐ
2174 2375 2287 2458 μὴν
2333 2375 2548 2457 κυρίως
2591 2396 2656 2437 τε
2687 2374 2781 2437 καὶ
2829 2372 3034 2442 ἁπλῶς
3078 2382 3187 2437 240

564 2478 797 2559 ἡδονάς,
844 2477 1046 2562 ὥσπερ
1090 2478 1187 2540 καὶ
1228 2478 1446 2560 ὑγιεινὰ
1492 2478 1563 2541 τὰ
1610 2478 1713 2559 μὲν
1761 2477 1983 2552 ἁπλῶς,
2029 2478 2100 2540 τὰ
2146 2477 2210 2539 δὲ
2240 2479 2454 2553 τοῖσδε,
2501 2479 2596 2539 καὶ
2641 2475 2745 2545 τὰς
2790 2476 2894 2558 μὲν
2941 2476 3078 2561 ἀλη·

564 2578 690 2648 θῶς
732 2602 795 2642 τε
841 2580 935 2643 καὶ
979 2580 1195 2664 κυρίως
1240 2580 1453 2663 ἡδονὰς
1498 2579 1723 2661 ἀγαθὰς
1768 2578 1914 2642 εἶναι
1957 2582 2078 2647 τοῖς
2123 2578 2431 2663 ἡδομένοις
2475 2578 2655 2647 αὐτὰς
2700 2578 2925 2663 ῥητέον,
2981 2580 3084 2650 τὰς
3135 2596 3164 2639 ὅ

560 2683 627 2745 δὲ
670 2682 829 2767 παρὰ
872 2682 1043 2768 φύσιν
1087 2684 1391 2767 γινομένας
1434 2685 1577 2747 τισὶν
1634 2681 1740 2745 οὐκ
1786 2680 1966 2751 οὔσας
2009 2682 2213 2751 ἁπλῶς
2257 2682 2470 2765 ἡδονὰς
2518 2682 2829 2766 μοχθηράς
2873 2705 2936 2745 τε
2980 2684 3077 2747 καὶ

561 2787 762 2856 κακάς.
828 2786 881 2849 εἰ
926 2787 1001 2869 δὴ
1049 2788 1305 2869 μάλιστα
1345 2780 1657 2871 ἅνθρωπος
1702 2786 1798 2849 καὶ
1845 2786 1994 2849 κατὰ
2037 2785 2208 2869 φύσιν
2255 2783 2412 2870 ἔχων
2462 2787 2710 2867 μάλιστα
2758 2786 2789 2847 ὁ
2835 2784 3077 2868 ἀγαθός,

454 2906 519 2956 25
558 2888 671 2951 εἶεν
719 2888 789 2952 ἂν
828 2891 925 2952 καὶ
956 2890 1257 2975 ἀνθρώπῳ
1303 2890 1451 2953 κατὰ
1496 2890 1667 2974 φύσιν
1706 2890 1912 2972 ἡδοναὶ
1947 2889 2198 2969 μάλιστα
2241 2890 2302 2951 αἱ
2349 2888 2538 2973 τούτῳ
2567 2887 2929 2972 φαινόμεναι,
2975 2890 3072 2953 καὶ

558 2990 706 3074 ἡδέα
750 2991 839 3061 οἷς
884 2990 1051 3061 οὖτος
1096 2993 1307 3076 χαίρει.
1386 2992 1497 3056 ὅσα
1542 2994 1607 3055 δὲ
1651 2994 1841 3077 τούτῳ
1889 2994 2176 3077 δυσχερῆ,
2222 2996 2404 3055 ταῦτα
2451 2992 2608 3075 παρὰ
2651 2991 2820 3075 φύσιν
2868 3016 2932 3056 τε
2975 2994 3075 3057 καὶ
3105 3010 3160 3052 ιο

559 3094 671 3179 οὐχ
716 3096 921 3164 ἁπλῶς
964 3095 1139 3178 ἡδέα,
1197 3096 1249 3159 εἰ
1293 3096 1390 3159 καὶ
1436 3097 1665 3180 ἥδοιντό
1710 3119 1856 3165 τινες
1911 3094 2001 3158 ἐπ’
2057 3095 2272 3164 αὐτοῖς.
2365 3095 2690 3178 διάφεροιεν
2745 3094 2798 3158 δ’
2857 3095 2926 3159 ἂν
2971 3097 3067 3159 καὶ

555 3200 671 3260 τῶν
720 3198 867 3262 κατὰ
921 3198 1091 3283 φύσιν
1137 3200 1371 3284 ἑκάστῳ
1426 3201 1653 3281 ἡδονῶν
1708 3204 1793 3283 τῷ
1850 3200 1910 3261 αἱ
1966 3199 2069 3280 μὲν
2124 3198 2316 3261 αὐτῶν
2365 3201 2616 3281 μᾶλλον,
2677 3199 2738 3261 αἱ
2792 3199 2857 3261 δὲ
2901 3200 3074 3284 ἧττον

557 3300 767 3365 οἰκεῖαι
810 3301 977 3365 εἶναι.
1048 3302 1200 3365 οὕτω
1246 3302 1297 3366 δ’
1341 3302 1409 3366 ἄν
1456 3301 1549 3386 εἴη
1596 3306 1669 3386 τῇ
1705 3302 1864 3385 λύπῃ
1911 3307 2076 3385 κακῷ
2132 3300 2250 3364 ὄντι
2294 3304 2332 3385 ἡ
2377 3302 2591 3386 κυρίως
2632 3324 2696 3363 τε
2743 3302 2840 3365 καὶ
2872 3302 3075 3371 ἁπλῶς
3103 3320 3156 3362 15

450 3420 520 3469 30
557 3403 738 3487 ἡδονὴ
784 3404 1013 3467 ἐναντία
1068 3402 1213 3469 οὖσα
1260 3406 1482 3488 ἀγαθὸν
1529 3410 1721 3480 πᾶσα,
1777 3406 1831 3468 εἰ
1877 3407 1969 3469 καὶ
2018 3406 2098 3489 μὴ
2158 3406 2405 3487 ὁμοίως,
2464 3406 2524 3467 αἱ
2570 3405 2636 3468 δὲ
2694 3406 2852 3488 παρὰ
2897 3407 3067 3490 φύσιν

558 3504 691 3571 οὔτε
735 3509 939 3591 ἡδοναὶ
988 3508 1191 3577 ἁπλῶς
1234 3507 1368 3571 οὔτε
1400 3508 1635 3591 ἀγαθαί,
1680 3530 1722 3569 -κ-
1766 3528 1807 3569 ιε»
1851 3530 1892 3569 -st-
1939 3508 2054 3571 εἷεν
2099 3508 2149 3571 δ’
2194 3508 2262 3572 ἂν
2310 3509 2408 3572 καὶ
2453 3508 2547 3572 ἐπὶ
2585 3512 2708 3577 τοῖς
2737 3508 3072 3593 ἀδιαφόροις

554 3614 840 3674 τοιαῦται·
906 3611 1044 3675 οὐδὲ
1098 3611 1209 3695 γὰρ
1254 3610 1326 3675 τὰ
1372 3612 1663 3696 ἀδιάφορα
1716 3611 1777 3675 ἐν
1822 3616 1942 3680 τοῖς
2001 3611 2150 3674 κατὰ
2193 3611 2381 3695 φύσιν.
2473 3613 2658 3693 ἡδονῇ
2706 3612 2771 3674 δὲ
2816 3612 3068 3676 ἐναντίον
3098 3630 3156 3673 εο

552 3714 727 3797 λύπη,
774 3713 897 3777 ἀλλ’
939 3713 1007 3777 οὐ
1054 3712 1247 3792 πόνος,
1294 3714 1443 3799 εἴγε
1487 3715 1660 3783 πόνος
1704 3715 1902 3799 θλῖψιν
1951 3716 2288 3798 σωματικὴν
2335 3716 2508 3797 δηλοῖ
2548 3715 2644 3777 καὶ
2689 3715 2875 3798 λύπην
2921 3720 3070 3793 τινά,

553 3815 675 3881 ἀλλ’
718 3815 785 3879 οὐ
830 3818 935 3899 τὴν
982 3817 1204 3886 ἁπλῶς.
1286 3819 1325 3900 ἡ
1374 3820 1438 3880 δὲ
1483 3817 1637 3901 λύπη
1686 3820 1723 3901 ἡ
1769 3816 2031 3881 καθόλου
2077 3818 2182 3901 τὴν
2227 3820 2456 3881 τοιάνδε
2500 3818 2754 3903 ψυχικὴν
2802 3819 3067 3884 διάθεσιν

446 3937 511 3988 35
550 3920 847 4004 σημαίνει,
903 3917 1009 3983 εἴτ’
1065 3920 1161 3982 ἐπὶ
1208 3918 1403 4004 θλίψει
1446 3921 1657 4003 γίνοιτο
1704 3926 2012 4002 σωματικῇ
2059 3919 2165 3983 εἴτ’
2223 3921 2320 3983 ἐπὶ
2365 3920 2622 3985 διαθέσει
2666 3921 2772 3983 τινὶ
2817 3926 3066 4008 ψυχικῇ,

552 4023 748 4107 ὥσπερ
804 4024 903 4085 καὶ
946 4024 985 4106 ἡ
1032 4024 1214 4106 ἡδονὴ
1271 4021 1408 4107 οὐχὶ
1466 4024 1769 4107 σωματικὴ
1830 4022 2033 4105 μόνον,
2091 4023 2240 4086 ἀλλὰ
2294 4024 2390 4086 καὶ
2437 4026 2682 4108 ψυχική.
2773 4028 2851 4107 τῇ
2899 4030 3069 4111 κοινῇ
3097 4044 3153 4088 εὖ

546 4122 646 4189 οὖν
690 4126 881 4208 ἡδονῇ
925 4125 1079 4209 λύπη
1128 4126 1289 4209 κοινὴ
1338 4122 1485 4189 οὖσα
1526 4125 1800 4203 ἐναντίον,
1847 4127 1886 4209 ἡ
1933 4124 1985 4188 δ’
2022 4126 2119 4189 ἐπὶ
2164 4128 2290 4194 ταῖς
2335 4126 2492 4209 παρὰ
2538 4125 2708 4210 φύσιν
2760 4124 2768 4214 Ι
2818 4129 3024 4215 ἡδονή,
3072 4139 3168 4196 241

446 4408 469 4459 l
511 4406 671 4478 δοκεῖ]
720 4416 765 4462 εἰ
800 4409 857 4461 in
894 4408 971 4461 lit.
1012 4412 1057 4459 V
1271 4408 1305 4460 8
1342 4407 1460 4477 οὐκ]
1500 4407 1719 4463 fortasse
1756 4410 1799 4461 εἰ
2013 4410 2146 4481 λύπῃ
2185 4428 2241 4461 a:
2291 4408 2425 4480 λύπη
2469 4413 2514 4461 V
2730 4411 2867 4467 ἔσται
2903 4416 2995 4485 γὰρ
3035 4414 3172 4469 οὕτω

438 4496 515 4564 τῷ
558 4514 591 4548 α
635 4498 725 4561 Sp.
956 4496 1015 4547 ll
1075 4494 1127 4547 δὲ
1168 4492 1175 4563 Ι
1217 4494 1271 4547 δὲ
1309 4500 1359 4547 V
1591 4496 1653 4548 12
1708 4495 1968 4565 ἡδομένοις
2014 4498 2226 4566 scripsi:
2283 4496 2528 4567 ἡδομένας
2575 4500 2694 4551 VB:
2750 4504 3028 4570 γινομέναις
3064 4504 3176 4557 B²a

440 4584 526 4649 Sp.
742 4584 813 4635 20
847 4582 1059 4636 ἐκεῖνοισ
1096 4584 1171 4635 sie
1212 4586 1260 4633 V
1474 4582 1556 4636 20.
1598 4583 1660 4635 21
1712 4583 1771 4637 οὒ
1819 4584 2198 4655 μὴν-ἡδονάς
2243 4600 2342 4637 om.
2381 4588 2461 4637 Ba
2498 4587 2587 4653 Sp.
2821 4588 2882 4639 31
2930 4589 3172 4643 lacunam

440 4669 670 4723 indicavi
885 4671 953 4723 34
990 4667 1213 4722 καθόλον
1252 4672 1341 4739 Sp.
1557 4670 1807 4741 ψυχικὴν]
1849 4673 1947 4742 κὴν
1984 4674 2042 4725 in
2081 4673 2179 4726 litt.
2205 4672 2237 4725 5
2275 4672 2562 4726 litterarum
2603 4676 2651 4722 V
2866 4674 2932 4728 35
2969 4692 3047 4743 pr.
3083 4672 3170 4729 εἶτ’

436 4756 540 4896 ξἐι
574 4758 689 4824 Sp.:
728 4756 819 4810 ἅδ’
848 4758 965 4810 VB¹
1146 4756 1213 4809 37
1255 4756 1389 4827 λύπη
1428 4757 1507 4827 (ἡ)
1545 4760 1680 4812 coni.
1718 4762 1808 4827 Sp.
1989 4759 2208 4815 fortasse
2244 4768 2351 4819 τοῖς
2526 4759 2831 4830 ἡδονὴ-ρ.
2864 4762 3008 4830 126‚1
3049 4764 3174 4835 ἀγα-

474 4842 529 4897 ὸν
570 4846 627 4897 in
664 4844 741 4898 lit.
769 4849 817 4897 V
