3684 5567
510 194 630 281 132
798 196 807 201 ’
956 212 1287 285 [ΑιιοΡιΩΝ
1329 214 1449 269 ml
1490 212 1755 269 ΛΥΣΕΩΝ
1796 211 2078 268 ammos
2117 210 2490 267 'rss'rwroN
2537 212 2760 281 11-13J

611 412 674 451 τε
718 390 823 472 τὴν
868 391 1057 475 ἀρχὴν
1103 388 1261 475 ἔχειν
1306 394 1421 453 τῶν
1468 389 1878 474 πραττομένων
1923 389 2020 451 καὶ
2063 386 2147 451 ἔτι
2192 387 2404 451 εἰδέναι
2447 386 2519 449 τὰ
2562 384 2698 449 καθ’
2741 386 2977 461 ἕκαστα,
3023 386 3105 447 ὧν

615 492 681 553 τὸ
728 494 830 573 μὲν
876 497 978 555 τοῦ
1025 493 1121 578 βίᾳ
1166 492 1520 576 ἀναιρετικόν
1567 492 1717 565 ἐστι,
1772 492 1836 553 τὸ
1892 491 1957 553 δὲ
2000 494 2102 553 τοῦ
2156 488 2230 553 δι’
2287 488 2534 571 ἄγνοιαν.
2624 491 2711 552 διὸ
2757 489 2882 571 ἅμα
2926 488 3110 572 ἀμφο·

610 593 795 677 τέροις
840 601 957 665 τοῖς
996 600 1097 658 τοῦ
1130 595 1409 659 ἀκουσίου
1458 594 1687 677 μέρεσιν
1733 594 2042 658 ἀντίκειται
2086 595 2151 656 τὸ
2183 592 2445 656 ἑκούσιον
2491 591 2724 655 ἐκείνων
2759 592 2907 675 μηδὲ
2953 612 3112 654 συνυ·
3137 606 3192 649 ⁹5

611 699 855 782 πάρχειν
891 697 1005 780 ἤδη
1053 697 1401 780 δυναμένων.
1488 696 1555 759 οὐ
1600 696 1709 781 γὰρ
1754 696 1876 760 οἷόν
1922 719 1982 759 τε
2027 697 2126 759 τὸν
2173 697 2266 779 βίᾳ
2309 720 2362 759 τι
2406 700 2680 759 ποιοῦντα
2725 696 2762 779 ἦ
2810 697 3111 779 πάσχοντα

536 818 567 867 5
607 801 704 862 καὶ
735 802 1050 884 ἀγνοοῦντα
1095 800 1167 863 τὰ
1205 798 1339 863 καθ’
1383 800 1599 863 ἕκαστα
1635 800 1999 883 ἁμαρτάνειν.
2075 798 2242 862 οὐδὲν
2285 798 2396 883 γὰρ
2443 796 2451 885 Ι
2497 801 2641 883 πρὸς
2683 802 2748 861 τὸ
2780 799 3066 868 ἀκουσίως
3110 807 3214 863 253

607 908 791 966 ποιεῖν
836 903 969 972 τοὺς
1017 903 1392 987 βιαζομένους
1439 902 1550 965 ὑπό
1596 926 1765 965 τινων
1818 905 2079 965 συντελεῖ
2119 905 2156 986 ἡ
2191 902 2390 985 ἄγνοια
2435 904 2472 987 ἢ
2521 907 2732 985 γνῶσις
2773 906 2890 965 τῶν
2936 901 3108 965 καθέ-

605 1028 807 1071 καστα.
887 1007 993 1070 οὐκ
1039 1009 1355 1091 ἀναιρεῖται
1398 1008 1463 1069 δὲ
1510 1008 1540 1069 6
1588 1005 1765 1075 τόπος
1808 1005 1946 1069 οὐδὲ
1992 1006 2105 1068 ὑπὸ
2151 1009 2253 1067 τοῦ
2297 1006 2363 1068 τὸ
2412 1008 2514 1088 μὲν
2563 1009 2746 1088 φιλεῖν
2792 1007 3108 1090 πολλαχῶς

601 1109 903 1192 λέγεσθαι,
958 1112 1022 1173 τὸ
1069 1112 1133 1173 δὲ
1178 1114 1364 1193 μισεῖν
1422 1109 1672 1173 ἐναντίον
1728 1108 1791 1172 ὃν
1837 1108 1999 1193 αὐτῷ
2057 1108 2262 1191 μηκέτι
2313 1107 2587 1190 λέγεσθαι
2633 1112 2966 1193 πολλαχῶς.
3056 1110 3110 1171 εἰ
3159 1125 3189 1166 5

605 1214 707 1295 μὲν
738 1214 846 1297 γὰρ
892 1214 964 1299 ἧν
1009 1215 1075 1277 τὸ
1110 1218 1295 1295 μισεῖν
1342 1214 1508 1276 παντὶ
1554 1218 1638 1297 τῷ
1686 1216 1872 1297 φιλεῖν
1917 1212 2188 1285 ἐναντίον,
2235 1214 2330 1275 καὶ
2377 1213 2458 1295 μὴ
2492 1214 2807 1295 πολλαχῶς
2853 1210 3102 1293 ἐλέγετο,

502 1336 563 1383 10
603 1317 869 1401 ἀνῃρεῖτο
916 1316 985 1380 ἂν
1032 1319 1063 1379 6
1109 1317 1310 1386 τόπος·
1376 1317 1429 1379 εἰ
1473 1317 1537 1379 δὲ
1580 1318 1646 1379 τὸ
1695 1321 1881 1399 μισεῖν
1940 1316 2101 1399 μόνῳ
2149 1315 2302 1379 ἐστὶν
2357 1316 2605 1378 ἐναντίον
2649 1320 2736 1399 τῷ
2781 1316 2969 1398 φιλεῖν
3014 1318 3102 1399 τῷ

600 1421 749 1484 κατὰ
810 1422 1096 1500 διάθεσιν,
1162 1421 1351 1484 οὐκέτι
1406 1420 1470 1482 δὲ
1536 1419 1632 1481 καὶ
1688 1424 1772 1503 τῷ
1828 1421 2196 1502 καταφιλεῖν,
2263 1418 2332 1481 οὐ
2389 1419 2758 1503 διαβάλλεται
2811 1419 2844 1481 6
2906 1416 3098 1487 τόπος.
3133 1435 3188 1477 ιο

600 1522 729 1586 τότε
780 1524 889 1606 γὰρ
945 1526 1309 1609 ὃιαβάλλοιτο
1366 1521 1466 1600 ἄν,
1522 1523 1574 1585 εἰ
1628 1524 1795 1586 παντὶ
1850 1528 1934 1606 τῷ
1993 1522 2404 1605 σημαινομένῳ
2461 1522 2572 1584 ὑπὸ
2626 1524 2726 1584 τοῦ
2781 1522 3098 1606 πολλαχῶς

598 1626 910 1709 λεγομένου
957 1625 1019 1689 ὃν
1064 1627 1314 1689 ἐναντίον
1360 1649 1414 1689 τι
1468 1627 1547 1709 μὴ
1594 1624 1687 1709 εἴη
1734 1626 1830 1689 καὶ
1886 1625 2028 1689 αὐτὸ
2080 1628 2396 1709 πολλαχῶς
2439 1626 2767 1707 λεγόμενον.
2859 1627 2943 1707 τῷ
2991 1623 3097 1707 γὰρ

595 1731 789 1813 λευκῷ
843 1732 1159 1814 πολλαχῶς
1208 1728 1505 1813 λεγομένῳ
1560 1730 1626 1791 τὸ
1684 1728 1862 1809 μέλαν
1917 1728 2166 1791 ἐναντίον
2223 1726 2285 1790 ὃν
2331 1730 2649 1812 πολλαχῶς
2692 1726 2950 1810 λέγεται,
3011 1726 3098 1789 ὅτι
3125 1744 3178 1785 15

494 1852 554 1900 15
593 1836 733 1896 πᾶσι
785 1837 904 1902 τοῖς
957 1830 1402 1915 σημαινομένοις
1456 1832 1568 1894 ὑπὸ
1622 1836 1723 1894 τοῦ
1779 1834 1992 1895 λευκοῦ
2045 1830 2296 1893 ἐναντίον
2341 1831 2522 1894 ἐστίν·
2587 1830 2684 1892 καὶ
2739 1828 2846 1913 γὰρ
2903 1834 2988 1914 τῷ
3035 1832 3094 1894 ἐν

592 1938 861 2021 χρώματι
904 1938 1095 2019 λευκῷ
1150 1935 1247 1998 καὶ
1290 1939 1375 2019 τῷ
1433 1936 1493 1997 ἐν
1540 1940 1709 2018 φωνῇ
1766 1934 2017 1997 ἐναντίον
2071 1934 2136 1996 τὸ
2185 1934 2394 2017 μέλαν,
2451 1938 2531 2001 ὡς
2585 1930 2746 2013 εἴγε
2793 1931 2966 2015 μόνον
3016 1931 3085 2017 ἦν

594 2042 679 2122 τῷ
730 2037 913 2122 ἑτέρῳ
959 2036 1151 2100 αὐτῶν
1199 2037 1472 2112 ἐναντίον,
1520 2034 1643 2101 οὐδ’
1697 2036 1839 2100 αὐτὸ
1888 2036 1955 2100 ἂν
2001 2036 2230 2117 ἐλέγετο
2276 2038 2612 2121 πολλαχῶς.

590 2292 727 2357 XII.
809 2292 879 2357 Ἡ
923 2294 1105 2363 λέξις
1147 2294 1222 2358 ἐκ
1265 2299 1383 2357 τοῦ
1428 2295 1661 2379 τρίτου
1710 2300 1841 2357 τῶν
1895 2294 2411 2379 Νικομαχείων.

745 2462 1071 2530 αἜοικεν
1116 2465 1197 2549 δὴ
1244 2468 1317 2530 τὸ
1366 2467 1591 2551 βίαιον
1637 2467 1846 2542 εἶναι,
1893 2466 1969 2530 οὗ
2017 2466 2276 2537 ἔξωθεν
2322 2468 2359 2550 ἡ
2407 2467 2622 2551 ἀρχή,
2670 2468 2884 2551 μηδὲν
2931 2488 3093 2549 συμ-

481 2586 548 2633 2ο
586 2568 1023 2653 βαλλομένου
1068 2573 1187 2631 τοῦ
1233 2568 1724 2653 βιασθέντος”.
3119 2586 3174 2627 25

743 2668 882 2737 (Ότι
933 2672 999 2734 τὸ
1060 2672 1132 2733 ἐν
1184 2668 1224 2755 ᾗ
1293 2672 1510 2755 μηδὲν
1576 2672 2093 2757 συμβάλλεῐται
2146 2674 2178 2735 6
2225 2675 2542 2756 πράττων
2590 2674 2628 2757 ἢ
2675 2674 2708 2737 6
2754 2677 3042 2758 πάσχων
3089 2682 3194 2739 254

586 2772 743 2837 εἶπεν
800 2775 861 2838 ἐν
926 2782 1045 2845 τοῖς
1111 2773 1442 2859 ἔμπροσθεν
1507 2776 1631 2839 ἀντὶ
1685 2780 1786 2839 τοῦ
1852 2777 1883 2838 6
1939 2776 2225 2860 βιασθείς,
2293 2776 2387 2839 διὰ
2447 2779 2550 2839 τοῦ
2610 2779 2708 2839 νῦν
2779 2778 3086 2862 εἰρημένου

583 2874 791 2947 ἔδειξεν
841 2879 1181 2963 μεταλαβὼν
1228 2880 1324 2941 καὶ
1359 2877 1565 2962 μηκέτι
1608 2880 1788 2942 εἰπὼν
1826 2878 1839 2902 ‘
1860 2881 2040 2962 μηδὲν
2073 2878 2550 2964 συμβαλλομένου
2595 2884 2696 2943 τοῦ
2743 2882 3088 2965 πράττοντος

585 2980 622 3062 ἢ
679 2980 1055 3066 πάσχοντος’,
1130 2981 1279 3043 ἀλλὰ
1340 2982 1463 3044 ἀντὶ
1524 2982 1742 3046 τούτων
1806 2984 1985 3045 εἰπὼν
2043 2986 2162 3044 τοῦ
2239 2982 2680 3067 βιασθέντος.
2779 2984 2921 3046 ποτὲ
2983 2986 3086 3067 μὲν
3140 3002 3168 3043 5

480 3100 544 3149 25
584 3085 849 3165 πράττειν
908 3084 1167 3167 λέγομεν,
1227 3084 1367 3146 ποτὲ
1424 3086 1487 3147 δὲ
1544 3086 1818 3169 πάσχειν·
1883 3086 1977 3149 καὶ
2023 3086 2133 3168 γὰρ
2169 3084 2462 3169 “βιασθεὶς
2506 3083 2768 3168 ἔπραξεν’
2825 3088 2920 3150 καὶ
2957 3087 3086 3174 “βίᾳ

584 3184 824 3248 ἔπαθεν’
880 3186 1139 3271 λέγομεν.
1238 3188 1430 3271 ἀρχὴν
1487 3186 1537 3249 δ’
1600 3185 1667 3249 ἂν
1724 3186 1881 3269 λέγοι
1933 3186 2149 3256 ἔξωθεν
2207 3186 2352 3250 εἶναι
2405 3188 2501 3251 ἐπὶ
2556 3192 2670 3250 τῶν
2727 3189 3083 3274 βιαζομένων

582 3289 686 3371 τὴν
733 3292 1055 3374 ποιητικήν.
1145 3292 1184 3372 ἡ
1233 3290 1336 3373 μὲν
1382 3290 1489 3371 γὰρ
1537 3290 1731 3373 τελικὴ
1778 3292 1875 3353 καὶ
1921 3289 1988 3353 οὖ
2037 3290 2227 3354 ἕνεκεν
2278 3290 2432 3354 αἰτία
2478 3289 2624 3354 οὖσα
2669 3290 2886 3361 ἔξωθέν
2927 3295 3079 3359 ἐστιν
3110 3314 3166 3356 ιι)

583 3390 678 3453 ἐπὶ
735 3394 962 3456 πάντων
1018 3397 1132 3453 τῶν
1190 3392 1638 3476 πρασσομένων,
1693 3391 1856 3475 εἴγε
1909 3398 2023 3461 πᾶς
2078 3395 2110 3457 6
2155 3396 2421 3478 πράττων
2477 3394 2649 3458 ἕνεκά
2693 3418 2792 3458 του
2847 3398 3082 3481 πράττει

582 3492 613 3555 ὃ
672 3500 937 3580 πράττει,
1006 3496 1039 3558 ὅ
1095 3495 1244 3557 ἐστιν
1314 3495 1480 3563 ἐκτὸς
1541 3495 1736 3559 αὐτοῦ.
1835 3494 1922 3558 ἔτι
1978 3520 2041 3559 τε
2095 3496 2220 3560 οὐδ’
2283 3496 2353 3560 ἂν
2417 3497 2508 3582 εἴη
2579 3498 2640 3560 ἐν
2695 3503 2815 3568 τοῖς
2881 3501 2977 3585 βίᾳ
3031 3526 3083 3566 τι

477 3617 542 3663 3ο
583 3600 926 3680 πράττουσιν
989 3597 1027 3679 ἢ
1082 3599 1407 3682 πάσχουσιν
1470 3600 1507 3681 ἡ
1566 3603 1647 3668 ὡς
1699 3599 1867 3667 τέλος
1919 3599 2091 3662 αἰτία.
2193 3600 2262 3663 οὗ
2313 3600 2423 3683 γὰρ
2489 3602 2520 3663 6
2579 3601 2916 3686 βιαζόμενος
2967 3603 3079 3667 ὑπό
3109 3622 3162 3665 15

578 3724 727 3769 τινος
772 3703 934 3769 τέλος
978 3725 1030 3763 τι
1075 3698 1201 3786 ἔχει
1254 3702 1627 3784 προκείμενον
1672 3702 1856 3785 αὑτῷ,
1913 3702 1980 3765 οὗ
2029 3705 2198 3787 χάριν
2254 3703 2365 3765 ὑπὸ
2428 3707 2528 3765 τοῦ
2575 3705 2918 3788 βιαζομένου
2963 3708 3081 3793 βιά-

580 3808 755 3874 ζεται.
832 3809 915 3889 τῷ
962 3806 1064 3888 μὲν
1108 3803 1217 3888 γὰρ
1264 3803 1588 3889 βιαζομένῳ
1630 3806 1753 3868 τινὰ
1784 3803 1830 3887 †
1863 3794 1958 3868 καὶ
1996 3809 2164 3868 τοῦτο
2197 3808 2442 3890 πράττον
2473 3806 2512 3889 ἢ
2544 3806 2710 3877 τέλος
2751 3832 2804 3872 τι
2859 3809 3080 3894 πρόκει·

575 3930 687 3983 ται,
734 3908 829 3971 καὶ
876 3908 970 3971 διὰ
1014 3912 1183 3971 τοῦτο
1229 3910 1449 3984 τοῦτον,
1497 3906 1560 3969 ὃν
1608 3908 1887 3993 βιάζεται,
1933 3907 2260 3994 (βιάζεται),
2305 3908 2466 3998 αὐτῷ
2517 3911 2582 3973 δὲ
2635 3910 2819 3974 οὐδέν.
2912 3914 2967 3976 οἱ
3009 3915 3075 3977 δὲ

467 4199 515 4250 2.
554 4198 585 4251 3
624 4199 944 4272 ἀμφοτέροις]
982 4198 1267 4269 ἀμφοτέρας
1305 4217 1337 4251 a
1520 4200 1551 4251 7
1590 4197 1712 4268 ὑπὸ]
1752 4199 1832 4250 ἐπὶ
1870 4217 1901 4250 a
1936 4201 2025 4267 Sp.
2208 4200 2272 4253 10
2308 4202 2386 4271 τῷ
2421 4200 2586 4256 B²s²a
2620 4205 2735 4270 Sp.:
2776 4208 2867 4257 τοῦ
2909 4206 3087 4259 VB¹S¹

472 4288 531 4339 14
570 4286 626 4338 ὃν
664 4304 763 4339 om.
804 4308 833 4339 a
872 4292 958 4355 Sp.
1146 4290 1204 4339 16
1242 4286 1341 4357 τῷ]
1379 4287 1437 4341 τὸ
1466 4308 1497 4339 a
1679 4288 1742 4339 18
1780 4287 1988 4339 titulum
2029 4303 2090 4340 ea
2126 4286 2290 4341 forma
2327 4290 2550 4343 reddunt
2577 4292 2712 4344 vict.
2749 4298 2800 4345 et
2837 4293 2926 4361 Sp.
2954 4308 3058 4361 qua
3093 4310 3181 4347 ex-

465 4379 569 4427 stat
605 4378 661 4427 in
689 4376 869 4429 tabula
1044 4376 1104 4427 ἐκ
1140 4380 1231 4428 τοῦ
1258 4374 1451 4445 τρίτου]
1489 4376 1606 4427 Eth.
1634 4376 1750 4428 Nic.
1778 4376 1867 4440 111,
1897 4376 1942 4426 1.
1979 4376 2225 4429 1110b15
2404 4378 2465 4432 21
2508 4380 2561 4431 ἐν
2589 4377 2630 4451 ᾖ
2657 4379 2756 4433 B²z
2793 4382 2850 4433 in
2885 4380 2962 4433 lit.
2985 4382 3181 4435 view:

462 4462 514 4513 ἓν
552 4463 583 4532 ἢ
613 4465 766 4515 VB¹a
791 4466 880 4530 Sp.
1060 4462 1125 4514 ⁸22
1164 4464 1215 4515 ἐν
1253 4469 1357 4520 τοῖς
1392 4462 1697 4534 ἔμπροσθεν]
1734 4464 1850 4515 Eth.
1879 4464 1990 4516 Nic.
2018 4464 2110 4529 111,
2143 4466 2186 4517 l.
2219 4466 2434 4519 111022
2629 4466 2696 4519 23
2734 4467 3033 4537 μεταβαλὼν
3073 4472 3184 4533 ‚vir

464 4550 645 4601 doctus
673 4552 729 4602 in
753 4550 987 4619 exemplo
1018 4550 1141 4603 bibl.
1168 4552 1311 4603 univ.
1338 4552 1570 4604 Monae.“
1596 4553 1685 4618 Sp.
1849 4552 1934 4602 24.
1961 4552 2026 4605 25
2055 4554 2144 4620 μὲν
2171 4554 2264 4624 γὰρ
2289 4556 2520 4624 πράττειν
2545 4573 2578 4607 a
2601 4558 2690 4623 Sp.
2852 4557 2918 4609 25
2955 4554 3180 4627 λεγοΙμεν

460 4654 513 4719 (υ
539 4655 647 4707 sive
674 4671 732 4706 ου
760 4670 919 4723 supra
942 4674 969 4706 ν
1000 4672 1045 4707 v.
1071 4656 1173 4722 c.?)
1194 4660 1242 4707 V
1388 4655 1454 4707 28
1478 4644 1569 4709 τοὺ
1596 4658 1671 4709 sic
1692 4660 1739 4707 V
1885 4656 1951 4708 29
1979 4658 2179 4726 πράττει
2205 4657 2232 4709 δ
2257 4658 2329 4711 13²
2357 4656 2526 4712 vich?
2553 4663 2668 4727 Sp.:
2696 4663 2926 4732 πράττειν
2953 4662 2980 4714 ὃ
3005 4666 3128 4715 VFa

460 4741 615 4793 αὑτοῦ
632 4745 677 4794 V
822 4742 891 4795 30
916 4742 948 4811 ὴ
978 4742 1047 4801 ὡς
1069 4761 1102 4794 a
1243 4744 1305 4797 31
1336 4744 1477 4814 αὐτῷ
1494 4762 1525 4795 ει
1546 4746 1633 4811 Sp.
1778 4743 1844 4797 32
1873 4746 2090 4816 πράττον
2116 4744 2229 4815 ῆνι
2259 4749 2526 4819 πράττοντι
2545 4751 2626 4802 SB
2649 4752 2791 4813 (ante
2816 4749 2956 4809 τέλος
2981 4754 3179 4815 rasura)

458 4847 489 4879 a
514 4832 631 4896 Sp.:
670 4830 887 4882 fortasse
924 4830 1012 4882 καὶ
1049 4833 1199 4894 (τοῦ)
1237 4836 1385 4883 τοῦτο
1426 4834 1725 4903 πράττειν
1762 4832 1904 4891 τέλος
2049 4833 2114 4885 ‘23
2155 4833 2210 4885 ὃν
2249 4850 2348 4887 om.
2387 4854 2419 4887 a
2443 4838 2531 4902 Sp.
2677 4837 2893 4906 βιάζεται
2931 4840 3108 4893 addidi
