3684 5567
536 252 657 315 168
1420 249 1882 308 AAssz-:Assl’or
1919 250 2370 308 ΑΦΡΟΔΙΣΙΕΩΣ

645 422 717 485 τὰ
764 424 868 503 μὲν
914 422 1014 485 οὖν
1059 424 1245 491 οὕτως
1288 423 1560 505 γινόμενα
1604 423 1880 493 ἀσκόπως
1923 448 1987 487 τε
2033 426 2128 487 καὶ
2172 426 2378 492 ἁπλῶς
2419 424 2688 506 γινόμενα
2745 424 3016 506 οὐδεμίαν
3059 422 3150 485 εὖ·

642 527 809 606 λογον
857 524 983 609 ἔχει
1030 526 1321 609 διαίρεσιν,
1378 532 1493 589 τῶν
1539 528 1603 589 δὲ
1648 526 1746 589 ἐπί
1788 550 1840 589 τι
1885 528 1988 608 τὴν
2033 526 2330 609 ἀναφορὰν
2375 525 2631 610 ἐχόντων
2663 528 2761 589 καί
2803 550 2954 595 τινος
3001 549 3146 607 γινο·

644 626 833 707 μένων
878 629 1048 711 χάριν
1096 629 1166 691 τὰ
1214 628 1316 709 μὲν
1364 629 1513 693 κατὰ
1558 630 1661 711 τὴν
1706 628 1896 713 φύσιν,
1943 629 2014 691 τὰ
2069 630 2132 690 δὲ
2187 628 2336 691 κατὰ
2386 630 2484 691 τὸν
2537 628 2706 709 λόγον
2759 630 2984 709 γίνεται.
3073 628 3148 688 τά

640 752 702 791 τε
744 730 854 812 γὰρ
900 730 1067 813 φύσιν
1120 732 1302 792 αἰτίαν
1348 728 1561 814 ἔχοντα
1606 738 1710 814 τῆς
1754 732 2038 812 γενέσεως
2090 731 2238 793 κατά
2287 752 2444 797 τινας
2485 730 2770 813 ἀριθμοὺς
2835 732 2931 792 καὶ
2993 728 3148 797 τάξιν
3173 745 3232 787 ω

570 850 599 897 5
640 831 967 914 ὡρισμένην
1013 832 1267 914 πρόεισιν
1312 830 1396 901 εἴς
1440 856 1492 894 τι
1538 833 1720 905 τέλος,
1766 834 1827 894 ἐν
1875 831 1928 917 ᾧ
1972 832 2254 914 γενόμενα
2311 835 2413 893 τοῦ
2469 832 2729 912 γίνεσθαι
2781 833 3040 905 παύεται,
3097 832 3147 892 εἰ

648 935 729 1017 μή
776 957 828 995 τι
871 933 1068 1001 αὐτοῖς
1112 934 1317 997 ἐνστὰν
1363 935 1638 1015 ἐμποδὼν
1683 935 1902 1017 γένοιτο
1947 939 2022 1017 τῇ
2069 936 2216 997 κατὰ
2259 932 2428 1017 φύσιν
2459 933 2654 996 αὐτῶν
2699 934 2795 996 ἐπὶ
2825 934 2890 997 τὸ
2921 932 3141 1017 προκεί-
3181 939 3238 995 12

640 1058 809 1117 μενον
854 1036 1019 1104 τέλος
1063 1038 1211 1120 ὁδῷ,
1259 1038 1408 1101 ἀλλὰ
1454 1040 1552 1101 καὶ
1596 1038 1669 1101 τὰ
1712 1037 1859 1100 κατὰ
1903 1037 2072 1117 λόγον
2117 1034 2387 1117 γινόμενα
2433 1033 2558 1119 ἔχει
2617 1059 2672 1097 τι
2723 1036 2906 1104 τέλος.
2982 1036 3146 1098 οὐδὲν

642 1137 751 1221 γὰρ
798 1141 882 1206 ὡς
927 1136 1131 1222 ἔτυχεν
1178 1143 1293 1199 τῶν
1342 1139 1489 1202 κατὰ
1542 1138 1710 1221 λόγον
1768 1138 2084 1221 γινομένων
2137 1139 2368 1219 γίνεται,
2423 1137 2544 1199 ἀλλ’
2609 1138 2709 1199 ἐπί
2756 1160 2880 1201 τινα
2935 1139 3148 1200 σκοπὸν

642 1241 681 1321 ἡ
729 1239 992 1322 ἀναφορὰ
1037 1244 1213 1302 πᾶσιν
1258 1241 1473 1309 αὐτοῖς.
1564 1240 1686 1303 ἔστι
1730 1241 1795 1303 δὲ
1840 1239 1988 1301 κατὰ
2031 1241 2200 1321 λόγον
2244 1240 2534 1321 γινόμενα,
2581 1239 2692 1303 ὅσα
2732 1241 2846 1303 ὑπὸ
2883 1246 3002 1303 τῶν
3033 1263 3150 1301 ποι·
3202 1258 3230 1299 5

542 1362 602 1407 ιο
640 1341 855 1404 ούντων
901 1342 1049 1405 αὐτὰ
1092 1342 1305 1423 γίνεται
1349 1341 1739 1424 λογιζομένων
1785 1366 1849 1403 τε
1894 1343 2024 1425 περὶ
2067 1342 2258 1405 αὐτῶν
2305 1342 2402 1404 καὶ
2459 1342 2838 1404 συντιθέντων
2893 1340 3028 1405 καθ’
3085 1342 3147 1404 ὃν

642 1444 711 1506 ἂν
758 1444 969 1526 τρόπον
1014 1444 1285 1524 γένοιντο.
1374 1445 1562 1513 οὕτως
1605 1445 1815 1526 γίνεται
1863 1446 1932 1505 τά
1977 1466 2040 1505 τε
2085 1444 2236 1505 κατὰ
2281 1444 2382 1510 τὰς
2425 1444 2636 1528 τέχνας
2665 1444 2932 1526 γινόμενα
2964 1446 3150 1507 πάντα

644 1548 737 1608 καὶ
784 1547 931 1609 κατὰ
982 1547 1330 1629 προαίρεσιν,
1388 1546 1427 1608 ἃ
1480 1546 1737 1629 διαφέρει
1790 1550 1905 1607 τῶν
1959 1544 2274 1626 γινομένων
2329 1544 2500 1629 φύσει
2553 1550 2638 1629 τῷ
2696 1547 2768 1607 τὰ
2823 1548 2924 1628 μὲν
2979 1548 3150 1631 φύσει

636 1646 906 1731 γινόμενα
951 1649 1011 1710 ἐν
1056 1649 1252 1717 αὐτοῖς
1299 1646 1459 1733 ἔχειν
1506 1649 1607 1730 τὴν
1654 1649 1846 1732 ἀρχήν
1901 1671 1964 1709 τε
2019 1649 2116 1710 καὶ
2171 1647 2356 1710 αἰτίαν
2413 1652 2520 1730 τῆς
2562 1648 2827 1729 τοιαύτης
2871 1650 3150 1730 γενέσεως
3177 1670 3234 1711 le

634 1751 919 1830 (τοιοῦτον
964 1750 1071 1833 γὰρ
1118 1752 1156 1833 ἡ
1204 1750 1402 1834 φύσις·
1451 1753 1545 1812 καὶ
1588 1750 1801 1831 γίνεται
1847 1751 1950 1831 μὲν
1998 1751 2146 1812 κατὰ
2189 1749 2342 1818 τάξιν
2389 1752 2534 1823 τινά,
2589 1748 2658 1811 οὐ
2714 1752 2828 1833 μὴν
2879 1758 2987 1834 τῆς
3029 1776 3148 1815 ποι·

537 1873 597 1920 15
638 1853 818 1935 ούσης
864 1852 1013 1915 αὐτὰ
1058 1854 1293 1935 φύσεως
1338 1852 1557 1934 ὁμοίως
1602 1858 1724 1919 ταῖς
1770 1852 1998 1936 τέχναις
2042 1855 2302 1935 λογισμῷ
2359 1852 2492 1935 περὶ
2545 1852 2738 1916 αὐτῶν
2791 1854 3149 1938 χρωμένης),

637 1956 709 2018 τὰ
754 1956 817 2017 δὲ
862 1954 1132 2038 γινόμενα
1180 1955 1323 2018 κατὰ
1368 1954 1579 2039 τέχνην
1624 1978 1689 2017 τε
1733 1956 1828 2017 καὶ
1876 1954 2204 2037 προαίρεσιν
2251 1952 2468 2022 ἔξωθεν
2517 1952 2646 2039 ἔχει
2685 1956 2790 2038 τὴν
2821 1957 3013 2039 ἀρχὴν
3047 1960 3151 2039 τῆς
3179 1974 3233 2016 15

638 2059 923 2140 κινήσεως
965 2058 1062 2120 καὶ
1107 2059 1213 2139 τὴν
1258 2057 1440 2119 αἰτίαν
1488 2058 1591 2139 τὴν
1638 2061 1938 2131 ποιοῦσαν,
1986 2056 2105 2119 ἀλλ’
2163 2056 2268 2119 οὐκ
2329 2056 2388 2118 ἐν
2445 2055 2642 2125 αὐτοῖς
2694 2058 2790 2119 καὶ
2845 2062 2948 2140 τῆς
3001 2056 3150 2139 γενέ-

640 2180 791 2227 σεως
836 2158 1027 2221 αὐτῶν
1075 2163 1173 2220 τοῦ
1221 2163 1517 2226 ποιοῦντος
1562 2159 1773 2239 γίνεται
1828 2158 1961 2241 περὶ
2016 2158 2208 2220 αὐτῶν
2262 2156 2554 2241 λογισμός.
2642 2158 2829 2241 τρίτον
2883 2159 2948 2220 δέ
3001 2159 3151 2220 ἐστιν

640 2261 699 2321 ἐν
746 2266 869 2329 τοῖς
914 2261 1087 2323 ἕνεκά
1132 2284 1231 2323 του
1262 2261 1579 2343 γινομένοις
1624 2262 1719 2322 καὶ
1766 2262 1838 2322 τὰ
1884 2261 2001 2322 ἀπὸ
2048 2266 2232 2345 τύχης
2276 2284 2340 2322 τε
2371 2261 2464 2321 καὶ
2497 2259 2860 2341 ταύτομάτου
2891 2260 3149 2341 γίνεσθαι

540 2384 608 2429 20
645 2363 1071 2443 πεπιστευμένα
1116 2363 1298 2445 ταύτῃ
1355 2369 1469 2425 τῶν
1526 2364 1977 2446 προηγουμένως
2032 2362 2204 2425 ἕνεκά
2255 2386 2358 2423 του
2410 2360 2726 2444 γινομένων
2781 2362 3145 2445 διαφέροντα,
3172 2379 3231 2420 se

637 2462 680 2549 ᾗ
734 2464 825 2527 ἐπ’
882 2466 1117 2528 ἐκείνων
1166 2467 1271 2546 μὲν
1318 2469 1431 2527 πᾶν
1478 2466 1543 2527 τὸ
1591 2467 1701 2547 πρὸ
1747 2469 1848 2527 τοῦ
1895 2464 2096 2534 τέλους
2137 2464 2431 2547 γινόμενον
2475 2469 2578 2526 τοῦ
2621 2464 2824 2534 τέλους
2857 2467 3027 2549 χάριν
3076 2466 3146 2545 γί·

644 2592 821 2642 νεται,
868 2568 964 2630 ἐπὶ
1010 2569 1075 2629 δὲ
1120 2569 1338 2629 τούτων
1384 2568 1455 2629 τὰ
1502 2568 1605 2649 μὲν
1637 2568 1908 2650 γινόμενα
1952 2569 2064 2651 πρὸ
2111 2570 2212 2629 τοῦ
2259 2566 2460 2635 τέλους
2503 2566 2682 2629 ἄλλου
2714 2569 2885 2652 χάριν
2915 2569 3144 2650 γίνεται,

642 2672 871 2754 ἀπαντᾷ
916 2670 968 2733 δ’
1024 2670 1221 2739 αὐτοῖς
1266 2669 1444 2731 ἄλλου
1492 2672 1659 2753 χάριν
1704 2670 2023 2751 γινομένοις
2077 2672 2157 2737 ὡς
2215 2668 2380 2737 τέλος
2431 2670 2497 2731 τὸ
2552 2670 2895 2750 αὐτομάτως
2947 2694 3010 2733 τε
3053 2671 3148 2732 καὶ
3177 2686 3233 2727 εὖ

637 2774 754 2836 ἀπὸ
802 2774 985 2857 τύχης
1028 2774 1287 2853 γίνεσθαι
1330 2774 1659 2854 λεγόμενον.
1750 2773 1968 2835 τούτων
2017 2773 2068 2835 δ’
2125 2772 2308 2840 οὕτως
2355 2770 2613 2857 ἐχόντων
2644 2774 2742 2835 καὶ
2773 2775 3002 2835 πάντων
3033 2778 3147 2835 τῶν
3187 2780 3230 2829 V

530 2896 595 2945 25
633 2876 945 2958 γινομένων
999 2876 1079 2943 εἰς
1136 2874 1370 2942 τούτους
1424 2874 1555 2941 τοὺς
1610 2874 1854 2958 τρόπους
1915 2872 2322 2957 νενεμημένων
2379 2873 2704 2937 ἀκόλουθον
2770 2876 2866 2937 ἐπὶ
2931 2874 3150 2942 τούτοις

640 2980 800 3053 ἰδεῖν,
856 2980 915 3040 ἐν
962 2978 1111 3061 ποίῳ
1158 2982 1275 3038 τῶν
1330 2981 1645 3059 ποιητικῶν
1700 2978 1897 3041 αἰτίων
1951 2978 2070 3061 χρὴ
2129 2977 2348 3040 τιθέναι
2402 2978 2508 3060 τὴν
2563 2978 2936 3061 εἱμαρμένην.
3035 2975 3151 3060 ἆρά

638 3104 703 3162 γε
750 3080 807 3141 ἐν
855 3085 974 3148 τοῖς
1018 3080 1250 3147 οὐδενὸς
1294 3078 1610 3160 γινομένοις
1654 3081 1853 3163 χάριν;
1901 3080 1939 3161 ἢ
1986 3082 2155 3141 τοῦτο
2203 3079 2305 3161 μὲν
2353 3080 2714 3142 παντάπασιν
2758 3078 2994 3159 ἄλογον·
3039 3079 3151 3143 αἰεὶ
3176 3097 3235 3140 so

538 3246 736 3253 ——-———-
833 3244 1098 3250 ————.—-
1137 3246 1146 3248 -
1267 3244 1342 3249 ..—

542 3344 565 3395 1
616 3362 670 3395 τε
718 3358 816 3393 οω.
868 3342 1123 3394 Eusebius
1336 3341 1368 3392 3
1417 3342 1509 3411 τὴν
1558 3357 1657 3393 om.
1711 3342 1966 3395 Eusebius
2011 3342 2066 3392 αἱ
2269 3339 2353 3393 τὸν
2402 3355 2502 3394 om.
2542 3342 2796 3394 Eusebius
2832 3344 2884 3393 a¹
3097 3344 3129 3395 4
3165 3344 3259 3412 τὴν

535 3431 782 3500 γενέσεως
812 3429 1021 3481 Eusebii
1062 3428 1175 3480 cod.
1206 3428 1223 3479 1
1405 3428 1436 3479 5
1476 3426 1567 3495 εἷς]
1607 3428 1685 3479 ἐπί
1716 3428 1970 3480 Eusebius
2185 3444 2231 3478 τι
2268 3442 2366 3479 om.
2393 3426 2450 3479 ε’
2659 3430 2894 3497 γινόμενα
2936 3430 3188 3483 Eusebius

543 3516 772 3586 γενέσθαι
808 3516 863 3568 a²
1076 3515 1321 3567 παύονται
1362 3516 1571 3567 Eusebii
1612 3513 1749 3581 vulg.
1967 3515 2000 3565 6
2037 3512 2214 3565 ἐνστὰν
2241 3514 2494 3567 Eusebius
2533 3514 2612 3567 ⁸²:
2651 3512 2748 3567 ἐστ’
2789 3515 2849 3567 ἂν
2891 3518 2984 3567 V¹=
3023 3518 3120 3570 del.
3162 3518 3259 3569 V²:

540 3618 637 3655 om.
678 3604 789 3655 a¹O
992 3602 1177 3671 γίνοιτο
1214 3602 1428 3655 Eusebii
1468 3601 1605 3669 vulg.
1821 3600 1851 3651 7
1893 3617 1968 3667 pr.
2006 3598 2150 3656 τέλος
2187 3614 2286 3652 om.
2329 3600 2581 3653 Eusebius
2817 3604 2880 3656 τὰ
2917 3620 3015 3657 om.
3053 3605 3107 3656 αἱ

540 3691 573 3743 8
612 3690 826 3754 σκοπὸν]
864 3690 1023 3760 φορὰν
1064 3690 1278 3742 Eusebii
1319 3706 1366 3756 p.
1393 3689 1424 3740 l.
1648 3688 1703 3739 ll
1746 3688 1936 3756 γένοιτο
1976 3687 2232 3739 Eusebius
2259 3690 2304 3740 O
2516 3689 2724 3758 γίνεται]
2770 3692 2950 3760 γίνοιτο
2993 3690 3050 3743 a²

535 3796 590 3829 τε
627 3792 726 3828 om.
770 3778 978 3829 Eusebii
1018 3794 1065 3843 p.
1094 3776 1126 3827 l.
1167 3774 1221 3828 εἳ
1398 3775 1457 3827 12
1494 3776 1557 3827 τὰ
1595 3774 1727 3826 κατὰ
1766 3774 2023 3825 Eusebius
2183 3774 2216 3825 ἃ
2253 3788 2353 3826 om.
2397 3775 2606 3828 Eusebii
2646 3778 2806 3830 cod.l
2975 3780 3053 3848 τῷ
3086 3781 3140 3831 in
3181 3780 3260 3831 lit.

537 3864 567 3913 6
595 3864 692 3915 litt.
720 3867 767 3913 V
976 3863 1036 3914 13
1093 3866 1181 3922 τὰς
1226 3864 1385 3920 αἰτίας
1424 3864 1677 3915 Eusebius
1888 3861 1950 3911 14
1996 3860 2182 3929 γίνεται
2219 3862 2300 3913 12⁸³:
2349 3861 2570 3929 γίνεσθαι
2601 3868 2650 3915 V
2691 3864 2946 3918 Eusebius
2987 3868 3098 3920 2¹0
3143 3866 3263 3932 (ὡς

536 3950 755 4020 γίνεσθαι
798 3950 1088 4015 Schwartz)
1314 3954 1404 4016 μὲν
1452 3966 1551 4002 om.
1594 3948 1759 4001 Lond.
1979 3949 2040 4001 15
2079 3950 2360 4021 χρωμένοις
2395 3950 2478 4002 vel
2515 3952 2793 4021 χρωμένως
2829 3952 3040 4006 Eusebii
3078 3970 3128 4021 ρ.
3153 3952 3187 4005 l.

542 4040 603 4090 16
639 4043 729 4106 τῆς
767 4054 865 4089 om.
888 4042 933 4091 O
1154 4038 1210 4088 17
1252 4038 1517 4099 ποιοῦσαν]
1554 4054 1586 4087 α
1621 4036 1678 4086 in
1718 4035 1793 4087 lit.
1833 4040 1881 4086 V
2096 4037 2182 4087 καὶ
2223 4036 2316 4105 τὴν
2352 4041 2589 4088 ποιοῦσαν
2629 4038 2788 4089 αἰτίαν
2827 4039 3038 4092 Eusebii
3075 4057 3126 4107 p.
3153 4041 3186 4091 l.

544 4124 607 4176 18
664 4142 739 4192 pr.
786 4124 980 4193 αὐτῶν]
1040 4124 1209 4181 αὐτοῖς
1255 4124 1309 4175 a²
1560 4116 1601 4175 δ’
1632 4127 1723 4174 τοῦ
1776 4124 2030 4176 Eusebius
2069 4126 2114 4176 Ο
2345 4128 2604 4176 ποιοῦνται
2641 4124 2853 4177 Eusebii
2901 4126 3012 4178 cod.
3049 4129 3092 4178 B

536 4212 723 4281 γίνεται
772 4216 818 4280 (γ
858 4213 913 4263 in
952 4212 1051 4275 lit.)
1084 4212 1235 4262 Va12:
1293 4210 1483 4280 ἡγεῖται
1519 4210 1777 4262 Eusebius
1994 4210 2160 4279 τρίτον
2207 4209 2258 4262 δέ
2307 4210 2436 4262 ἐστιν
2485 4211 2761 4263 Eusebius:
2809 4212 2941 4263 ἔστιν
2983 4214 3102 4266 libri

550 4302 607 4351 19
664 4298 753 4352 οὖν
810 4300 861 4351 ἐν
916 4307 1022 4355 τοῖς
1068 4298 1147 4350 8²:
1204 4298 1289 4349 οὖν
1338 4304 1441 4354 τοῖς
1486 4298 1650 4349 Lond.
1701 4297 1815 4349 Cas.
2067 4300 2152 4349 καὶ
2199 4297 2297 4349 ἀπὸ
2342 4296 2660 4365 ταύτομάτου
2711 4298 2788 4350 3²:
2844 4302 2931 4351 καὶ
2975 4304 3066 4351 τοῦ
3111 4300 3261 4353 αὺτο-

540 4388 701 4453 μάτου
742 4386 995 4437 Eusebius
1244 4386 1311 4437 20
1366 4384 1748 4451 πεπιστευμένα]
1805 4402 1864 4435 πε
1911 4400 2070 4451 supra
2107 4399 2306 4435 versum
2345 4388 2394 4434 V
2625 4388 3016 4455 προηγουμένως
3049 4386 3120 4438 Β2
3159 4388 3260 4439 Eu-

540 4473 671 4525 sebii
722 4472 859 4539 vulg.
906 4472 1070 4524 Lond.
1109 4475 1182 4525 O:
1238 4471 1631 4540 προηγουμένων
1662 4474 1706 4521 V
1746 4470 1957 4522 Eusebii
2007 4471 2121 4523 cod.
2159 4472 2197 4523 C
2421 4470 2482 4521 21
2545 4471 2635 4540 μὲν
2683 4471 2758 4524 ὅτι
2802 4478 2902 4524 πᾶν
2945 4473 3004 4525 τὸ
3048 4473 3142 4543 πρὸ
3179 4474 3262 4525 ειέ

542 4564 631 4627 μὲν
678 4558 830 4627 δῆλον
877 4556 953 4609 ὅτι
988 4564 1083 4609 πᾶν
1131 4558 1188 4610 τὸ
1238 4558 1334 4629 πρὸ
1375 4562 1444 4608 Εε
1505 4556 1594 4623 μὲν
1642 4558 1708 4607 τὰ
1744 4556 1839 4625 πρὸ
1887 4555 2027 4628 (πρὸς
2065 4558 2178 4610 cod.
2217 4558 2320 4621 Bc)
2357 4558 2614 4611 Eusebius
2857 4560 3113 4630 γινόμενον
3159 4576 3262 4613 om.

542 4648 798 4699 Eusebius
1081 4645 1169 4697 alt.
1226 4650 1317 4697 τοῦ
1362 4644 1536 4702 τέλους
1584 4658 1683 4694 om.
1733 4643 1941 4695 Eusebii
1991 4644 2104 4695 cod.
2150 4648 2239 4697 BC
2526 4646 2592 4698 23
2645 4664 2702 4698 τε
2745 4662 2844 4699 om.
2891 4646 2947 4698 ε’

542 4733 610 4785 25
650 4731 888 4801 τρόπους]
930 4732 1147 4789 σκοποὺς
1173 4734 1223 4783 a¹
1441 4732 1505 4782 26
1546 4730 1702 4799 ποίῳ]
1738 4731 1832 4781 τίνι
1863 4731 2116 4783 Eusebius
2330 4734 2458 4799 τῶν]
2495 4752 2524 4785 τ
2561 4736 2616 4785 in
2656 4732 2731 4786 lit.
2761 4736 2808 4785 V
3021 4734 3085 4786 27
3125 4752 3264 4805 γενο-

543 4820 707 4883 μένοις
747 4824 792 4873 O
1006 4818 1037 4889 ἦ
1078 4822 1123 4871 Ο
