3684 5567
1338 244 1499 302 ΠΕΡΙ
1537 244 2007 303 ΕΙΜΑΡΜΕΝΗΣ
2044 247 2217 301 9—10
3009 248 3124 312 177

529 420 581 479 οἱ
627 418 883 501 μάντεις)
924 418 1031 481 οὐκ
1073 416 1235 483 ἔσται
1280 419 1491 485 δυνατὰ
1521 420 1567 502 †
1598 418 1733 484 ὄντα
1778 423 2038 487 δυνατοῖς
2077 420 2287 484 εἰδόσιν
2320 422 2425 505 μὲν
2457 421 2602 485 αὐτὰ
2633 420 3022 485 κεκωλυκέναι

531 522 829 600 ἀγνοοῦσιν
875 523 939 584 δὲ
984 520 1081 606 ὑφ’
1138 525 1309 606 ἡμῶν
1352 524 1691 591 κωλύοντες.
1781 527 2064 595 σώζοντες
2129 525 2194 586 δὲ
2255 525 2358 607 τὴν
2419 529 2522 586 τοῦ
2566 526 2812 589 δυνατοῦ
2857 524 3024 609 φύσιν
3053 538 3108 579 ιο

528 623 713 690 οὕτως
778 628 859 691 ὡς
923 625 1237 709 εἰρήκαμεν
1296 626 1391 689 διὰ
1436 626 1604 689 τοῦτό
1648 648 1821 709 φασιν
1890 628 2039 710 μηδὲ
2081 626 2154 688 τὰ
2205 626 2508 709 γιγνόμενα
2553 626 2689 690 καθ’
2745 624 3021 710 εἱμαρμέ-

528 750 629 811 νην
694 728 875 791 καίτοι
930 729 1319 813 ἀπαραβάτως
1370 729 1641 813 γινόμενα
1705 730 1766 798 ἐξ
1820 730 2072 814 ἀνάγκης
2123 730 2411 811 γίνεσθαι,
2479 729 2566 792 ὅτι
2622 731 2774 794 ἐστὶν
2831 730 3026 795 αὐτοῖς

458 850 489 899 5
529 832 769 894 δυνατὸν
813 832 1085 913 γενέσθαι
1129 834 1223 895 καὶ
1270 834 1333 895 τὸ
1380 834 1789 916 ἀντικείμενον,
1836 834 2080 896 δυνατὸν
2125 834 2308 901 οὕτως
2341 838 2422 903 ὥς
2453 835 2804 918 προείρηται.
2875 832 3024 895 ἀλλά
3053 848 3106 891 15

532 938 711 997 ταῦτα
757 936 860 1015 μὲν
906 936 1225 1006 παιζόντων
1274 936 1471 1019 ὥσπερ
1518 935 1681 999 εἶπόν
1728 936 1901 1015 ἐστιν,
1970 934 2090 999 ἀλλ’
2147 936 2214 999 οὐ
2259 936 2700 1019 παρισταμένων
2767 934 3024 1018 δόγματι.

530 1036 727 1119 ὅμοιον
759 1038 823 1099 δὲ
853 1037 1041 1122 τούτῳ
1072 1040 1165 1101 καὶ
1210 1041 1275 1102 τὸ
1320 1040 1528 1123 λέγειν,
1570 1040 1637 1101 τὸ
1685 1039 1912 1121 ἀξίωμα
1942 1042 2006 1101 τὸ
2042 1036 2234 1101 “ἔσται
2281 1037 2476 1123 αὔριον
2515 1037 2836 1123 ναυμαχία’
2893 1038 3027 1120 ἀλη-

538 1140 640 1209 θὲς
686 1141 789 1221 μὲν
834 1138 979 1203 εἶναι
1024 1141 1326 1219 δύνασθαι,
1373 1142 1441 1205 οὔ
1490 1142 1682 1225 μέντοι
1724 1143 1821 1204 καὶ
1878 1142 2205 1223 ἀναγκαῖον.
2296 1144 2600 1223 ἀναγκαῖον
2659 1142 2762 1223 μὲν
2807 1140 2916 1223 γὰρ
2961 1142 3025 1202 τὸ

531 1242 623 1305 ἀεὶ
670 1242 908 1325 ἀληθές,
975 1248 1145 1307 τοῦτο
1192 1245 1256 1307 δὲ
1300 1243 1488 1308 οὐκέτ’
1548 1244 1767 1327 ἀληθὲς
1812 1244 1989 1327 μένει,
2060 1243 2290 1307 ἐπειδὰν
2335 1246 2374 1326 ἡ
2421 1245 2719 1329 ναυμαχία
2771 1245 3026 1327 γένηται.
3055 1261 3112 1303 2⁰

431 1367 495 1413 ιο
532 1348 585 1410 εἰ
628 1347 693 1408 δὲ
739 1347 821 1430 μὴ
866 1352 1035 1410 τοῦτο
1082 1348 1413 1429 ἀναγκαῖον,
1455 1348 1591 1411 οὐδὲ
1632 1348 1699 1410 τὸ
1733 1346 1831 1410 ὑπ’
1873 1347 2050 1410 αὐτοῦ
2097 1346 2516 1431 σημαινόμενον
2562 1351 2627 1410 τὸ
2675 1347 2734 1416 ἐξ
2779 1348 3032 1429 ἀνάγκης

535 1448 773 1514 ἔσεσθαι
820 1452 1161 1535 ναυμαχίαν.
1253 1452 1307 1513 εἰ
1370 1452 1435 1514 δὲ
1500 1449 1661 1514 ἔσται
1707 1451 1809 1534 μὲν
1865 1450 1970 1513 οὐκ
2023 1450 2083 1519 ἐξ
2149 1451 2400 1533 ἀνάγκης
2463 1450 2704 1534 ἀληθές,
2772 1450 3033 1532 ἀληθοῦς

540 1552 699 1621 ὄντος
744 1557 845 1616 τοῦ
891 1550 1131 1617 ἔσεσθαι
1175 1555 1525 1638 ναυμαχίαν,
1592 1554 1699 1616 οὐκ
1743 1553 1802 1621 ἐξ
1849 1554 2101 1636 ἀνάγκης
2145 1552 2229 1629 δέ,
2297 1554 2695 1638 ἐνδεχομένως
2749 1550 3030 1633 δηλονότι.

532 1658 583 1719 εἰ
628 1658 693 1719 δὲ
735 1656 1152 1740 ἐνδεχομένως,
1197 1656 1304 1719 οὐκ
1349 1657 1661 1739 ἀναιρεῖται
1705 1657 1770 1717 τὸ
1816 1655 2216 1740 ἐνδεχομένως
2281 1658 2403 1719 τινὰ
2449 1657 2715 1738 γενέσθαι
2773 1656 2885 1717 ὑπὸ
2931 1658 3031 1717 τοῦ
3059 1671 3112 1712 25

532 1762 717 1823 πάντα
738 1758 997 1840 γίνεσθαι
1026 1756 1151 1821 καθ’
1174 1759 1544 1843 εἱμαρμένην.
1592 1762 1759 1821 πάλιν
1782 1757 1890 1842 γὰρ
1915 1759 2012 1821 καὶ
2043 1760 2209 1820 τοῦτο
2225 1756 2450 1841 <ὄμοιον
2474 1762 2560 1843 τῷ
2583 1756 3028 1842 προειρημένῳ>·

432 1884 493 1931 15
532 1864 681 1943 ὁμοῦ
712 1863 819 1945 γὰρ
852 1861 1169 1933 παιζόντων
1202 1862 1349 1943 ὁμοῦ
1391 1863 1457 1924 δὲ
1489 1862 1845 1942 ἀγνοούντων
1877 1862 2007 1945 περὶ
2054 1862 2134 1923 ὧν
2165 1861 2448 1943 λέγουσιν.
2517 1859 2652 1923 οὔτε
2681 1861 2789 1945 γὰρ
2822 1866 2935 1923 πᾶν
2965 1861 3030 1923 τὸ

534 1967 593 2035 ἐξ
637 1967 891 2049 ἀνάγκης
932 1966 1261 2047 γιγνόμενον
1306 1966 1635 2047 ἀναγκαῖον,
1690 1964 1837 2047 εἴγε
1883 1966 1947 2026 τὸ
1996 1966 2099 2047 μὲν
2143 1964 2452 2045 ἀναγκαῖον
2499 1964 2698 2036 ἀίδιον,
2747 1966 2812 2026 τὸ
2859 1965 2924 2026 δὲ
2968 1962 3030 2031 ἐξ
3055 1979 3111 2021 8⁰

536 2070 791 2152 ἀνάγκης
836 2068 1131 2149 γινόμενον
1179 2066 1275 2129 ὑπ’
1332 2068 1511 2131 αὐτοῦ
1556 2073 1657 2131 τοῦ
1701 2068 1960 2150 γίνεσθαι
2004 2072 2262 2130 τοιοῦτον
2307 2066 2452 2129 εἶναι
2494 2070 2840 2140 κεκώλυται,
2900 2064 3034 2128 οὔτε

534 2174 599 2235 τὸ
646 2172 875 2252 ἀξίωμα
918 2170 984 2232 τὸ
1026 2164 1197 2232 τοῦτο
1242 2170 1407 2252 λέγον
1454 2172 1781 2253 ἀναγκαῖον,
1826 2170 1972 2252 εἴγε
2003 2172 2085 2253 μὴ
2123 2171 2187 2231 τὸ
2234 2168 2331 2231 ὑπ’
2385 2168 2565 2231 αὐτοῦ
2610 2168 3035 2253 σημαινόμενον

537 2279 812 2342 τοιοῦτον.
902 2272 971 2335 οὔ
1016 2272 1126 2356 γὰρ
1172 2278 1285 2337 πᾶν
1328 2272 1576 2357 ἀξίωμα,
1620 2274 1680 2336 ἐν
1726 2270 1777 2357 ᾧ
1825 2275 1891 2335 τὸ
1938 2274 2249 2354 ἀναγκαῖον
2309 2272 2659 2357 περιέχεται,
2729 2273 3035 2353 ἀναγκαῖον

427 2399 498 2445 20
535 2378 651 2461 ἤδη
689 2376 735 2457 †
766 2374 913 2457 εἴγε
944 2378 1086 2459 μήν·
1135 2376 1203 2439 οὐ
1232 2376 1339 2459 γὰρ
1376 2376 1382 2451 Ι
1418 2376 1601 2458 ταύτῃ
1636 2377 1701 2438 τὸ
1736 2376 2045 2457 ἀναγκαῖον
2079 2375 2303 2457 ἀξίωμα
2333 2376 2605 2459 κρίνεται,
2642 2375 2792 2437 ἀλλὰ
2824 2380 2906 2459 τῷ
2951 2375 3030 2457 μὴ
3073 2381 3143 2437 34

538 2480 905 2564 μεταπίπτειν
952 2478 1232 2541 δύνασθαι
1264 2481 1345 2547 εἰς
1390 2482 1598 2563 ψεῦδος
1629 2478 1688 2547 ἐξ
1719 2479 1998 2561 ἀληθοῦς.
2073 2478 2128 2541 εἰ
2155 2479 2339 2541 τοίνυν
2373 2479 2452 2561 μὴ
2487 2478 2815 2561 ἀναγκαῖον,
2863 2478 3029 2541 οὐδὲν

532 2586 855 2647 κεκώλυται
907 2582 1126 2663 ἀληθὲς
1192 2580 1337 2643 εἶναι
1392 2580 1528 2665 [ὡς]
1598 2582 1663 2643 τὸ
1721 2579 1916 2643 εἔσται
1984 2580 2180 2663 αὔριον
2248 2580 2565 2666 ναυμαχία’
2589 2606 2604 2620 ·
2679 2582 2732 2643 εἰ
2796 2581 2904 2665 γὰρ
2951 2585 3032 2649 ὡς

538 2687 845 2768 ἀναγκαῖον
910 2683 1217 2767 λεγόμενον
1284 2683 1378 2747 διὰ
1432 2685 1535 2767 τὴν
1580 2688 1681 2746 τοῦ
1752 2684 2062 2766 ἀναγκαίου
2106 2684 2450 2768 προσθήκην
2515 2682 2618 2746 οὐκ
2674 2684 2910 2766 ἀληθές,
2978 2684 3031 2746 εἰ
3087 2701 3115 2741 5

540 2791 622 2872 μὴ
675 2788 895 2871 λέγοιτο
955 2788 1261 2869 ἀναγκαῖον
1320 2792 1393 2870 τῇ
1456 2790 1559 2849 τοῦ
1622 2786 1683 2855 ἐξ
1739 2787 1993 2870 ἀνάγκης
2062 2786 2401 2869 προσθέσει,
2471 2786 2690 2870 ἀληθὲς
2757 2786 2824 2849 ἂν
2881 2786 3040 2866 μένοι

430 2912 499 2960 25
538 2892 753 2974 ὁμοίως
796 2894 885 2973 τῷ
930 2891 1112 2974 χωρὶς
1179 2892 1355 2973 τῆσδε
1408 2894 1512 2972 τῆς
1556 2890 1896 2974 προσθήκης
1950 2890 2265 2975 λεγομένῳ.
2357 2888 2475 2952 ἀλλ’
2531 2890 2583 2951 εἰ
2624 2887 2740 2953 τότ’
2799 2890 3036 2972 ἀληθές,

540 2996 758 3078 ἀληθὲς
802 2992 981 3069 ἔσται,
1050 2992 1330 3076 ἐνστάσης
1373 2998 1477 3075 τῆς
1521 2991 1737 3077 αὔριον,
1807 2993 2034 3073 ἀξίωμα
2078 2996 2144 3055 τὸ
2191 2993 2250 3061 ἐξ
2296 2995 2546 3075 ἀνάγκης
2589 2993 2878 3075 γεγονέναι
2907 3017 3032 3056 ναυ-
3063 3010 3117 3051 10

542 3098 775 3182 μαχίαν.
866 3096 917 3157 εἰ
961 3095 1025 3156 δὲ
1070 3095 1130 3164 ἐξ
1175 3096 1444 3177 ἀνάγκης,
1492 3095 1597 3158 οὐκ
1644 3096 2062 3179 ἐνδεχομένως.
2153 3098 2248 3159 καὶ
2293 3096 2398 3179 γὰρ
2442 3096 2494 3159 εἰ
2540 3096 2758 3179 ἀληθές
2803 3096 2922 3159 ἐστι
2967 3098 3032 3159 τὸ

530 3200 753 3285 “αὔριον
783 3197 943 3262 ἔσται
974 3196 1317 3282 ναυμαχία’,
1351 3198 1442 3260 ἀεὶ
1472 3198 1739 3279 γενέσθαι
1769 3200 2093 3283 ναυμαχίαν
2125 3198 2260 3262 καθ’
2293 3198 2644 3283 εἱμαρμένην
2677 3197 2857 3276 ἔσται,
2891 3198 3036 3283 εἴγε

436 3432 461 3482 1
504 3429 679 3482 εἰδόσιν
718 3434 782 3481 V:
837 3429 928 3482 εἰσι
974 3428 1049 3480 ³²:
1105 3428 1255 3481 εἴδοσι
1300 3430 1353 3480 a¹
1584 3427 1932 3499 κεχωλυκέναι
1976 3429 2032 3479 a¹
2271 3429 2316 3479 l.
2361 3428 2392 3480 2
2431 3428 2552 3481 ὄντα
2573 3459 2638 3466 —-
2659 3429 2968 3499 κωλύοντες]
3019 3431 3146 3483 αὐτὰ

430 3523 537 3574 τοῖς
580 3516 732 3569 εἰδόσι
777 3516 1021 3584 δυνάμενα
1070 3515 1195 3568 αὐτὰ
1245 3515 1393 3579 (αὐτὰ
1430 3530 1528 3567 om.
1567 3518 1633 3577 Ο)
1678 3515 2054 3583 κεκωλυκέναι,
2102 3516 2330 3583 ἀγνοοῦσι
2380 3514 2433 3567 δὲ
2482 3516 2604 3587 ἡμῖν
2647 3518 2708 3569 τὰ
2758 3517 3022 3571 κωλύοντα
3066 3518 3146 3572 δυ-

432 3606 559 3658 νατὰ
603 3606 739 3657 ἔσται
776 3605 940 3657 Lond.
980 3609 1024 3659 O
1306 3605 1339 3655 4
1376 3605 1428 3656 ἐν
1464 3604 1632 3661 αὺτοῖς
1668 3608 1719 3655 Κ
1989 3604 2021 3655 5
2066 3604 2406 3673 ἀντικέιμενον
2445 3609 2491 3656 V
2762 3606 2973 3659 δυνατοῦ
3011 3607 3145 3675 (alt.)

430 3694 600 3745 Lond.
639 3697 685 3746 Ο
898 3693 991 3758 ὡς]
1037 3692 1307 3763 λεγομένου
1355 3692 1427 3750 ὡς
1472 3692 1637 3745 Lond.
1676 3696 1721 3745 Ο
1971 3692 2002 3744 6
2051 3697 2204 3745 τοῦτο
2241 3698 2287 3747 Ο
2537 3693 2650 3763 μὲν]
2703 3695 2774 3763 μὴ
2812 3697 2868 3747 8¹

431 3782 463 3833 7
512 3781 613 3851 λέγ.
652 3784 737 3834 καὶ
780 3782 837 3834 τὸ
885 3780 961 3841 de.
999 3781 1053 3834 ³²
1258 3782 1288 3833 9
1341 3784 1474 3849 μένει
1513 3782 1796 3834 Usenerus:
1857 3781 1946 3849 μὲν
1985 3782 2104 3834 libri
2297 3782 2490 3835 ἐπειδὰν
2545 3784 2578 3852 ἡ
2620 3784 2725 3834 Va¹
2771 3784 2962 3835 Lond.:
3017 3783 3145 3836 ἐπει-

433 3868 525 3921 δὰν
574 3868 627 3921 δὲ
671 3870 704 3940 ἡ
752 3870 831 3921 8²:
890 3872 931 3923 εἰ
977 3870 1047 3940 μὴ
1096 3870 1291 3923 ἐπειδὰν
1333 3870 1427 3922 B²z
1483 3869 1678 3922 ἐπειδὰν
1727 3870 1796 3939 μὴ
1847 3869 1878 3939 ἡ
1929 3870 2187 3923 Usenerus
2243 3872 2332 3923 sed
2383 3871 2446 3922 cf.
2495 3872 2526 3921 Ι.
2563 3888 2606 3923 c.
2652 3872 2830 3938 p.613

432 3958 639 4027 γένηται
684 3956 869 4028 ἀληθές
910 3958 966 4011 ³²
1263 3958 1327 4011 10
1382 3957 1624 4033 ἀνάγκης]
1674 3958 1975 4027 εἱμαρμένης
2024 3960 2189 4011 Heine
2485 3962 2540 4011 ll
2602 3960 2764 4012 ἔσεται
2807 3960 2863 4012 11²

442 4062 505 4114 13
560 4051 883 4134 ἐνδεχομενόν
926 4080 1003 4116 ωσ
1047 4066 1082 4116 i.
1110 4080 1151 4115 e.
1190 4062 1529 4131 ἐνδεχομένως
1575 4062 1709 4129 (alt.)
1758 4066 1829 4113 V:
1886 4062 2207 4132 ἐνδεχόμενον
2257 4063 2328 4121 ὡς
2370 4062 2448 4115 8¹⁹
2497 4062 2841 4138 (ἐνδεχόμενον
2891 4064 3020 4117 ὥστε
3068 4083 3147 4133 γε·

432 4148 604 4202 venam
645 4150 735 4213 13²)
1048 4152 1107 4203 14
1163 4152 1325 4203 πάντα
1372 4149 1605 4219 λέγοντος
1651 4148 1870 4219 γίνεσθαι
1920 4150 2083 4203 Lond.
2129 4154 2173 4204 O
2461 4151 2632 4216 πάλιν]
2682 4153 2724 4204 εἰ
2771 4155 2934 4205 πάντα
2979 4157 3026 4203 H
3071 4170 3145 4221 γρ.

434 4241 523 4291 Es
758 4238 951 4307 (ὅμοιον
988 4242 1063 4309 τῷ
1102 4238 1495 4309 προειρημένῳ>·
1544 4237 1671 4305 ὁμοῦ
1721 4240 1912 4306 scripsi
2131 4238 2191 4291 15
2230 4239 2321 4308 γὰρ
2359 4239 2638 4299 παιζόντων
2677 4245 2740 4292 V:
2779 4240 2868 4309 μὲν
2907 4241 2999 4309 γὰρ
3036 4258 3148 4291 παι-

436 4326 627 4386 ζόντων
671 4330 740 4379 B:
796 4328 1077 4388 παιζόντων
1124 4326 1227 4378 ἐστὶ
1278 4326 1355 4377 a¹²
1700 4327 1763 4378 16
1814 4327 2077 4395 γενόμενον
2125 4328 2170 4379 Ο
2515 4328 2574 4379 17
2633 4325 2874 4396 γίνεσθαι]
2933 4326 3048 4379 σθαι
3091 4329 3148 4379 in

436 4416 514 4467 iit.
558 4420 599 4467 v
854 4416 915 4469 18
971 4416 1041 4485 μὴ
1086 4414 1143 4466 τὸ
1181 4398 1455 4467 Lond.‘o=
1510 4412 1569 4465 τὸ
1608 4414 1679 4483 μὴ
1720 4416 1848 4467 ναιι
1903 4414 1962 4467 τὸ
2001 4414 2079 4466 2²2
2140 4415 2236 4467 del.
2277 4414 2369 4477 Βῆ
2425 4416 2487 4468 ef.
2524 4416 2556 4467 1.
2585 4432 2628 4467 e.
2670 4415 2772 4466 614
2792 4430 2868 4481 sq.

442 4504 505 4555 19
544 4502 614 4572 μὴ
653 4508 875 4555 τοιοῦτον
914 4500 985 4555 13²
1210 4500 1277 4553 20
1314 4500 1359 4553 εἴ
1390 4518 1445 4569 γε
1481 4502 1583 4570 μὴν
1620 4502 1749 4553 Va¹:
1789 4517 1888 4554 om.
1928 4500 2007 4554 a⁹=
2046 4500 2093 4553 εἴ
2125 4519 2178 4570 γε
2217 4501 2287 4571 μὴ
2327 4502 2422 4554 13²:
2459 4504 2678 4555 fortasse
2713 4500 2804 4554 δεῖ
2839 4501 3045 4570 λέγειν

437 4589 497 4641 οὐ
549 4592 640 4660 γὰρ
684 4590 784 4643 del.
832 4590 905 4642 Β2
1114 4590 1385 4659 ἀναγκαῖον
1433 4604 1531 4641 om.
1583 4588 1639 4641 8²
1987 4589 2054 4641 22
2112 4589 2184 4645 ὡς
2228 4589 2390 4643 delevi
2762 4589 2827 4640 ‘23
2883 4588 3150 4658 λεγόμενον

438 4678 648 4745 scripsi:
704 4678 963 4747 γινόμενον
1012 4678 1127 4730 iibri
1387 4676 1454 4727 24
1506 4676 1699 4746 λέγοιτο
1744 4678 1956 4745 scripsi:
2020 4677 2202 4747 γίνοιτο
2259 4678 2477 4747 (γένοιτο
2517 4680 2681 4739 KES)
2727 4678 2846 4729 libri

437 4764 506 4817 25
559 4762 671 4817 τότ’
720 4766 933 4833 scripsi:
992 4762 1138 4818 τοῦτ’
1188 4766 1309 4819 libri
1592 4764 1657 4816 26
1714 4765 1934 4817 ἐνστάσει
1981 4766 2034 4815 21⁴²
2359 4766 2603 4835 γεγόνεναι
2647 4768 2694 4816 V
2954 4765 3020 4816 27
3076 4764 3152 4830 δὲ]

438 4855 531 4925 γὰρ
580 4857 625 4906 0
1340 4924 1344 4927 .

544 4962 689 5012 Suppl.
723 4962 853 5001 Arist.
881 4962 925 5000 11
950 4958 979 5001 2
1035 4962 1155 5001 Alex.
1185 4964 1345 5011 scripta
1374 4962 1551 5000 minora.
2674 4942 2753 5005 1⁸2
