3684 5567
550 214 677 279 130
1020 212 1349 281 [AnoPlQN
1390 212 1511 269 ΚΑΙ
1550 212 1814 269 ΛΥΣΕΩΝ
1857 213 2138 272 BIBAION
2177 213 2548 272 TETAPTON
2587 216 2780 285 9—11]

659 394 777 451 τῶν
822 390 1089 473 τοιαύτης
1133 390 1449 475 φαντασίας
1492 389 1683 466 αἴτιοι,
1728 389 1890 459 ὄντες
1919 392 2116 459 αὑτοῖς
2159 396 2265 476 τῆς
2307 392 2576 475 τοιαύτης
2617 391 2794 461 ἕξεως
2833 390 3021 458 αἴτιοι.
3065 390 3138 454 δι’

652 492 725 575 ἣν
771 493 1086 577 φαντασίας
1128 496 1259 577 περὶ
1304 498 1419 556 τῶν
1464 500 1661 558 κακῶν
1706 495 1971 564 τοιαύτας
2015 492 2272 578 ἔχουσιν.
2363 496 2583 565 τούτοις
2627 497 2692 558 δὲ
2737 500 3016 579 μαρτυρεῖ
3053 496 3148 557 καὶ

648 596 715 658 τὸ
763 598 1059 678 μισεῖσθαι
1104 599 1201 660 καὶ
1238 598 1593 671 κολάζεσθαι
1634 599 1772 667 τοὺς
1816 598 2021 680 οῦιτως
2063 600 2516 682 ἁμαρτάνοντας,
2563 602 2646 667 ὡς
2689 599 2967 666 ἑκουσίως
3009 600 3104 661 καὶ
3143 604 3250 661 249

648 698 847 769 αὑτοῖς
900 700 1119 769 αἰτίους
1172 699 1341 770 ὄντας
1400 708 1519 764 τῶν
1576 700 1850 765 τοιούτων
1911 700 2204 785 πράξεων,
2265 708 2382 765 τῶν
2437 702 2724 770 ἀκουσίως
2777 700 3034 764 τοιοῦτόν
3087 724 3144 763 τι

580 822 610 870 5
650 802 1015 885 πραττόντων
1046 807 1389 889 συγγνώμης
1432 804 1856 889 τυγχανόντων.
1927 805 2022 868 διὰ
2065 807 2120 867 τί
2146 806 2276 888 γάρ,
2321 805 2375 867 εἰ
2405 807 2592 867 πάντα
2635 806 2898 881 ἀκούσια,
2943 805 3014 869 τὰ
3043 806 3146 883 μὲν

648 906 841 969 αὐτῶν
888 910 1365 989 συγγινώσκεται,
1420 908 1493 971 τὰ
1538 907 1590 970 δ’
1646 907 1745 989 οὕ;
1808 909 1864 970 εἰ
1903 909 2042 991 γάρ,
2097 909 2196 971 ὅτε
2239 907 2334 970 ἐπ’
2389 907 2586 975 αὐτοῖς
2637 907 2710 992 ἧν
2755 910 2820 971 τὸ
2865 908 3146 990 μαθοῦσιν
3197 923 3226 964 ὅ

648 1010 825 1071 ὁποῖά
868 1009 1023 1072 ἐστιν
1070 1010 1403 1095 ἀπέχεσθαι
1448 1011 1669 1087 αὐτῶν,
1716 1012 1767 1073 εἰ
1813 1012 1918 1093 μὲν
1962 1007 2184 1076 εἰδότες
2225 1012 2394 1072 τοῦτο
2441 1010 2693 1094 ἠμέλουν
2737 1010 2938 1087 αὐτοῦ,
2981 1010 3144 1073 αὐτοὶ

646 1110 817 1174 αἴτιοι
862 1112 1032 1175 πάλιν
1080 1114 1174 1175 καὶ
1220 1112 1449 1182 ἑκόντες
1492 1120 1771 1189 τοιοῦτοι,
1816 1114 1869 1175 εἰ
1915 1114 1980 1175 δὲ
2023 1114 2257 1175 κάκεῖνο
2303 1111 2578 1196 ἠγνόουν,
2629 1120 2757 1183 πῶς
2799 1114 2868 1177 οὐ
2914 1114 3010 1177 καὶ
3049 1113 3145 1175 αὖ·

646 1216 732 1276 τοὶ
776 1218 1120 1297 συγγνώμης
1162 1216 1337 1298 ἄξιος
1384 1218 1551 1300 ἱκανὴ
1600 1218 1665 1280 δὲ
1709 1217 1900 1285 πίστις
1941 1220 2044 1278 τοῦ
2093 1217 2242 1298 μήτε
2288 1216 2384 1300 βία
2429 1217 2578 1299 μήτε
2621 1213 2696 1279 δι’
2753 1216 2984 1299 ἄγνοιαν
3027 1220 3141 1277 τῶν
3169 1232 3224 1274 ιο

547 1338 607 1384 10
647 1316 949 1401 βελτιόνων
995 1319 1149 1388 τινὰς
1182 1319 1530 1403 ἁμαρτάνειν
1574 1324 1693 1383 τῶν
1726 1318 2174 1403 ἁμαρτανόντων
2218 1320 2316 1382 καὶ
2359 1320 2426 1383 τὸ
2460 1322 2609 1403 μήτε
2638 1320 2948 1382 λυπεῖσθαι
2991 1322 3140 1402 μήτε

646 1422 1090 1503 μεταγινώσκειν
1122 1422 1219 1484 ἐπὶ
1246 1426 1367 1491 τοῖς
1410 1424 1848 1509 ἁμαρτήμασιν·
1893 1422 1966 1485 τᾶ
2010 1422 2116 1505 γὰρ
2148 1422 2442 1491 ἀκουσίως
2484 1421 2850 1505 πραττόμενα
2893 1422 3142 1485 ἐπίλυπά

640 1523 703 1587 τέ
746 1524 869 1588 ἐστι
912 1526 1007 1587 καὶ
1060 1526 1119 1587 ἐν
1168 1526 1536 1611 μεταμελείᾳ.
1628 1528 1715 1591 ὅτι
1769 1527 1835 1589 δὲ
1879 1526 1932 1589 εἰ
1977 1526 2222 1588 ἀκούσια
2276 1524 2348 1587 τὰ
2391 1527 2804 1609 ἁμαρτήματα,
2857 1524 2994 1588 οὐδὲ
3037 1522 3130 1608 ἐφ’
3169 1541 3223 1582 15

640 1628 783 1711 ἡμῖν
828 1626 899 1691 ἂν
944 1626 1065 1710 εἴη,
1124 1630 1299 1711 δῆλον
1344 1629 1413 1692 ἐκ
1456 1634 1557 1693 τοῦ
1602 1630 1850 1693 ἀκούσια
1902 1630 2006 1712 μὲν
2051 1628 2195 1691 εἶναι
2248 1628 2320 1692 τὰ
2365 1629 2460 1713 βία
2501 1630 2542 1711 ἢ
2587 1628 2661 1692 δι’
2717 1628 2948 1711 ἄγνοιαν
2991 1630 3136 1710 γινό-

642 1752 818 1812 μενα,
870 1730 1005 1794 οὔτε
1052 1732 1117 1795 δὲ
1160 1731 1201 1793 ἃ
1244 1731 1573 1817 βιαζόμενοι
1618 1738 1898 1815 ποιοῦμεν
1943 1731 2040 1816 ἐφ’
2096 1734 2235 1815 ἡμῖν
2283 1733 2364 1815 μὴ
2411 1738 2594 1795 ποιεῖν
2637 1732 2707 1814 (ἃ
2749 1732 2858 1816 γὰρ
2905 1733 2986 1815 μὴ
3033 1728 3128 1814 ἐφ’

536 1854 595 1902 15
636 1836 777 1917 ἡμῖν
830 1836 928 1899 καὶ
980 1841 1219 1919 ποιῆσαι
1262 1836 1360 1899 καὶ
1406 1837 1487 1920 μὴ
1542 1842 1803 1921 ποιῆσαι,
1857 1840 2039 1899 ταῦτα
2091 1834 2214 1921 [οὐ]
2262 1836 2418 1920 βίᾳ),
2471 1836 2544 1897 τὰ
2587 1838 2652 1899 δὲ
2705 1836 2800 1898 διὰ
2853 1837 3040 1921 θυμρν
3095 1834 3134 1916 ἢ

636 1939 943 2022 ἐπιθυμίαν
991 1938 1433 2024 ἁμαρτανόμενα
1487 1941 1583 2023 βία
1642 1942 1817 2025 φασὶν
1864 1944 2049 2002 ποιεῖν
2103 1938 2238 2006 τοὺς
2281 1942 2616 2013 ποιοῦντας,
2679 1940 2834 2001 ὥστε
2877 1937 3001 2021 (τὰ)
3045 1936 3138 1999 διὰ

636 2042 827 2124 θυμὸν
882 2042 919 2126 ἢ
967 2042 1275 2124 ἐπιθυμίαν
1336 2043 1783 2127 ἁμαρτανόμενα
1836 2042 1944 2105 οὐκ
1987 2040 2082 2126 ἐφ’
2138 2043 2298 2125 ἡμῖν.
2389 2042 2442 2104 εἰ
2485 2042 2558 2125 δὴ
2615 2043 2674 2104 αἱ
2729 2044 2996 2109 κολάσεις
3040 2040 3135 2103 ἐπὶ
3161 2056 3219 2097 ω

633 2152 755 2213 τοῖς
798 2144 891 2229 ἐφ’
947 2148 1115 2230 ἡμῖν,
1171 2148 1225 2208 οἱ
1270 2146 1366 2209 διὰ
1410 2147 1601 2227 θυμὸν
1646 2148 1685 2229 ἢ
1732 2143 1804 2209 δι’
1862 2146 2176 2228 ἐπιθυμίαν
2231 2147 2657 2230 ἁμαρτάνοντες
2713 2144 2820 2208 οὐκ
2865 2144 2934 2208 ἂν
2979 2143 3138 2207 εὐλό-

633 2272 751 2331 γως
780 2250 1131 2321 κολάζοιντο.
1202 2250 1313 2313 ὅσα
1356 2250 1421 2311 δὲ
1465 2248 1537 2312 δι’
1582 2248 1813 2331 ἄγνοιαν
1847 2249 2253 2334 ἁμαρτάνεται,
2301 2252 2480 2311 ταῦτα
2523 2248 2576 2311 εἰ
2619 2249 2724 2329 μὲν
2767 2253 2874 2331 τῆς
2901 2246 3130 2330 ἀγνοίας

526 2370 593 2419 20
630 2352 825 2419 αὐτοῖς
870 2353 923 2414 οἱ
970 2352 1397 2434 ἁμαρτάνοντες
1439 2350 1633 2429 αἴτιοι,
1660 2352 1791 2415 εἶεν
1840 2351 1908 2415 ἂν
1953 2351 2047 2415 ἐπ’
2088 2351 2310 2420 αὐτοῖς·
2357 2350 2472 2415 εἷεν
2517 2350 2568 2415 δ’
2611 2350 2680 2414 ἄν
2725 2352 2922 2420 αὑτοῖς
2965 2349 3133 2413 αἴτιοι
3157 2365 3214 2407 25

630 2462 732 2539 τῆς
764 2456 1012 2537 ἀγνοίας,
1056 2456 1108 2518 εἰ
1154 2455 1282 2518 ἐνὸν
1326 2455 1523 2524 αὐτοῖς
1566 2456 1664 2519 ἐπὶ
1706 2456 1778 2519 τὰ
1820 2456 2028 2540 βελτίω
2073 2455 2456 2540 τραπομένοις
2499 2456 2582 2539 μὴ
2611 2455 2882 2537 γενέσθαι
2927 2455 2987 2517 ἐν
3019 2454 3134 2523 ἕξει

630 2559 889 2642 τοιαύτῃ,
934 2556 1005 2622 δι’
1048 2558 1118 2642 ἢν
1165 2558 1514 2641 ἀγνοήσουσι
1560 2559 1633 2622 τὰ
1676 2558 1895 2641 ἀγαθά,
1941 2560 1996 2621 οἱ
2041 2560 2106 2621 δὲ
2150 2558 2455 2643 ἠμέλησαν
2500 2564 2604 2623 τοῦ
2637 2559 2914 2622 τοιούτου.
2983 2557 3132 2621 ἀλλὰ

630 2664 745 2745 μὴν
790 2662 897 2725 οὐκ
926 2662 1118 2730 ἄλλως
1166 2660 1173 2747 Ι
1222 2662 1357 2745 ἐνῆν
1402 2661 1599 2730 αὐτοῖς
1642 2662 1739 2723 ἐπὶ
1780 2662 1852 2723 τὰ
1898 2661 2107 2745 βελτίω
2139 2661 2480 2744 τραπέσθαι,
2526 2662 2578 2723 εἰ
2625 2663 2704 2746 μὴ
2751 2658 2914 2745 εἶχόν
2943 2682 3084 2723 ποτε
3127 2667 3234 2723 250

628 2766 946 2851 ὑπολήψεις
988 2767 1142 2835 τινὰς
1186 2767 1317 2849 περὶ
1360 2770 1477 2829 τῶν
1511 2766 1750 2847 ἀγαθῶν
1796 2768 1877 2834 ὥς
1911 2762 2091 2827 ὄντων
2137 2766 2432 2828 τοιούτων.
2501 2764 2554 2827 εἰ
2581 2764 2690 2848 γὰρ
2735 2764 2828 2827 ἀεὶ
2871 2764 2942 2826 τὰ
2973 2762 3122 2826 κακὰ

520 2888 584 2937 25
626 2869 821 2937 αὐτοῖς
863 2870 1101 2951 ἀγαθῶν
1146 2870 1461 2955 φαντασίαν
1508 2868 1879 2947 ἐπέστελλεν,
1933 2866 2039 2931 οὐκ
2082 2866 2154 2951 ἧν
2201 2866 2293 2931 ἐπ’
2348 2868 2547 2936 αὐτοῖς
2593 2868 2658 2930 τὸ
2704 2870 2788 2952 μὴ
2833 2868 3126 2951 αἱρεῖσθαι

624 2974 791 3035 αὐτά.
890 2973 1039 3035 ἀλλὰ
1100 2974 1213 3058 μὴν
1276 2975 1329 3035 οἱ
1394 2970 1629 3057 ἔχοντες
1690 2971 2010 3055 ὑπολήψεις
2067 2972 2195 3054 περὶ
2259 2976 2374 3034 τῶν
2437 2972 2676 3054 ἀγαθῶν
2739 2974 2821 3040 ὥς
2882 2972 3120 3053 ἀγαθῶν
3175 2986 3202 3027 ⁵

623 3074 821 3141 ἔπειτα
876 3078 957 3159 μὴ
1014 3076 1343 3161 αἱρούμενοι
1399 3076 1547 3139 αὐτὰ
1602 3074 1831 3145 ἑκόντες
1885 3076 2234 3159 ἡμάρτανον.
2325 3072 2458 3137 οὔτε
2511 3074 2620 3158 γὰρ
2673 3076 2767 3139 διὰ
2821 3075 2946 3160 βίαν
2991 3074 3124 3139 οὔτε

623 3179 695 3241 δι’
752 3179 981 3263 ἄγνοιαν
1028 3182 1347 3263 παρεώρων
1394 3181 1497 3263 τὴν
1543 3184 1659 3242 τῶν
1706 3177 2015 3265 βελτιόνων
2062 3178 2298 3262 αἵρεσιν,
2345 3180 2498 3242 ὥστε
2545 3182 2624 3248 ὥς
2669 3175 2759 3243 ἐπ’
2815 3180 3013 3247 αὐτοῖς
3053 3180 3118 3242 τὸ

622 3283 989 3367 ἁμαρτάνειν,
1037 3282 1221 3351 οὕτως
1266 3284 1361 3345 καὶ
1408 3283 1689 3346 ἑκούσιον.
1780 3284 1831 3345 εἰ
1877 3283 1943 3346 δὲ
1989 3282 2070 3365 μὴ
2117 3282 2313 3350 αὑτοῖς
2341 3286 2446 3365 τῆς
2477 3282 2706 3364 ἀγνοίας
2749 3280 2940 3357 αἴτιοι,
2985 3280 3109 3344 οὐδ’
3149 3299 3204 3340 lo

516 3404 583 3453 30
624 3384 692 3450 ἂν
737 3384 827 3450 ἐπ’
870 3387 1065 3455 αὐτοῖς
1108 3384 1203 3470 εἴη
1249 3388 1313 3450 τὸ
1360 3383 1431 3449 δι’
1482 3385 1713 3469 ἄγνοιαν
1760 3387 2126 3470 ἁμαρτάνειν,
2173 3386 2359 3454 οὕτως
2404 3388 2470 3449 δὲ
2513 3386 2700 3455 οὐδεὶς
2744 3385 2814 3449 ἄν
2859 3384 3116 3469 εὐλόγως

622 3491 921 3563 κολάζοιτο
976 3496 1091 3554 τῶν
1148 3490 1624 3574 ἁμαρτανόντων,
1680 3488 1844 3572 εἴγε
1897 3490 1956 3552 αἱ
2011 3490 2280 3557 κολάσεις
2333 3490 2436 3570 μὲν
2491 3489 2586 3553 ἐπὶ
2637 3494 2758 3559 τοῖς
2807 3488 2904 3573 ἐφ’
2958 3491 3117 3573 ἡμῖν,

622 3594 787 3658 οὐδὲν
834 3596 898 3658 δὲ
942 3600 1057 3658 τῶν
1105 3593 1591 3678 ἁμαρτανομένων
1639 3591 1731 3677 ἐφ’
1788 3595 1958 3677 ἡμῖν,
2013 3590 2174 3674 εἴγε
2221 3592 2522 3667 ἀκούσιον,
2579 3596 2692 3655 πᾶν
2739 3593 2804 3655 δὲ
2847 3594 3118 3658 ἀκούσιον
3148 3610 3201 3651 15

620 3699 659 3782 ἢ
706 3697 780 3761 δι’
836 3697 1065 3781 ἄγνοιαν
1113 3699 1150 3781 ἣ
1198 3698 1314 3782 βία.

614 3920 690 3985 Χ.
768 3914 907 3985 Ὅτι
953 3920 985 3983 ὃ
1030 3918 1403 4003 ἄνθρωπος
1444 3922 1579 3981 τῶν
1624 3919 1893 4004 ἀρετῶν
1938 3920 2175 4002 χάριν,
2222 3915 2359 3981 ἀλλ’
2414 3918 2544 3982 οὐκ
2587 3916 2904 4002 ἔμπαλιν.

511 4096 576 4145 35
786 4074 858 4141 Εἰ
904 4077 963 4139 ἐν
1009 4078 1128 4144 τοῖς
1172 4074 1341 4160 φύσει
1386 4073 1700 4156 γινομένοις
1745 4072 1897 4139 ἐστίν
1945 4096 2026 4151 τι,
2079 4072 2148 4137 οὖ
2194 4076 2364 4159 χάριν
2395 4074 2468 4137 τὰ
2499 4075 2686 4145 οὕτως
2725 4074 2996 4160 γινόμενα
3039 4078 3113 4159 γί-
3141 4092 3198 4134 2⁰

512 4315 555 4367 l.
596 4314 627 4366 2
665 4313 741 4367 δι’
776 4314 861 4385 ἣν]
900 4313 950 4369 δ’
990 4318 1052 4389 ἢν
1092 4337 1123 4370 a
1334 4320 1365 4371 6
1402 4317 1467 4387 εἰ]
1507 4317 1723 4371 fortasse
1760 4320 1864 4371 καὶ
2087 4318 2168 4373 ὅτε
2209 4320 2366 4386 DielS‚
2405 4320 2473 4373 cf.
2507 4319 2717 4387 129‚27:
2756 4319 2832 4374 ὅτι
2870 4323 2990 4375 libri

505 4401 757 4472 ήμέλλουν
794 4408 843 4457 V
1070 4406 1132 4459 13
1175 4405 1207 4477 ἢ
1246 4403 1383 4459 6?-
1398 4406 1455 4459 οὒ
1496 4405 1579 4477 βίᾳ
1617 4404 1753 4475 (15)]
1800 4422 1900 4459 om.
1937 4410 2018 4459 Ba
2052 4410 2140 4475 Sp.
2179 4408 2276 4461 del.
2313 4406 2378 4462 S²
2593 4410 2658 4461 14
2701 4409 2918 4463 fortasse
2961 4414 3220 4479 (ποιοῦμεν

506 4486 623 4543 οὔθ’
666 4490 699 4542 ἃ
744 4486 810 4543 δι’
852 4492 1075 4562 ἄγνοιαν)
1120 4500 1357 4563 ποιοῦμεν
1599 4494 1661 4547 15
1710 4492 1767 4545 οὗ
1815 4494 1914 4547 del.
1953 4511 2000 4545 v.
2038 4511 2082 4547 c.
2121 4500 2168 4547 V
2400 4496 2960 4570 βίᾳ-ἁμαρτανόμενα
2995 4498 3108 4565 (16)
3147 4500 3219 4551 V¹

504 4579 561 4629 in
606 4594 707 4645 mg.
941 4580 1003 4632 16
1049 4581 1113 4632 τὰ
1156 4581 1272 4634 add.
1310 4580 1507 4635 B²SFa
1548 4584 1637 4649 Sp.
1875 4582 1935 4633 17
1986 4581 2394 4652 ἁμαρτανόμενα]
2453 4584 2848 4655 ἁμαρτανόμεν]
2889 4588 2938 4637 V

504 4664 571 4717 20
616 4664 788 4718 αὒτοῖσ
828 4670 872 4717 V
1049 4666 1169 4737 εἷεν]
1217 4668 1293 4739 εἴη
1335 4671 1425 4737 Sp.
1604 4668 1669 4721 22
1718 4667 1886 4739 ἀγαθα
1927 4674 1971 4721 V
2149 4671 2195 4723 οἱ
2232 4670 2308 4740 δὲ]
2347 4672 2398 4724 οῖ
2429 4672 2482 4725 δὲ
2509 4677 2558 4726 V
2737 4674 2803 4726 24
2841 4672 3136 4744 ὑπολήψεις]
3175 4692 3218 4726 ει

502 4754 557 4805 in
596 4753 673 4805 lit.
710 4757 761 4805 V
976 4754 1075 4825 ἀεὶ]
1114 4755 1174 4827 δὴ
1214 4775 1246 4809 a
1452 4756 1518 4809 27
1574 4758 1679 4810 ἐπεὶ
1713 4758 1779 4810 τὰ
1814 4775 1848 4810 a
2069 4758 2138 4811 30
2192 4757 2360 4817 αὑτοῖς
2398 4763 2517 4813 VB:
2574 4759 2718 4815 αὐτοὶ
2753 4779 2786 4815 a
2821 4764 2912 4829 Sp.

502 4840 567 4893 32
606 4839 856 4911 ἀκούΙσίον
898 4846 947 4895 V
1126 4844 1192 4898 35
1229 4845 1489 4917 γινόμενα]
1529 4863 1600 4899 ινο
1637 4847 1695 4899 in
1733 4846 1810 4899 lit.
1849 4852 1900 4901 V
