3684 5567
515 245 644 308 200
1403 241 1863 298 ΑΛΕΞΑΝΔΡΟΥ
1902 240 2354 297 ΑΦΡΟΔΙΣΙΕΩΣ

625 414 778 480 ἔστιν
825 417 887 480 ἐν
933 419 1138 482 πλάτει
1200 420 1307 481 τινὶ
1351 419 1540 482 πάντα
1589 417 1662 480 τὰ
1706 416 1978 500 γινόμενα
2028 420 2229 479 τοῦτον
2272 417 2370 480 τὸν
2425 414 2658 500 τρόπον,
2726 418 2822 479 καὶ
2866 417 2933 480 τὸ
2978 415 3135 500 παρὰ

627 519 830 604 μικρὸν
877 520 937 582 ἐν
983 522 1206 590 τούτοις
1249 522 1356 584 οὐκ
1399 521 1626 604 ἀναιρεῖ
1663 521 1732 582 τὸ
1775 521 2179 603 προκείμενον·
2226 518 2425 582 ἔπειτα
2466 520 2531 582 δὲ
2562 517 2628 581 οὐ
2660 518 3133 602 κατηναγκασμέ-
3160 537 3217 579 ω

629 645 740 690 νιος
786 623 818 686 ὁ
864 625 1140 708 φρόνιμος
1185 623 1269 685 ὧν
1335 623 1585 707 αἱρεῖταί
1621 646 1674 685 τι
1720 625 1979 706 πράττει,
2046 621 2167 685 ἀλλ’
2226 624 2307 690 ὡς
2349 622 2449 685 καὶ
2514 625 2617 684 τοῦ
2670 621 2752 703 μὴ
2816 621 3030 705 πρᾶξαί
3084 645 3135 684 τι

625 724 844 789 τούτων
911 725 1085 793 αὐτὸς
1149 727 1232 787 ὢν
1297 725 1508 807 κύριος.
1597 722 1834 806 εὔλογον
1889 721 1999 808 γάρ
2054 722 2122 786 ἂν
2168 723 2329 794 δόξαι
2395 725 2538 786 ποτὲ
2599 730 2684 808 τῷ
2730 724 2994 807 φρονίμῳ
3039 724 3135 785 καὶ

560 847 590 895 5
630 827 774 912 ὑπὲρ
819 833 922 891 τοῦ
978 827 1158 897 δεῖξαι
1203 828 1268 889 τὸ
1314 831 1430 889 τῶν
1475 827 1777 910 ἐνεργειῶν
1823 825 2151 912 ἐλεύΙθερον
2196 828 2293 890 καὶ
2348 827 2430 910 μὴ
2478 827 2721 909 ποιῆσαί
2762 849 2903 889 ποτε
2944 827 3011 888 τὸ
3055 847 3135 905 γι·
3176 831 3247 886 92

629 927 870 1011 νόμενον
917 929 986 993 ἂν
1033 929 1290 1011 εὐλόγως
1337 927 1433 991 ὑπ’
1489 929 1689 1005 αὐτοῦ,
1757 931 1811 993 εἰ
1857 932 2121 1016 προείποι
2166 953 2251 998 τις
2291 929 2456 1012 αὐτῷ
2528 931 2725 1012 μάντις
2778 928 2839 997 ἐξ
2884 928 3137 1011 ἀνάγκης

626 1031 801 1095 αὐτὸν
844 1037 1014 1096 τοῦτο
1059 1031 1309 1114 πράξειν.
1399 1030 1568 1094 τοῦτό
1615 1055 1701 1094 τοι
1747 1034 1845 1097 καὶ
1890 1034 1945 1096 οἳ
1991 1034 2219 1116 μάντεις
2262 1031 2408 1094 εἶναι
2461 1031 2722 1113 λέγουσίν
2776 1054 2843 1113 γε
2910 1031 3136 1114 ὑφορώ-

629 1159 792 1218 μενοι
836 1135 1142 1220 φεύγοντες
1185 1134 1320 1203 τοὺς
1364 1134 1520 1216 παρὰ
1565 1133 1746 1202 πόδας
1791 1135 2070 1222 ἐλέγχους
2114 1134 2281 1198 οὐδὲν
2327 1139 2551 1196 τοιοῦτο
2598 1133 2975 1217 προλέγουσιν
3020 1137 3137 1200 τοῖς
3190 1151 3221 1192 5

627 1237 851 1320 ἐλέγξαι
897 1237 1255 1320 δυναμένοις,
1301 1235 1422 1299 ἀλλ’
1479 1238 1680 1321 ὥσπερ
1725 1238 1789 1299 τὸ
1835 1237 1970 1304 τοὺς
2015 1219 2266 1323 ’χρόνους
2310 1237 2517 1319 ὁρίζειν
2548 1241 2665 1299 τῶν
2695 1235 3135 1320 προλεγομένων

535 1361 594 1407 10
635 1339 731 1402 ὑπ’
787 1339 982 1403 αὐτῶν
1029 1343 1110 1406 ὡς
1155 1339 1453 1421 ἐσομένων
1500 1341 1580 1406 ὡς
1626 1338 1963 1420 εὐέλεγκτον
2008 1341 2421 1423 φυλάσσονται,
2492 1340 2646 1401 οὕτω
2692 1337 2998 1422 φεύγουσιν
3041 1340 3137 1401 καὶ

626 1444 692 1505 τὸ
737 1442 922 1524 λέγειν
967 1465 1022 1503 τι
1067 1442 1164 1503 καὶ
1212 1442 1602 1523 μαντεύεσθαι
1648 1447 1765 1509 τοῖς
1812 1443 2152 1524 δυναμένοις
2218 1447 2583 1527 παραχρῆμα
2636 1442 2703 1502 τὸ
2750 1441 3136 1524 ἀντικείμενον
3167 1459 3221 1500 ιο

629 1551 872 1628 ποιῆσαι
915 1547 1016 1606 τοῦ
1063 1543 1476 1625 μαντεύματος.
1567 1545 1633 1606 τὸ
1679 1545 1744 1607 δὲ
1789 1543 1975 1627 λέγειν
2020 1543 2258 1627 εὔλογον
2304 1543 2449 1608 εἶναι
2494 1545 2627 1612 τοὺς
2672 1542 2845 1610 θεοὺς
2888 1542 2960 1605 τὰ
3004 1543 3133 1608 ἐσό-
3169 1553 3335 1606 XXX

631 1670 774 1728 μενα
821 1645 1142 1730 προειδέναι
1186 1643 1432 1726 (ἄτοπον
1475 1645 1583 1729 γὰρ
1631 1647 1696 1708 τὸ
1741 1646 1927 1729 λέγειν
1974 1647 2227 1715 ἐκείνους
2272 1647 2496 1728 ἀγνοεῖν
2540 1669 2592 1708 τι
2643 1651 2761 1708 τῶν
2812 1644 3139 1729 ἐσομένων)

631 1752 726 1813 καὶ
793 1754 962 1813 τοῦτο
1030 1747 1429 1832 λαμβάνοντας
1495 1751 1945 1821 κατασκευάζειν
2014 1749 2329 1832 πειρᾶσθαι
2388 1747 2459 1811 δι’
2514 1750 2695 1812 αὐτοῦ
2741 1748 2807 1811 τὸ
2852 1747 3037 1810 πάντα
3081 1748 3143 1816 ἐξ

533 1876 588 1923 15
628 1854 881 1938 ἀνάγκης
925 1875 988 1913 τε
1031 1850 1290 1933 γίνεσθαι
1335 1851 1430 1913 καὶ
1477 1849 1620 1912 καθ’
1677 1852 2033 1936 εἱμαρμένην
2078 1849 2212 1915 οὔτε
2258 1852 2478 1935 ἀληθὲς
2523 1851 2659 1915 οὔτε
2701 1849 2959 1932 εὔλογον.
3034 1856 3137 1934 τῆς
3170 1869 3221 1910 ιι

631 1957 735 2039 μὲν
802 1955 909 2038 γὰρ
955 1954 1186 2038 φύσεως
1240 1958 1348 2036 τῆς
1400 1958 1516 2016 τῶν
1563 1955 1916 2037 πραγμάτων
1972 1958 2140 2016 τοῦτο
2196 1955 2531 2040 χωρούσης,
2597 1953 2807 2017 οὐδένα
2862 1951 3137 2036 [μᾶλλον]

631 2058 1022 2141 εὐλογώτερον
1089 2055 1302 2119 εἰδέναι
1349 2057 1568 2139 μᾶλλον
1613 2061 1729 2117 τῶν
1801 2056 1957 2118 θεῶν
2012 2056 2085 2119 τὰ
2140 2057 2444 2140 μέλλοντα,
2512 2057 2796 2120 ἀδυνάτου
2854 2054 2904 2116 δ’
2960 2052 3141 2138 οὔσης

629 2163 732 2243 τὴν
779 2160 1052 2242 τοιαύτην
1099 2156 1414 2242 πρόρρησιν
1460 2159 1557 2221 καὶ
1603 2159 1927 2241 πρόγνωσιν
1952 2157 2277 2243 ’δέχεσθαμ
2324 2159 2462 2222 οὐδὲ
2506 2158 2640 2228 τοὺς
2684 2157 2858 2224 θεοὺς
2904 2155 3138 2238 εὔλογον
3166 2173 3223 2214 ω

636 2262 720 2325 ἔτι
763 2266 976 2345 γίνεται
1022 2260 1144 2346 [τὸ]
1189 2260 1400 2324 εἰδέναι
1445 2284 1499 2322 τι
1545 2266 1660 2323 τῶν
1707 2262 2031 2324 ἀδυνάτων.
2118 2261 2191 2324 τὰ
2234 2262 2342 2346 γὰρ
2388 2261 2644 2325 ἀδύνατα
2686 2265 2761 2342 τῇ
2802 2259 2995 2322 αὑτῶν
3036 2258 3141 2341 φύ·

529 2387 596 2433 20
635 2387 725 2429 σει
771 2368 866 2428 καὶ
911 2364 1066 2447 παρὰ
1132 2367 1251 2432 τοῖς
1305 2363 1466 2430 θεοῖς
1528 2364 1633 2446 τὴν
1699 2361 1881 2445 αὐτὴν
1948 2365 2226 2448 φυλάττει
2276 2363 2467 2448 φύσιν.
2558 2363 2838 2426 ἀδύνατον
2894 2360 2999 2444 γὰρ
3045 2363 3141 2423 καὶ

631 2472 750 2535 τοῖς
798 2469 956 2534 θεοῖς
1001 2467 1039 2548 ἢ
1085 2466 1151 2528 τὸ
1197 2466 1302 2548 τὴν
1348 2467 1650 2550 διάμετρον
1719 2471 1960 2549 ποιῆσαι
2013 2471 2093 2549 τῇ
2148 2470 2373 2550 πλευρᾷ
2427 2466 2756 2549 σύμμετρον
2823 2463 2862 2545 ἢ
2940 2462 3013 2526 τὰ
3056 2463 3140 2529 δὶς

633 2571 738 2633 δύο
809 2569 977 2632 πέντε
1021 2568 1168 2630 εἶναι
1211 2567 1250 2650 ἢ
1295 2573 1413 2631 τῶν
1457 2567 1775 2650 γεγονότων
1821 2593 1877 2631 τι
1922 2569 2002 2652 μὴ
2049 2568 2359 2651 γεγονέναι.
2450 2568 2585 2632 οὐδὲ
2644 2565 2755 2650 γὰρ
2799 2566 2903 2649 τὴν
2948 2565 3141 2650 ἀρχὴν
3168 2581 3225 2624 25

635 2673 934 2758 βούλονται
966 2670 1010 2752 †
1041 2671 1136 2734 ἐπὶ
1168 2673 1282 2733 τῶν
1328 2671 1625 2734 ἀδυνάτων
1672 2672 1859 2739 οὕτως
1901 2671 2011 2756 γὰρ
2057 2670 2128 2754 ἦν
2174 2671 2235 2733 ἐν
2280 2675 2399 2738 τοῖς
2444 2671 2771 2752 λεγομένοις
2815 2667 3141 2753 δυσχωρία.

634 2777 720 2844 οἷς
766 2775 982 2858 ὁμοίως
1028 2773 1307 2835 ἀδύνατον
1352 2774 1450 2837 καὶ
1496 2775 1560 2836 τὸ
1607 2774 1665 2836 ἐν
1710 2779 1787 2858 τῇ
1834 2775 2019 2858 οἰκείᾳ
2063 2774 2235 2858 φύσει
2278 2771 2419 2858 ἔχον
2464 2775 2529 2836 τὸ
2560 2773 2845 2836 δύνασθαι
2874 2770 3145 2853 γενέσθαι

529 2899 594 2948 25
633 2903 697 2943 τε
742 2879 838 2941 καὶ
886 2879 966 2959 μὴ
1017 2880 1096 2944 ὡς
1141 2875 1418 2959 ἐσόμενον
1464 2877 1694 2943 πάντως
1737 2877 1776 2960 ἢ
1825 2880 1907 2944 ὡς
1954 2876 2036 2960 μὴ
2104 2876 2381 2957 ἐσόμενον
2425 2876 2611 2944 οὕτως
2655 2875 2999 2960 προειδέναι.
3090 2872 3141 2934 εἰ

634 2982 741 3066 γὰρ
787 2983 826 3064 ἡ
873 2980 1006 3063 περὶ
1051 2979 1243 3042 αὐτῶν
1289 2979 1401 3061 πρὸ
1447 2977 1640 3042 αὐτῶν
1688 2979 2011 3062 πρόγνωσις
2058 2978 2281 3062 ἀναιρεῖ
2321 2980 2387 3042 τὸ
2420 2978 2479 3040 ἐν
2510 2978 2707 3047 αὐτοῖς
2738 2975 3142 3062 ἐνδεχόμενον,
3170 2992 3229 3034 ao

637 3087 814 3168 δῆλον
862 3086 962 3158 ὡς,
1030 3082 1079 3144 εἰ
1135 3085 1382 3153 σώζοιτο
1435 3086 1627 3156 τοῦτο,
1696 3081 1979 3148 ἀδύνατος
2032 3079 2101 3143 ἂν
2157 3082 2196 3164 ἢ
2240 3081 2373 3164 περὶ
2426 3079 2618 3144 αὐτῶν
2662 3079 2984 3164 πρόγνωσις
3028 3075 3141 3159 εἴη.

639 3185 727 3250 ὅτι
771 3183 920 3268 γὰρΙ
969 3185 1065 3248 καὶ
1111 3184 1216 3268 [εἰ]
1265 3184 1412 3247 κατὰ
1455 3184 1690 3251 τούτους
1732 3188 1903 3247 τοῦτο
1948 3184 2133 3252 οὕτως
2178 3181 2324 3266 ἔχει,
2372 3185 2547 3266 δῆλον
2592 3182 2659 3246 ἐκ
2715 3187 2814 3246 τοῦ
2860 3179 3142 3266 λαβόντας
3180 3187 3253 3244 94

637 3290 866 3364 αὐτούς,
913 3288 1004 3351 ὅτι
1048 3289 1102 3350 οἱ
1150 3287 1279 3350 θεοὶ
1325 3289 1853 3369 προγιγνώσκουσιν
1900 3286 1973 3350 τὰ
2019 3285 2321 3369 μέλλοντα,
2368 3284 2442 3348 δι’
2484 3284 2663 3348 αὐτοῦ
2695 3286 3143 3355 κατασκευάζειν

538 3413 604 3461 3ο
642 3397 709 3457 τὸ
755 3391 816 3460 ἐξ
859 3391 1114 3474 ἀνάγκης
1159 3389 1307 3452 αὐτὰ
1353 3389 1668 3471 γίγνεσθαι,
1735 3392 1817 3458 ὡς
1863 3387 1969 3452 οὐκ
2014 3387 2083 3451 ἂν
2126 3389 2179 3450 εἰ
2224 3389 2305 3472 μὴ
2352 3388 2537 3456 οὕτως
2602 3387 2843 3468 γίγνοιτο
2890 3409 3145 3470 προγνω-

643 3495 923 3577 σομένων.
999 3494 1053 3555 εἰ
1097 3493 1162 3555 δὲ
1204 3495 1280 3576 τῇ
1327 3497 1442 3554 τῶν
1493 3493 1648 3554 θεῶν
1693 3493 2021 3575 προγνώσει
2065 3513 2127 3552 τε
2167 3491 2262 3553 καὶ
2294 3489 2711 3573 προαγορεύσει
2741 3489 2806 3552 τὸ
2840 3489 3147 3571 ἀναγκαῖον
3200 3506 3232 3546 ε

643 3596 865 3669 ἕπεται,
898 3596 994 3658 καὶ
1025 3593 1148 3658 κατ’
1191 3593 1421 3667 αὐτούς,
1453 3595 1504 3658 εἰ
1536 3595 1617 3677 μὴ
1643 3595 1709 3655 τὸ
1734 3594 2045 3675 ἀναγκαῖον
2070 3593 2129 3655 ἐν
2154 3598 2274 3661 τοῖς
2298 3591 2613 3676 γινομένοις
2637 3591 2753 3674 εἴη,
2786 3589 2892 3654 οὐκ
2918 3589 2985 3654 ἂν
3010 3589 3135 3656 κατ’

538 3942 563 3992 1
604 3940 738 3990 κατὰ
771 3940 950 3990 τοῦτον
991 3939 1087 3988 ΗΟ
1303 3933 1336 3986 3
1373 3935 1605 4006 πράττειν
1630 3935 1684 3987 a²
1898 3935 1931 3986 5
1966 3935 2055 3986 καὶ
2092 3949 2131 3986 s.
2162 3949 2209 3984 v.
2238 3935 2305 3985 V¹
2524 3933 2571 3986 ὃ.
2612 3935 2642 3986 6
2681 3933 2945 4004 γινόμενον
2988 3931 3151 3984 Lond.
3183 3935 3258 3984 0:

539 4027 807 4095 λεγόμενον
858 4025 977 4076 libri
1194 4022 1222 4072 7
1275 4022 1514 4090 oF-Casp.
1560 4026 1633 4075 O:
1689 4021 1734 4074 οἱ
1780 4023 1903 4074 libri
2116 4040 2171 4089 γε
2210 4022 2422 4088 scripsi:
2474 4041 2529 4074 τε
2565 4022 2710 4074 libri=
2748 4039 2804 4074 τι
2842 4021 2941 4074 del.
2978 4019 3049 4072 13⁵³

537 4115 586 4166 7.
625 4115 658 4166 8
702 4110 1018 4184 ὑφορώμενοι
1063 4128 1117 4162 τε
1154 4110 1242 4162 καὶ
1287 4107 1554 4179 φεύγοντες
1589 4108 1659 4162 B²
1835 4109 1871 4160 8
1918 4107 2208 4178 παραπόδας
2254 4109 2335 4160 a¹²
2534 4107 2731 4176 λέγουσι
2778 4109 2855 4159 ⁸¹²
3040 4108 3096 4158 11
3140 4123 3259 4178 προ-

537 4202 693 4270 λέγειν
731 4203 776 4252 O
992 4200 1078 4250 καὶ
1115 4213 1214 4249 om.
1253 4197 1332 4249 αι’)
1551 4199 1612 4250 16
1649 4197 1916 4268 χωρούσης
1952 4197 2031 4249 ⁸²:
2088 4201 2339 4268 χωροῦσιν
2377 4197 2481 4248 Va¹
2712 4193 2890 4247 οὐδένα
2928 4193 3008 4245 8²:
3051 4191 3263 4246 οὐδενασ

539 4295 604 4342 V:
643 4289 843 4345 οὐδένας
881 4289 951 4338 ³¹:
989 4285 1132 4338 οὐδὲν
1169 4285 1334 4336 Lond.
1550 4283 1738 4352 μᾶλλον
1775 4285 1879 4336 del.
1917 4283 1987 4335 13²
2024 4283 2190 4336 Lond.
2218 4285 2275 4335 O·
2482 4281 2541 4333 17
2582 4281 2773 4350 μᾶλλον
2811 4281 2908 4334 del.
2946 4283 3033 4334 ES
3072 4281 3189 4334 Cas.

537 4384 642 4430 τῶν
681 4375 816 4427 θεῶν
855 4373 1030 4425 εἰδέναι
1065 4375 1152 4425 Es
1335 4371 1398 4424 18
1435 4371 1704 4442 πρόρρησιν
1743 4373 1827 4423 SE
1870 4371 1987 4423 Cas,
2026 4373 2098 4423 O:
2138 4369 2408 4439 πρόσρησιν
2447 4369 2573 4420 Va¹²
2754 4369 2817 4420 19
2854 4367 2914 4421 τὸ
2950 4367 3117 4420 delevi

541 4464 607 4516 22
645 4464 714 4527 τι]
753 4461 811 4513 τὸ
837 4463 888 4511 a¹
1071 4459 1136 4510 23
1175 4459 1254 4510 ἐπὶ
1288 4457 1417 4526 τῶν]
1457 4457 1536 4509 ἐπὶ
1571 4459 1663 4526 τὴν
1691 4457 1865 4510 B¹a¹²z
1902 4475 1951 4508 τι
1988 4463 2093 4508 τῶν
2112 4455 2246 4510 13²0:
2285 4457 2379 4524 τὴν
2412 4456 2493 4508 ἐπὶ
2526 4461 2629 4506 τῶν
2651 4455 2764 4508 Cas.
2942 4455 2976 4524 ἡ
3014 4455 3066 4506 ἐν
3104 4457 3188 4508 SE

541 4551 798 4624 δυσχέρεια
824 4547 896 4601 13²
931 4547 1086 4612 (ἐπεὶ
1123 4565 1167 4598 τ.
1197 4547 1242 4598 ἀ.
1270 4544 1483 4602 αὐτοῖς
1517 4549 1712 4616 παρῆν
1751 4545 1828 4614 (ἡ)
1856 4544 1909 4595 ἐν
1936 4543 2097 4607 Diels)
2274 4543 2339 4594 24
2378 4545 2443 4615 τῇ
2482 4545 2650 4594 om.O
2830 4541 2897 4594 25
2938 4559 3013 4610 pr.
3052 4540 3124 4600 ὡς
3160 4557 3265 4593 om.

543 4663 708 4717 Lond.
889 4661 954 4712 26
999 4637 1030 4726 ἦ·
1063 4662 1138 4712 sic
1175 4659 1292 4711 add.
1321 4675 1368 4710 v.
1391 4673 1432 4710 c.
1460 4661 1507 4707 V
1691 4656 1811 4724 πρὸς
1848 4655 1920 4707 B²
2120 4655 2187 4706 28
2224 4653 2265 4706 εἰ
2302 4654 2400 4706 del.
2424 4654 2515 4706 B²z
2554 4670 2654 4707 om.
2692 4655 2803 4704 SE:
2842 4653 2885 4704 εἰ
2922 4653 2973 4718 (ο
3010 4667 3055 4704 s.
3080 4668 3129 4703 v.
3158 4653 3263 4719 αι’)

542 4754 606 4801 V:
665 4751 708 4802 εἰ
751 4749 830 4801 2¹⁹
1041 4747 1110 4799 30
1164 4745 1293 4798 αὐτὰ
1327 4762 1377 4797 v.
1416 4761 1459 4797 c.
1487 4743 1638 4796 Va¹²=
1678 4743 1820 4812 αὐτῷ
1859 4745 1954 4795 V':
1992 4741 2212 4794 fortasse
2248 4741 2451 4793 πάντα
2664 4739 2723 4792 ἂν
2764 4743 3061 4806 suspectum

542 4835 608 4888 32
647 4837 734 4887 καὶ
769 4835 986 4886 fortasse
1024 4834 1121 4885 del.
1300 4831 1394 4884 οὐκ
1431 4831 1492 4883 ἂν
1530 4831 1695 4884 Lond.
1718 4833 1789 4884 0:
1830 4828 1890 4881 οὐ
1928 4829 2018 4900 γὰρ
2050 4829 2197 4880 Van:
2236 4827 2349 4880 οὐδὲ
2388 4828 2457 4880 13²
