3684 5567
520 260 645 323 124
1064 256 1395 329 [ΑΠΟΡΙΩΝ
1436 255 1557 313 ΚΑΙ
1596 256 1860 314 ΛΥΣΕΩΝ
1902 255 2184 314 ΒῙΒΛῙΟΝ
2224 254 2592 313 ΤΕΤΑΡΤΟΝ
2635 257 2690 326 5]

629 588 703 651 V.
785 586 1081 674 Ἀπορία
1136 588 1239 653 ὅτι
1292 591 1332 673 ἡ
1378 590 1576 673 κοινὴ
1630 589 1850 671 ἡδονὴ
1905 589 1944 670 ἠ
2001 590 2092 657 ὥς
2141 586 2338 669 γένος
2391 584 2890 671 λαμβανομένη
2947 581 3085 648 οὔτ’
3143 588 3243 647 237

1088 692 1353 775 ἀγαθόν
1401 691 1584 755 ἐστιν
1632 689 1790 753 οὔτε
1834 690 2049 752 κακὸν
2095 687 2238 751 οὔτ’
2297 690 2693 774 ἀδιάφορον.

804 860 877 927 Εἰ
923 865 962 945 ἡ
1009 864 1171 946 κοινὴ
1217 864 1401 946 ἡδονὴ
1456 864 1495 945 ἡ
1544 865 1625 931 ὡς
1676 861 1841 944 γένος
1885 859 2293 946 λαμβανομένη
2351 858 2469 923 οὔτ’
2525 858 2749 941 ἀγαθόν
2801 858 2954 922 ἐστιν
3006 855 3139 921 οὔτε
3191 872 3222 915 ε

640 964 848 1033 κακόν,
906 966 1050 1030 διότι
1105 968 1143 1049 ἡ
1191 966 1296 1050 μὲν
1350 965 1571 1047 ἀγαθόν
1617 964 1769 1028 ἐστιν
1822 962 2006 1045 αὐτῆς
2057 964 2096 1045 ἡ
2153 963 2218 1025 δὲ
2269 962 2446 1024 κακόν
2500 961 2594 1044 (τὸ
2638 961 2748 1045 γὰρ
2800 962 2988 1025 κοινὸν
3032 959 3140 1024 οὐκ

552 1086 581 1133 5
627 1063 780 1129 ἔστιν
827 1068 889 1131 ἕν
936 1092 989 1131 τι
1020 1074 1135 1132 τῶν
1181 1068 1295 1131 ὑπὸ
1341 1070 1407 1131 τὸ
1446 1068 1685 1149 κοινόν),
1731 1064 1855 1129 οὐδ’
1899 1066 2214 1149 ἀδιάφορος
2261 1062 2441 1141 ἔσται,
2487 1063 2548 1127 εἴ
2582 1064 2650 1146 γε’
2694 1065 2811 1127 εἰσί
2847 1086 2996 1132 τινες
3039 1064 3137 1126 καὶ

622 1170 827 1251 ἡδοναὶ
874 1171 1200 1255 ἀδιάφοροι,
1246 1172 1445 1249 ὥσπερ
1479 1172 1575 1232 καὶ
1618 1170 1677 1231 αἱ
1727 1170 1829 1251 μὲν
1877 1167 2112 1250 ἀγαθαί,
2158 1168 2315 1229 αἰδὲ
2349 1166 2667 1251 μοχθηραί.
2753 1170 2934 1229 ταῦτα
2974 1164 3024 1228 δ’
3067 1164 3136 1228 ἄν

627 1296 709 1340 τις
766 1274 1066 1356 ζητήσειεν
1120 1273 1217 1335 καὶ
1263 1272 1358 1335 ἐπὶ
1417 1276 1534 1334 τῶν
1589 1272 1918 1355 ἐνεργειῶν,
1974 1271 2056 1332 ὧν
2111 1269 2250 1352 τέλη
2303 1294 2428 1338 πως
2481 1270 2540 1332 αἱ
2597 1267 2830 1351 ἡδοναί,
2894 1268 2982 1330 διὸ
3035 1267 3132 1329 καὶ
3162 1280 3216 1322 1⁰

632 1376 1084 1457 συνδιαιροῦνται
1132 1376 1351 1443 αὐταῖς.
1441 1375 1496 1436 εἰ
1538 1373 1647 1457 γὰρ
1692 1376 1809 1435 τῶν
1855 1374 2154 1454 ἐνεργειῶν
2209 1373 2268 1435 αἱ
2317 1371 2421 1455 μέν
2481 1372 2622 1434 εἰσιν
2668 1371 2912 1453 ἀγαθαί,
2967 1370 3026 1432 αἱ
3071 1370 3138 1431 δὲ

634 1478 961 1561 μοχθηραί,
1018 1479 1076 1539 αἱ
1123 1478 1188 1539 δὲ
1232 1477 1568 1561 ἀδιάφοροι,
1626 1476 1664 1558 ἡ
1712 1475 1876 1558 κοινὴ
1930 1476 2026 1538 καὶ
2079 1477 2163 1543 ὥς
2203 1474 2365 1558 γένος
2421 1473 2680 1557 ἐνέργεια
2723 1469 3134 1557 λαμβανομένη

531 1597 592 1644 10
632 1577 756 1641 οὔτ’
822 1580 1047 1662 ἀγαθὸν
1107 1578 1241 1641 οὔτε
1300 1580 1478 1643 κακὸν
1538 1576 1660 1641 οὔτ’
1726 1578 2041 1661 ἀδιάφορον
2105 1574 2288 1640 ἔσται.
2386 1576 2536 1639 ἀλλὰ
2595 1577 2710 1659 μὴν
2773 1580 2886 1638 πᾶν
2947 1576 3013 1638 τὸ
3073 1572 3136 1637 ὂν
3166 1586 3218 1629 15

630 1681 941 1764 ἀναγκαῖον
988 1683 1025 1764 ἢ
1060 1681 1281 1763 ἀγαθὸν
1326 1682 1365 1765 ἢ
1400 1682 1578 1744 κακὸν
1624 1680 2010 1764 ἢάδιάφορον
2057 1678 2220 1743 εἶναι.
2296 1680 2480 1762 ἢπᾶν
2524 1679 2590 1741 τὸ
2638 1678 2700 1741 ὃν
2731 1678 2792 1741 ἐν
2825 1677 3138 1741 ὑποστάσει

628 1785 726 1847 καὶ
769 1785 834 1847 τὸ
878 1782 1021 1847 εἶναι
1064 1781 1201 1847 καθ’
1244 1784 1385 1847 αὑτὸ
1433 1784 1777 1866 δυνάμενον·
1826 1783 1879 1845 εἰ
1923 1781 1988 1845 δέ
2032 1803 2084 1843 τι
2114 1782 2302 1844 κοινὸν
2347 1778 2462 1863 εἴη,
2509 1780 2605 1866 ὑφ’
2650 1781 2682 1843 ὃ
2725 1785 2907 1843 ταῦτα
2951 1781 3137 1842 πάντα

627 1886 814 1963 ἐστίν,
869 1888 1055 1949 ἐκεῖνο
1110 1886 1301 1950 οὐκέτι
1362 1885 1484 1949 οἷόν
1544 1908 1607 1948 τε
1660 1884 1879 1948 τούτων
1933 1907 1987 1945 τι
2031 1882 2177 1946 εἶναι
2220 1886 2310 1968 τῷ
2364 1885 2550 1946 πάντα
2601 1880 2760 1967 ἔχειν
2817 1879 2914 1965 ὑφ’
2970 1878 3132 1943 αὑτό.
3161 1896 3218 1938 2⁰

620 1988 757 2051 οὐδὲ
818 1990 927 2073 γὰρ
972 1991 1097 2052 ἐπεὶ
1155 1994 1269 2051 πᾶν
1318 1992 1473 2073 ζῷον
1530 1987 1711 2065 τὸέν
1767 1987 2083 2050 ὑποστάσει
2137 1984 2201 2048 ὂν
2246 1985 2287 2068 ἢ
2332 1987 2559 2067 λογικόν
2613 1985 2766 2048 ἐστιν
2821 1984 2860 2068 ἢ
2906 1982 3136 2065 ἄλογον,

524 2110 583 2157 15
626 2092 723 2153 διὰ
769 2096 939 2155 τοῦτο
983 2092 1082 2156 καὶ
1126 2093 1192 2154 τὸ
1240 2092 1427 2153 κοινὸν
1484 2092 1549 2153 τὸ
1606 2092 1687 2159 ὡς
1730 2089 1895 2172 γένος
1945 2088 2092 2152 κατὰ
2145 2094 2260 2151 τῶν
2315 2089 2376 2151 ἐν
2429 2088 2743 2151 ὑποστάσει
2786 2085 3131 2171 κατηγορού·

622 2216 789 2275 μενον
837 2195 895 2257 ἐν
931 2192 1162 2278 θατέρῳ
1208 2194 1431 2256 τούτων
1464 2192 1603 2256 ἐστι’.
1674 2190 1809 2254 οὔτε
1857 2189 1955 2253 οὖν
2002 2191 2236 2274 ἣκοινὴ
2281 2192 2464 2274 ἡδονὴ
2513 2188 2647 2253 οὔτε
2691 2192 2731 2273 ἠ
2764 2192 2927 2274 κοινὴ
2973 2188 3126 2271 ἐνέρ-

617 2317 743 2376 γεια
800 2294 1029 2359 ἔσονται
1085 2297 1124 2379 ἢ
1183 2295 1378 2377 ἀγαθὰ
1433 2296 1472 2379 ἢ
1527 2294 1679 2359 κακὰ
1734 2295 1771 2377 ἢ
1829 2296 2154 2378 ἀδιάφορα,
2211 2295 2404 2377 πάσης
2460 2293 2467 2376 1
2526 2294 2740 2377 ἡδονῆς
2793 2294 2888 2355 καὶ
2943 2294 3212 2373 πάσης-5

616 2396 905 2481 ἐνεργείας
950 2403 1056 2481 τῆς
1108 2398 1168 2462 ἐν
1217 2398 1532 2461 ὑποστάσει
1585 2398 1803 2461 τούτων
1850 2421 1904 2460 τι
1947 2396 2222 2481 ἐχούσης.
2311 2396 2438 2458 ἐπεὶ
2484 2396 2549 2458 δὲ
2602 2396 2662 2458 αἱ
2715 2396 2918 2478 ἡδοναὶ
2961 2396 3087 2463 ταῖς
3131 2400 3236 2457 238

616 2498 943 2582 ἐνεργείαις,
991 2500 1086 2585 ἐφ’
1132 2502 1221 2571 αἷς
1267 2502 1533 2584 γίνονται,
1582 2502 2053 2585 συνδιαιροῢνται,
2101 2500 2198 2561 καὶ
2243 2500 2303 2561 αἱ
2352 2498 2454 2581 μὲν
2499 2496 2894 2579 ἐπιγινόμεναί
2931 2520 2995 2561 τε
3036 2496 3132 2559 καὶ

510 2620 578 2668 20
617 2600 898 2684 ἑπόμεναι
944 2606 1067 2671 ταῖς
1114 2604 1361 2685 ἀγαθαῖς
1406 2604 1719 2686 ἐνεργείαις
1764 2602 2000 2685 ἀγαθαί,
2048 2604 2106 2665 αἱ
2154 2602 2218 2663 δὲ
2261 2606 2386 2670 ταῖς
2430 2600 2763 2684 μοχθηραῖς
2809 2600 3130 2685 μοχθηραί,
3187 2616 3216 2658 ὅ

618 2705 924 2789 ἀδιάφοροι
970 2706 1035 2767 δὲ
1078 2707 1138 2768 αἱ
1184 2711 1310 2774 ταῖς
1354 2706 1720 2789 ἀδιαφόροις,
1776 2705 2121 2787 ἐπιζητῆσαι
2165 2728 2246 2773 τις
2295 2702 2383 2779 ἂν,
2429 2708 2556 2772 πῶς
2601 2703 2720 2786 χρὴ
2768 2703 2899 2786 περὶ
2943 2700 3130 2787 λύπης

618 2805 833 2888 λέγειν,
888 2807 1090 2890 ἐπειδὴ
1138 2808 1285 2890 αὕτη
1332 2809 1561 2871 ἐναντία
1604 2811 1681 2891 τῇ
1729 2808 1938 2890 ἡδονῇ.
2029 2807 2082 2869 εἰ
2125 2807 2236 2891 γὰρ
2281 2807 2376 2870 καὶ
2422 2806 2632 2888 ταύτην
2680 2804 2836 2887 λέγοι
2877 2828 2961 2873 τις
3007 2824 3130 2866 συν-

617 2908 965 2991 διαιρεῖσθαι
1010 2914 1133 2979 ταῖς
1178 2909 1507 2995 ἐνεργείαις,
1554 2910 1649 2994 ἐφ’
1694 2912 1787 2979 αἷς
1830 2909 2066 2991 γίνεται,
2112 2915 2340 2995 πρῶτον
2389 2910 2493 2991 μὲν
2538 2908 2664 2971 τίνα
2709 2906 2921 2992 τρόπον
2966 2905 3012 2989 ἧ
3053 2908 3131 2969 δι·
3159 2922 3214 2963 1⁰

616 3009 832 3093 αίρεσις
873 3008 1063 3093 ἔσται;
1110 3012 1351 3097 πότερον
1398 3013 1499 3082 τὰς
1545 3014 1649 3097 μὲν
1696 3012 1793 3075 ἐπὶ
1840 3017 1965 3080 ταῖς
1996 3012 2244 3094 ἀγαθαῖς
2289 3011 2598 3095 ἐνεργείαις
2642 3010 2944 3094 γινομένας
2973 3008 3132 3093 ἐροῦ-

514 3130 579 3179 25
621 3134 722 3196 μεν
769 3114 971 3189 κακάς,
1018 3114 1120 3183 τὰς
1166 3116 1229 3177 δὲ
1280 3115 1373 3177 ἐπὶ
1406 3120 1528 3185 ταῖς
1576 3115 1912 3199 μοχθηραῖς
1943 3114 2188 3196 ἀγαθάς,
2233 3114 2338 3183 τὰς
2383 3114 2446 3176 δὲ
2491 3114 2585 3177 ἐπὶ
2631 3117 2755 3180 ταῖς
2795 3111 3130 3195 ἀδιαφόροις

613 3214 998 3299 ἀδιαφόρους;
1073 3216 1110 3299 ἢ
1172 3216 1387 3280 ἄτοπον
1453 3220 1517 3281 τὸ
1583 3218 1765 3298 λέγειν
1830 3216 1945 3301 (ἐν)
2005 3218 2215 3302 ἀγαθῷ
2271 3215 2416 3279 εἶναι
2475 3215 2541 3277 τὸ
2607 3213 2965 3298 λυπούμενον
3033 3212 3132 3275 ἐπὶ

614 3322 738 3386 ταῖς
786 3319 1122 3402 μοχθηραῖς
1167 3320 1498 3403 ἐνεργείαις,
1545 3320 1611 3390 ἃς
1658 3319 1904 3403 ἐνεργεῖ;
1954 3319 2012 3381 ἐν
2059 3323 2226 3401 κακῷ
2272 3319 2379 3403 γὰρ
2425 3320 2457 3381 ὁ
2503 3322 2780 3386 τοιοῦτος.
2850 3322 2976 3385 πῶς
3019 3315 3127 3399 γὰρ
3157 3330 3210 3371 15

614 3417 721 3482 οὐκ
766 3420 827 3482 ἐν
874 3423 1041 3504 κακῷ
1088 3422 1119 3483 ὃ
1167 3421 1226 3483 ἐν
1272 3422 1559 3490 τοιαύταις
1612 3421 1922 3505 ἐνεργείαις
1967 3422 2075 3501 ὤνς
2142 3418 2340 3484 ἔπειτα
2397 3424 2434 3504 ἡ
2484 3422 2588 3503 μὲν
2633 3421 2814 3503 ἡδονὴ
2869 3416 3126 3501 εὐλόγως

612 3518 801 3583 ἐδόκει
849 3524 1310 3606 συνδιαιρεῒσθαι
1365 3528 1488 3591 ταῖς
1533 3524 1642 3607 πρὸ
1690 3524 1872 3607 αὐτῆς
1917 3522 2226 3607 ἐνεργείαις
2280 3520 2436 3606 (κατ’
2494 3522 2822 3605 οἰκειότητα
2868 3521 2979 3605 γὰρ
3022 3522 3130 3603 τὴν

508 3640 577 3688 30
614 3624 760 3706 πρὸς
803 3623 984 3694 αὐτὰς
1030 3625 1245 3708 ἐγίνετο
1290 3627 1389 3688 καὶ
1436 3629 1516 3692 ὡς
1561 3625 1727 3694 τέλος
1769 3649 1822 3688 τι
1867 3624 1940 3708 ἦν
1986 3626 2239 3708 αὐτῶν),
2285 3628 2324 3708 ἡ
2373 3626 2437 3688 δὲ
2481 3624 2636 3707 λύπη
2683 3622 3212 3708 ἀλλοτριότητόςω

612 3725 733 3788 ἐστι
779 3733 1023 3810 σημεῖον
1070 3734 1192 3797 τοῖς
1236 3712 1474 3813 ἐφ”οἷς
1518 3728 1751 3810 γίνεται.
1844 3728 1883 3811 ἢ
1930 3726 2168 3809 εὔλογον
2215 3725 2288 3790 δι’
2343 3726 2487 3789 αὐτὸ
2531 3728 2635 3810 τὴν
2684 3726 2780 3789 ἐπὶ
2823 3730 2949 3796 ταῖς
2994 3727 3128 3808 ἀγα-

614 3828 747 3897 θαῖς
792 3830 1105 3914 ἐνεργείαις
1154 3830 1459 3915 γινομένην
1515 3828 1663 3894 εἶναι
1718 3831 1933 3913 κακήν,
1991 3828 2136 3892 διότι
2190 3830 2466 3913 ἀλλοτρία
2517 3828 2640 3891 ἐστὶ
2692 3836 2809 3892 τῶν
2865 3828 3126 3910 ἀγαθῶν,

614 3929 710 3991 καὶ
756 3932 849 3993 διὰ
895 3937 1074 3996 ταῦτα
1120 3933 1223 4015 τὴν
1272 3934 1368 3995 ἐπὶ
1414 3938 1535 4001 ταῖς
1582 3936 1783 4001 κακαῖς
1822 3932 2075 4016 ἀγαθήν,
2122 3930 2210 3994 ὅτι
2255 3930 2380 3995 ἐστί
2419 3954 2502 4000 τις
2545 3932 2820 4015 ἀλλοτρία
2864 3936 2980 3993 τῶν
3027 3955 3123 3994 κα·
3149 3947 3204 3989 2⁵

615 4035 757 4108 κῶν,
806 4032 893 4097 ὅτι
938 4057 1000 4097 τε
1046 4035 1077 4097 ὁ
1109 4034 1295 4118 λέγων
1339 4036 1446 4118 τὴν
1492 4035 1760 4119 τοιαύτην
1807 4034 1994 4117 λύπην
2041 4034 2262 4116 ἀγαθὸν
2308 4032 2375 4095 οὐ
2423 4032 2524 4102 τὰς
2570 4033 2857 4117 ἐνεργείας
2899 4031 2996 4118 ἐφ’
3037 4034 3128 4103 αἶς

506 4153 573 4201 35
612 4136 855 4218 γίνεται,
912 4136 1137 4221 τίθησιν
1184 4138 1411 4220 ἀγαθὰς
1464 4136 1639 4215 εἶναι,
1696 4136 1846 4199 ἀλλὰ
1888 4138 1992 4219 τὴν
2049 4134 2464 4219 ἀλλοτριότητα
2518 4138 2663 4219 πρὸς
2716 4134 2818 4205 τὰς
2863 4136 3131 4204 τοιαύτας

610 4236 899 4321 ἐνεργείας
943 4238 981 4321 ἢ
1035 4236 1041 4323 Ι
1089 4242 1457 4322 περιστάσεις
1510 4262 1571 4303 τε
1616 4239 1715 4302 καὶ
1759 4238 1958 4323 τύχας.
2049 4238 2088 4321 ἢ
2136 4236 2290 4307 ὅλως
2343 4237 2557 4302 ἄτοπον
2613 4240 2678 4301 τὸ
2735 4238 2838 4321 τὴν
2896 4239 3084 4321 λύπην
3130 4244 3234 4301 239

504 4504 536 4556 5
575 4500 676 4555 οὐδ’
706 4504 919 4571 scripsi:
954 4498 1066 4555 οὔτ’
1096 4502 1215 4556 libri
1357 4502 1627 4573 ἀδιάφορόν
1656 4504 1784 4556 ἐστιν
1813 4506 1949 4557 coni.
1977 4507 2067 4572 Sp.
2213 4505 2243 4556 6
2282 4502 2542 4575 ἀδιάφοροι
2567 4505 2755 4571 scripsi
2783 4502 3232 4571 (,‚indifl'erentes“

502 4592 838 4659 Bagolinus):
868 4590 1095 4661 διάφοροι
1123 4591 1241 4644 libri
1384 4596 1542 4643 ταῦτα
1569 4588 1636 4657 δ’]
1662 4592 1844 4644 ταύτόν
1869 4594 2005 4646 coni.
2028 4596 2118 4659 Sp.
2265 4592 2330 4645 10
2355 4591 2615 4663 ἀδιάφοροι
2635 4596 2685 4643 V
2827 4593 2882 4643 11
2913 4586 2947 4665 ᾖ
2975 4596 3074 4643 πᾶν
3101 4592 3235 4643 coni.

504 4679 591 4745 Sp.
739 4680 803 4729 14
830 4695 905 4745 pr.
932 4676 989 4747 ἢ]
1015 4678 1046 4747 η
1074 4681 1119 4728 V
1272 4679 1345 4730 15.
1380 4680 1440 4731 16
1466 4679 1933 4751 κατηγορούμενον]
1962 4681 2099 4732 inter
2125 4698 2152 4731 0
2181 4684 2232 4732 et
2257 4699 2282 4729 ν
2309 4696 2415 4731 una
2442 4680 2614 4731 littera
2639 4695 2786 4731 erasa
2803 4683 2854 4731 V
3005 4678 3066 4730 16
3092 4676 3236 4731 θατέ-

502 4781 576 4834 ρω
602 4768 645 4817 V
770 4765 832 4816 21
864 4762 1172 4833 ἀδιαφόροις]
1200 4782 1235 4832 φ
1261 4766 1317 4817 in
1346 4765 1425 4817 lit.
1451 4770 1494 4817 V
1624 4766 1690 4817 ‘26
1717 4766 1767 4817 ἐν
1794 4766 1912 4818 add.
1934 4764 2034 4818 B⁹a
2055 4769 2142 4833 Sp.
2270 4768 2359 4819 alt.
2380 4767 2464 4835 τὸ]
2491 4765 2578 4819 τὸν
2598 4766 2698 4819 B²a
2725 4769 2813 4833 Sp.
2943 4764 3108 4819 2228
3129 4771 3236 4823 πῶς

502 4852 596 4920 γὰρ
620 4852 739 4917 οὐκ]
769 4869 841 4909 ως
872 4852 964 4920 γὰρ
991 4851 1085 4903 οὐκ
1116 4852 1174 4903 in
1202 4851 1281 4903 lit.
1304 4855 1351 4903 V
1498 4854 1559 4906 31
1599 4861 1706 4912 τοῖς
1738 4854 1898 4907 Vict.:
1941 4856 2034 4923 τῆς
2070 4854 2192 4907 libri
2333 4850 2396 4907 δι’
2430 4853 2578 4923 αὐτὸ]
2607 4854 2825 4908 fortasse
2863 4853 2960 4906 διὰ
2995 4852 3062 4906 τὸ
