<?xml version="1.0" encoding="UTF-8"?>
<!DOCTYPE html PUBLIC "-//W3C//DTD XHTML 1.0 Transitional//EN"
    "http://www.w3.org/TR/xhtml1/DTD/xhtml1-transitional.dtd">
<html xmlns="http://www.w3.org/1999/xhtml" xml:lang="en" lang="en">
 <head>
  <title>
</title>
<meta http-equiv="Content-Type" content="text/html;charset=utf-8" />
  <meta name='ocr-system' content='tesseract 3.04.00' />
  <meta name='ocr-capabilities' content='ocr_page ocr_carea ocr_par ocr_line ocrx_word'/>
</head>
<body>
  <div class='ocr_page' id='page_1' title='image "./supplementumari00wissgoog_0039.png"; bbox 0 0 3684 5567; ppageno 0'>
   <div class='ocr_carea' id='block_1_1' title="bbox 1130 272 3084 328">
    <p class='ocr_par' dir='ltr' id='par_1_1' title="bbox 1130 272 3084 328">
     <span class='ocr_line' id='line_1_1' title="bbox 1130 272 3084 328; baseline -0.004 -2"><span class='ocrx_word' id='word_1_1' title='bbox 1130 273 1200 327; x_wconf 88' lang='lat'>111</span> <span class='ocrx_word' id='word_1_2' title='bbox 1274 274 1361 326; x_wconf 81' lang='lat' dir='ltr'>DE</span> <span class='ocrx_word' id='word_1_3' title='bbox 1400 272 1755 328; x_wconf 84' lang='lat' dir='ltr'>GODIOIBUS</span> <span class='ocrx_word' id='word_1_4' title='bbox 1791 272 1978 327; x_wconf 86' lang='lat' dir='ltr'><strong>LIBRI</strong></span> <span class='ocrx_word' id='word_1_5' title='bbox 2017 273 2105 327; x_wconf 87' lang='lat' dir='ltr'>DE</span> <span class='ocrx_word' id='word_1_6' title='bbox 2141 272 2320 327; x_wconf 82' lang='lat' dir='ltr'><strong>FATO</strong></span> <span class='ocrx_word' id='word_1_7' title='bbox 2905 278 3084 319; x_wconf 81' lang='lat' dir='ltr'>xxxm</span> 
     </span>
    </p>
   </div>
   <div class='ocr_carea' id='block_1_2' title="bbox 336 443 3194 4844">
    <p class='ocr_par' dir='ltr' id='par_1_2' title="bbox 336 443 3094 1846">
     <span class='ocr_line' id='line_1_2' title="bbox 381 443 3086 531; baseline 0.001 -22"><span class='ocrx_word' id='word_1_8' title='bbox 381 451 549 529; x_wconf 89' lang='lat' dir='ltr'>sunt,</span> <span class='ocrx_word' id='word_1_9' title='bbox 596 444 715 511; x_wconf 89' lang='lat' dir='ltr'>etsi</span> <span class='ocrx_word' id='word_1_10' title='bbox 762 444 1213 511; x_wconf 89' lang='lat' dir='ltr'>omissionibus</span> <span class='ocrx_word' id='word_1_11' title='bbox 1257 444 1511 529; x_wconf 88' lang='lat' dir='ltr'>parcius</span> <span class='ocrx_word' id='word_1_12' title='bbox 1552 448 1779 531; x_wconf 83' lang='lat' dir='ltr'>peccat</span> <span class='ocrx_word' id='word_1_13' title='bbox 1821 443 1912 509; x_wconf 82' lang='lat' dir='ltr'>a&#39;.</span> <span class='ocrx_word' id='word_1_14' title='bbox 2001 464 2168 528; x_wconf 89' lang='lat' dir='ltr'>quae</span> <span class='ocrx_word' id='word_1_15' title='bbox 2210 443 2364 527; x_wconf 86' lang='lat' dir='ltr'>quia</span> <span class='ocrx_word' id='word_1_16' title='bbox 2391 444 2457 509; x_wconf 91' lang='lat' dir='ltr'>in</span> <span class='ocrx_word' id='word_1_17' title='bbox 2503 452 2824 529; x_wconf 89' lang='lat' dir='ltr'>apparatu</span> <span class='ocrx_word' id='word_1_18' title='bbox 2869 447 3086 513; x_wconf 86' lang='lat' dir='ltr'>omnia</span> 
     </span>
     <span class='ocr_line' id='line_1_3' title="bbox 380 562 3087 649; baseline 0.001 -21"><span class='ocrx_word' id='word_1_19' title='bbox 380 563 709 648; x_wconf 76' lang='lat' dir='ltr'>proposui,</span> <span class='ocrx_word' id='word_1_20' title='bbox 773 563 876 629; x_wconf 90' lang='lat' dir='ltr'>hic</span> <span class='ocrx_word' id='word_1_21' title='bbox 940 570 1297 648; x_wconf 88' lang='lat' dir='ltr'>praetereo.</span> <span class='ocrx_word' id='word_1_22' title='bbox 1394 563 1510 629; x_wconf 90' lang='lat' dir='ltr'>sed</span> <span class='ocrx_word' id='word_1_23' title='bbox 1574 563 1702 628; x_wconf 88' lang='lat' dir='ltr'>duo</span> <span class='ocrx_word' id='word_1_24' title='bbox 1756 582 2008 630; x_wconf 91' lang='lat' dir='ltr'>moneo.</span> <span class='ocrx_word' id='word_1_25' title='bbox 2097 562 2398 649; x_wconf 90' lang='lat' dir='ltr'>primum,</span> <span class='ocrx_word' id='word_1_26' title='bbox 2463 563 2846 631; x_wconf 76' lang='lat' dir='ltr'>discriminis</span> <span class='ocrx_word' id='word_1_27' title='bbox 2912 564 3087 649; x_wconf 88' lang='lat' dir='ltr'>quod</span> 
     </span>
     <span class='ocr_line' id='line_1_4' title="bbox 379 681 3088 767; baseline 0.001 -18"><span class='ocrx_word' id='word_1_28' title='bbox 379 681 719 750; x_wconf 82' lang='lat' dir='ltr'>intercedit</span> <span class='ocrx_word' id='word_1_29' title='bbox 782 682 949 749; x_wconf 90' lang='lat' dir='ltr'>inter</span> <span class='ocrx_word' id='word_1_30' title='bbox 1010 683 1173 749; x_wconf 89' lang='lat' dir='ltr'>duas</span> <span class='ocrx_word' id='word_1_31' title='bbox 1234 681 1549 749; x_wconf 78' lang='lat' dir='ltr'>editiones</span> <span class='ocrx_word' id='word_1_32' title='bbox 1614 702 1914 765; x_wconf 88' lang='lat' dir='ltr'>magnam</span> <span class='ocrx_word' id='word_1_33' title='bbox 1979 688 2227 767; x_wconf 89' lang='lat' dir='ltr'>partem</span> <span class='ocrx_word' id='word_1_34' title='bbox 2295 702 2377 750; x_wconf 91' lang='lat' dir='ltr'>ex</span> <span class='ocrx_word' id='word_1_35' title='bbox 2428 682 2658 750; x_wconf 90' lang='lat' dir='ltr'>Veneti</span> <span class='ocrx_word' id='word_1_36' title='bbox 2711 686 3088 753; x_wconf 80' lang='lat' dir='ltr'>correcturis</span> 
     </span>
     <span class='ocr_line' id='line_1_5' title="bbox 384 800 3088 889; baseline 0.002 -22"><span class='ocrx_word' id='word_1_37' title='bbox 384 802 738 886; x_wconf 86' lang='lat' dir='ltr'>profectam</span> <span class='ocrx_word' id='word_1_38' title='bbox 811 821 976 886; x_wconf 89' lang='lat' dir='ltr'>esse,</span> <span class='ocrx_word' id='word_1_39' title='bbox 1048 801 1125 868; x_wconf 83' lang='lat' dir='ltr'>cf.</span> <span class='ocrx_word' id='word_1_40' title='bbox 1181 800 1374 868; x_wconf 88' lang='lat' dir='ltr'>velim</span> <span class='ocrx_word' id='word_1_41' title='bbox 1441 801 1689 881; x_wconf 84' lang='lat'><strong>166‚18.</strong></span> <span class='ocrx_word' id='word_1_42' title='bbox 1719 803 1816 868; x_wconf 91' lang='grc'>19.</span> <span class='ocrx_word' id='word_1_43' title='bbox 1845 803 1928 868; x_wconf 84' lang='grc'>23</span> <span class='ocrx_word' id='word_1_44' title='bbox 2008 802 2237 880; x_wconf 88' lang='grc'><strong>16934</strong></span> <span class='ocrx_word' id='word_1_45' title='bbox 2304 802 2533 886; x_wconf 87' lang='grc'><strong>17135</strong></span> <span class='ocrx_word' id='word_1_46' title='bbox 2601 804 2850 889; x_wconf 83' lang='grc'><strong>172,13.</strong></span> <span class='ocrx_word' id='word_1_47' title='bbox 2879 807 2978 872; x_wconf 86' lang='lat'>19.</span> <span class='ocrx_word' id='word_1_48' title='bbox 3003 806 3088 872; x_wconf 83' lang='lat'>25</span> 
     </span>
     <span class='ocr_line' id='line_1_6' title="bbox 383 920 3090 1007; baseline 0.001 -21"><span class='ocrx_word' id='word_1_49' title='bbox 383 922 616 1005; x_wconf 86' lang='grc'><strong>17334</strong></span> <span class='ocrx_word' id='word_1_50' title='bbox 660 928 781 989; x_wconf 87' lang='lat' dir='ltr'>etc.</span> <span class='ocrx_word' id='word_1_51' title='bbox 867 921 1122 1007; x_wconf 89' lang='lat' dir='ltr'>deinde,</span> <span class='ocrx_word' id='word_1_52' title='bbox 1166 922 1295 987; x_wconf 89' lang='lat' dir='ltr'>iam</span> <span class='ocrx_word' id='word_1_53' title='bbox 1338 921 1404 987; x_wconf 91' lang='lat' dir='ltr'>in</span> <span class='ocrx_word' id='word_1_54' title='bbox 1451 941 1529 988; x_wconf 91' lang='lat' dir='ltr'>eo</span> <span class='ocrx_word' id='word_1_55' title='bbox 1574 921 1814 1007; x_wconf 88' lang='lat' dir='ltr'>codice,</span> <span class='ocrx_word' id='word_1_56' title='bbox 1868 923 1954 988; x_wconf 87' lang='lat' dir='ltr'>ad</span> <span class='ocrx_word' id='word_1_57' title='bbox 1997 941 2187 1005; x_wconf 91' lang='lat' dir='ltr'>quem</span> <span class='ocrx_word' id='word_1_58' title='bbox 2230 920 2299 986; x_wconf 88' lang='lat' dir='ltr'>a¹</span> <span class='ocrx_word' id='word_1_59' title='bbox 2345 927 2410 987; x_wconf 92' lang='lat' dir='ltr'>et</span> <span class='ocrx_word' id='word_1_60' title='bbox 2451 920 2524 988; x_wconf 84' lang='lat' dir='ltr'>a&#39;</span> <span class='ocrx_word' id='word_1_61' title='bbox 2565 924 2750 1007; x_wconf 88' lang='lat' dir='ltr'>quasi</span> <span class='ocrx_word' id='word_1_62' title='bbox 2792 924 2878 989; x_wconf 86' lang='lat' dir='ltr'>ad</span> <span class='ocrx_word' id='word_1_63' title='bbox 2921 944 3090 992; x_wconf 91' lang='lat' dir='ltr'>com-</span> 
     </span>
     <span class='ocr_line' id='line_1_7' title="bbox 382 1039 3092 1125; baseline 0.002 -20"><span class='ocrx_word' id='word_1_64' title='bbox 382 1060 642 1107; x_wconf 92' lang='lat' dir='ltr'>munem</span> <span class='ocrx_word' id='word_1_65' title='bbox 684 1048 953 1109; x_wconf 90' lang='lat' dir='ltr'>matrem</span> <span class='ocrx_word' id='word_1_66' title='bbox 996 1041 1288 1125; x_wconf 88' lang='lat' dir='ltr'>redeunt,</span> <span class='ocrx_word' id='word_1_67' title='bbox 1344 1040 1617 1124; x_wconf 84' lang='lat' dir='ltr'>vestigia</span> <span class='ocrx_word' id='word_1_68' title='bbox 1669 1061 1991 1125; x_wconf 85' lang='lat' dir='ltr'>apparere</span> <span class='ocrx_word' id='word_1_69' title='bbox 2033 1040 2194 1107; x_wconf 91' lang='lat' dir='ltr'>artis</span> <span class='ocrx_word' id='word_1_70' title='bbox 2236 1039 2516 1108; x_wconf 82' lang='lat' dir='ltr'>criticae.</span> <span class='ocrx_word' id='word_1_71' title='bbox 2601 1061 2754 1110; x_wconf 86' lang='lat' dir='ltr'>nam</span> <span class='ocrx_word' id='word_1_72' title='bbox 2803 1044 2872 1109; x_wconf 90' lang='lat' dir='ltr'>in</span> <span class='ocrx_word' id='word_1_73' title='bbox 2923 1050 3092 1111; x_wconf 90' lang='lat' dir='ltr'>utro·</span> 
     </span>
     <span class='ocr_line' id='line_1_8' title="bbox 383 1158 3089 1247; baseline 0.003 -23"><span class='ocrx_word' id='word_1_74' title='bbox 383 1177 509 1242; x_wconf 88' lang='lat' dir='ltr'>que</span> <span class='ocrx_word' id='word_1_75' title='bbox 551 1166 725 1228; x_wconf 90' lang='lat' dir='ltr'>recte</span> <span class='ocrx_word' id='word_1_76' title='bbox 770 1168 1083 1229; x_wconf 87' lang='lat' dir='ltr'>mutatum</span> <span class='ocrx_word' id='word_1_77' title='bbox 1111 1168 1211 1227; x_wconf 90' lang='lat' dir='ltr'>est</span> <span class='ocrx_word' id='word_1_78' title='bbox 1240 1180 1295 1227; x_wconf 89' lang='lat' dir='ltr'>e.</span> <span class='ocrx_word' id='word_1_79' title='bbox 1328 1180 1420 1245; x_wconf 89' lang='lat' dir='ltr'>gr.</span> <span class='ocrx_word' id='word_1_80' title='bbox 1469 1158 1657 1245; x_wconf 82' lang='grc'><strong>173,9</strong></span> <span class='ocrx_word' id='word_1_81' title='bbox 1706 1162 1934 1245; x_wconf 83' lang='grc'><strong>182,16</strong></span> <span class='ocrx_word' id='word_1_82' title='bbox 1984 1159 2214 1241; x_wconf 85' lang='grc'><strong>186,19</strong></span> <span class='ocrx_word' id='word_1_83' title='bbox 2261 1159 2486 1242; x_wconf 90' lang='grc'><strong>189,16</strong></span> <span class='ocrx_word' id='word_1_84' title='bbox 2537 1161 2784 1247; x_wconf 86' lang='grc'><strong>193,16.</strong></span> <span class='ocrx_word' id='word_1_85' title='bbox 2812 1165 2888 1229; x_wconf 92' lang='grc'><strong>17</strong></span> <span class='ocrx_word' id='word_1_86' title='bbox 2921 1164 3089 1231; x_wconf 88' lang='lat' dir='ltr'>falso</span> 
     </span>
     <span class='ocr_line' id='line_1_9' title="bbox 388 1279 3092 1371; baseline 0.003 -26"><span class='ocrx_word' id='word_1_87' title='bbox 388 1280 573 1366; x_wconf 92' lang='grc'><strong>176,6</strong></span> <span class='ocrx_word' id='word_1_88' title='bbox 620 1281 867 1365; x_wconf 89' lang='grc'><strong>177,15.</strong></span> <span class='ocrx_word' id='word_1_89' title='bbox 958 1282 1234 1365; x_wconf 88' lang='lat' dir='ltr'>denique</span> <span class='ocrx_word' id='word_1_90' title='bbox 1276 1282 1567 1364; x_wconf 76' lang='lat' dir='ltr'>singulae</span> <span class='ocrx_word' id='word_1_91' title='bbox 1613 1279 1929 1347; x_wconf 86' lang='lat' dir='ltr'>editiones</span> <span class='ocrx_word' id='word_1_92' title='bbox 1973 1300 2155 1345; x_wconf 88' lang='lat' dir='ltr'>suum</span> <span class='ocrx_word' id='word_1_93' title='bbox 2201 1297 2436 1364; x_wconf 85' lang='lat' dir='ltr'>passae</span> <span class='ocrx_word' id='word_1_94' title='bbox 2480 1286 2628 1347; x_wconf 91' lang='lat' dir='ltr'>sunt</span> <span class='ocrx_word' id='word_1_95' title='bbox 2672 1283 3092 1371; x_wconf 85' lang='lat' dir='ltr'>redactorem,</span> 
     </span>
     <span class='ocr_line' id='line_1_10' title="bbox 336 1400 3094 1487; baseline 0.001 -20"><span class='ocrx_word' id='word_1_96' title='bbox 336 1401 565 1467; x_wconf 88' lang='lat' dir='ltr'>·euius</span> <span class='ocrx_word' id='word_1_97' title='bbox 629 1401 835 1467; x_wconf 87' lang='lat' dir='ltr'>rarius</span> <span class='ocrx_word' id='word_1_98' title='bbox 898 1402 966 1467; x_wconf 96' lang='lat' dir='ltr'>in</span> <span class='ocrx_word' id='word_1_99' title='bbox 1031 1401 1100 1467; x_wconf 88' lang='lat' dir='ltr'>a¹</span> <span class='ocrx_word' id='word_1_100' title='bbox 1176 1400 1527 1467; x_wconf 91' lang='lat' dir='ltr'>obveniunt</span> <span class='ocrx_word' id='word_1_101' title='bbox 1599 1401 1970 1485; x_wconf 82' lang='lat' dir='ltr'>conamina,</span> <span class='ocrx_word' id='word_1_102' title='bbox 2043 1418 2253 1482; x_wconf 91' lang='lat' dir='ltr'>neque</span> <span class='ocrx_word' id='word_1_103' title='bbox 2318 1406 2534 1468; x_wconf 87' lang='lat' dir='ltr'>tamen</span> <span class='ocrx_word' id='word_1_104' title='bbox 2596 1401 2849 1487; x_wconf 83' lang='lat' dir='ltr'>desunt,</span> <span class='ocrx_word' id='word_1_105' title='bbox 2914 1402 3094 1470; x_wconf 90' lang='lat' dir='ltr'>velut</span> 
     </span>
     <span class='ocr_line' id='line_1_11' title="bbox 386 1516 3090 1607; baseline 0.001 -21"><span class='ocrx_word' id='word_1_106' title='bbox 386 1522 584 1606; x_wconf 87' lang='grc'><strong>165,3</strong></span> <span class='ocrx_word' id='word_1_107' title='bbox 632 1522 825 1605; x_wconf 87' lang='grc'><strong>167,8</strong></span> <span class='ocrx_word' id='word_1_108' title='bbox 872 1522 1069 1606; x_wconf 87' lang='grc'><strong>168,3</strong></span> <span class='ocrx_word' id='word_1_109' title='bbox 1116 1521 1499 1605; x_wconf 93' lang='grc'><strong>178,10.11.</strong></span> <span class='ocrx_word' id='word_1_110' title='bbox 1597 1520 1782 1604; x_wconf 88' lang='lat' dir='ltr'>plura</span> <span class='ocrx_word' id='word_1_111' title='bbox 1832 1520 2123 1587; x_wconf 90' lang='lat' dir='ltr'>invenies</span> <span class='ocrx_word' id='word_1_112' title='bbox 2165 1519 2235 1583; x_wconf 91' lang='lat' dir='ltr'>in</span> <span class='ocrx_word' id='word_1_113' title='bbox 2279 1516 2350 1583; x_wconf 78' lang='lat' dir='ltr'>a&#39;</span> <span class='ocrx_word' id='word_1_114' title='bbox 2395 1519 2624 1605; x_wconf 83' lang='lat'>165,26</span> <span class='ocrx_word' id='word_1_115' title='bbox 2673 1522 2902 1607; x_wconf 82' lang='lat'>167,24</span> <span class='ocrx_word' id='word_1_116' title='bbox 2949 1522 3090 1604; x_wconf 88' lang='grc'><strong>168,</strong></span> 
     </span>
     <span class='ocr_line' id='line_1_12' title="bbox 385 1638 3094 1726; baseline 0.001 -21"><span class='ocrx_word' id='word_1_117' title='bbox 385 1644 443 1707; x_wconf 91' lang='grc'>6.</span> <span class='ocrx_word' id='word_1_118' title='bbox 478 1641 557 1707; x_wconf 90' lang='grc'>14</span> <span class='ocrx_word' id='word_1_119' title='bbox 612 1641 868 1724; x_wconf 84' lang='grc'><strong>173,10.</strong></span> <span class='ocrx_word' id='word_1_120' title='bbox 898 1642 994 1706; x_wconf 94' lang='grc'><strong>15.</strong></span> <span class='ocrx_word' id='word_1_121' title='bbox 1020 1641 1103 1706; x_wconf 82' lang='lat'>26</span> <span class='ocrx_word' id='word_1_122' title='bbox 1162 1638 1398 1722; x_wconf 87' lang='grc'><strong>178,14</strong></span> <span class='ocrx_word' id='word_1_123' title='bbox 1454 1638 1687 1721; x_wconf 79' lang='grc'><strong>18937</strong></span> <span class='ocrx_word' id='word_1_124' title='bbox 1746 1640 1960 1725; x_wconf 87' lang='grc'><strong>1913.</strong></span> <span class='ocrx_word' id='word_1_125' title='bbox 1985 1642 2088 1705; x_wconf 86' lang='grc'>24.</span> <span class='ocrx_word' id='word_1_126' title='bbox 2113 1640 2196 1705; x_wconf 86' lang='grc'>25</span> <span class='ocrx_word' id='word_1_127' title='bbox 2251 1639 2491 1722; x_wconf 83' lang='grc'><strong>200,16</strong></span> <span class='ocrx_word' id='word_1_128' title='bbox 2545 1641 2734 1724; x_wconf 76' lang='lat'>201‚8</span> <span class='ocrx_word' id='word_1_129' title='bbox 2787 1640 2867 1708; x_wconf 88' lang='lat' dir='ltr'>cf.</span> <span class='ocrx_word' id='word_1_130' title='bbox 2910 1661 3094 1726; x_wconf 90' lang='lat' dir='ltr'>prae-</span> 
     </span>
     <span class='ocr_line' id='line_1_13' title="bbox 383 1758 3040 1846; baseline 0.002 -19"><span class='ocrx_word' id='word_1_131' title='bbox 383 1769 564 1830; x_wconf 89' lang='lat' dir='ltr'>terea</span> <span class='ocrx_word' id='word_1_132' title='bbox 610 1762 814 1846; x_wconf 89' lang='grc'><strong>165,9.</strong></span> <span class='ocrx_word' id='word_1_133' title='bbox 839 1760 923 1825; x_wconf 86' lang='grc'>23</span> <span class='ocrx_word' id='word_1_134' title='bbox 971 1760 1217 1841; x_wconf 89' lang='grc'><strong>168,19.</strong></span> <span class='ocrx_word' id='word_1_135' title='bbox 1242 1760 1320 1824; x_wconf 84' lang='grc'><strong>21</strong></span> <span class='ocrx_word' id='word_1_136' title='bbox 1372 1758 1598 1842; x_wconf 88' lang='grc'><strong>16932</strong></span> <span class='ocrx_word' id='word_1_137' title='bbox 1647 1758 1833 1841; x_wconf 85' lang='grc'><strong>177,9</strong></span> <span class='ocrx_word' id='word_1_138' title='bbox 1879 1760 2192 1843; x_wconf 80' lang='grc'><strong>187,8.26</strong></span> <span class='ocrx_word' id='word_1_139' title='bbox 2238 1758 2474 1843; x_wconf 81' lang='lat'>201,10</span> <span class='ocrx_word' id='word_1_140' title='bbox 2514 1760 2750 1845; x_wconf 78' lang='lat'>202,10</span> <span class='ocrx_word' id='word_1_141' title='bbox 2791 1762 3040 1846; x_wconf 64' lang='lat' dir='ltr'>203,st</span> 
     </span>
    </p>

    <p class='ocr_par' dir='ltr' id='par_1_3' title="bbox 386 1877 3194 3985">
     <span class='ocr_line' id='line_1_14' title="bbox 554 1877 3194 1966; baseline -0 -19"><span class='ocrx_word' id='word_1_142' title='bbox 554 1883 780 1948; x_wconf 84' lang='lat' dir='ltr'>Restat</span> <span class='ocrx_word' id='word_1_143' title='bbox 848 1887 917 1946; x_wconf 92' lang='lat' dir='ltr'>ut</span> <span class='ocrx_word' id='word_1_144' title='bbox 960 1879 1191 1947; x_wconf 89' lang='lat' dir='ltr'>Veneti</span> <span class='ocrx_word' id='word_1_145' title='bbox 1236 1880 1355 1945; x_wconf 83' lang='grc'><strong>261</strong></span> <span class='ocrx_word' id='word_1_146' title='bbox 1414 1885 1479 1944; x_wconf 87' lang='lat' dir='ltr'>et</span> <span class='ocrx_word' id='word_1_147' title='bbox 1532 1877 1918 1945; x_wconf 85' lang='lat' dir='ltr'>Hauniensis</span> <span class='ocrx_word' id='word_1_148' title='bbox 1961 1878 2274 1945; x_wconf 89' lang='lat' dir='ltr'>rationem</span> <span class='ocrx_word' id='word_1_149' title='bbox 2319 1877 2692 1948; x_wconf 81' lang='lat' dir='ltr'>habeamus,</span> <span class='ocrx_word' id='word_1_150' title='bbox 2790 1879 2963 1966; x_wconf 88' lang='lat' dir='ltr'>quod</span> <span class='ocrx_word' id='word_1_151' title='bbox 3014 1879 3098 1947; x_wconf 89' lang='lat' dir='ltr'>de</span> <span class='ocrx_word' id='word_1_152' title='bbox 3141 1881 3194 1945; x_wconf 94' lang='lat' dir='ltr'>B</span> 
     </span>
     <span class='ocr_line' id='line_1_15' title="bbox 386 1996 3097 2085; baseline 0 -20"><span class='ocrx_word' id='word_1_153' title='bbox 386 2001 499 2066; x_wconf 86' lang='lat' dir='ltr'>illo</span> <span class='ocrx_word' id='word_1_154' title='bbox 544 2022 604 2085; x_wconf 88' lang='lat' dir='ltr'>p.</span> <span class='ocrx_word' id='word_1_155' title='bbox 637 2000 799 2067; x_wconf 89' lang='lat' dir='ltr'>XIX</span> <span class='ocrx_word' id='word_1_156' title='bbox 829 1999 984 2079; x_wconf 89' lang='lat' dir='ltr'>dixi,</span> <span class='ocrx_word' id='word_1_157' title='bbox 1026 2000 1201 2066; x_wconf 85' lang='lat' dir='ltr'>valet</span> <span class='ocrx_word' id='word_1_158' title='bbox 1232 1998 1425 2064; x_wconf 88' lang='lat' dir='ltr'>etiam</span> <span class='ocrx_word' id='word_1_159' title='bbox 1455 1996 1579 2063; x_wconf 89' lang='lat' dir='ltr'>hic.</span> <span class='ocrx_word' id='word_1_160' title='bbox 1668 1997 1898 2064; x_wconf 86' lang='lat' dir='ltr'>editori</span> <span class='ocrx_word' id='word_1_161' title='bbox 1928 1997 2174 2065; x_wconf 91' lang='lat' dir='ltr'>inutilis</span> <span class='ocrx_word' id='word_1_162' title='bbox 2203 2006 2322 2083; x_wconf 89' lang='lat' dir='ltr'>est,</span> <span class='ocrx_word' id='word_1_163' title='bbox 2367 1999 2483 2065; x_wconf 87' lang='lat' dir='ltr'>sed</span> <span class='ocrx_word' id='word_1_164' title='bbox 2513 2007 2870 2067; x_wconf 88' lang='lat' dir='ltr'>memoratu</span> <span class='ocrx_word' id='word_1_165' title='bbox 2897 2000 3097 2085; x_wconf 88' lang='lat' dir='ltr'>digna</span> 
     </span>
     <span class='ocr_line' id='line_1_16' title="bbox 390 2115 3096 2205; baseline 0 -20"><span class='ocrx_word' id='word_1_166' title='bbox 390 2119 623 2205; x_wconf 89' lang='lat' dir='ltr'>omnia,</span> <span class='ocrx_word' id='word_1_167' title='bbox 678 2138 846 2203; x_wconf 86' lang='lat' dir='ltr'>quae</span> <span class='ocrx_word' id='word_1_168' title='bbox 890 2116 972 2183; x_wconf 84' lang='lat' dir='ltr'>B&#39;</span> <span class='ocrx_word' id='word_1_169' title='bbox 1022 2117 1377 2184; x_wconf 85' lang='lat' dir='ltr'>adnotavit.</span> <span class='ocrx_word' id='word_1_170' title='bbox 1465 2115 1854 2184; x_wconf 87' lang='lat' dir='ltr'>Hauniensis</span> <span class='ocrx_word' id='word_1_171' title='bbox 1898 2124 2112 2186; x_wconf 87' lang='lat' dir='ltr'>autem</span> <span class='ocrx_word' id='word_1_172' title='bbox 2165 2120 2370 2205; x_wconf 89' lang='lat' dir='ltr'>primo</span> <span class='ocrx_word' id='word_1_173' title='bbox 2424 2119 2648 2186; x_wconf 86' lang='lat' dir='ltr'>obtutu</span> <span class='ocrx_word' id='word_1_174' title='bbox 2702 2119 2956 2187; x_wconf 89' lang='lat' dir='ltr'>videtur</span> <span class='ocrx_word' id='word_1_175' title='bbox 3007 2120 3096 2186; x_wconf 90' lang='lat' dir='ltr'>di·</span> 
     </span>
     <span class='ocr_line' id='line_1_17' title="bbox 386 2236 3097 2323; baseline 0 -19"><span class='ocrx_word' id='word_1_176' title='bbox 386 2246 568 2306; x_wconf 89' lang='lat' dir='ltr'>recta</span> <span class='ocrx_word' id='word_1_177' title='bbox 622 2239 731 2305; x_wconf 87' lang='lat' dir='ltr'>via</span> <span class='ocrx_word' id='word_1_178' title='bbox 782 2238 1193 2305; x_wconf 85' lang='lat' dir='ltr'>descendisse</span> <span class='ocrx_word' id='word_1_179' title='bbox 1248 2257 1330 2303; x_wconf 90' lang='lat' dir='ltr'>ex</span> <span class='ocrx_word' id='word_1_180' title='bbox 1381 2236 1630 2304; x_wconf 88' lang='lat' dir='ltr'>Veneto</span> <span class='ocrx_word' id='word_1_181' title='bbox 1682 2238 1760 2323; x_wconf 92' lang='lat' dir='ltr'>V,</span> <span class='ocrx_word' id='word_1_182' title='bbox 1805 2238 1985 2304; x_wconf 88' lang='lat' dir='ltr'>cuius</span> <span class='ocrx_word' id='word_1_183' title='bbox 2037 2244 2102 2306; x_wconf 93' lang='lat' dir='ltr'>et</span> <span class='ocrx_word' id='word_1_184' title='bbox 2144 2238 2362 2305; x_wconf 86' lang='lat' dir='ltr'>varias</span> <span class='ocrx_word' id='word_1_185' title='bbox 2421 2238 2730 2306; x_wconf 90' lang='lat' dir='ltr'>lectiones</span> <span class='ocrx_word' id='word_1_186' title='bbox 2787 2238 2981 2307; x_wconf 91' lang='lat' dir='ltr'>iterat</span> <span class='ocrx_word' id='word_1_187' title='bbox 3032 2247 3097 2307; x_wconf 94' lang='lat' dir='ltr'>et</span> 
     </span>
     <span class='ocr_line' id='line_1_18' title="bbox 386 2355 3097 2445; baseline -0.001 -20"><span class='ocrx_word' id='word_1_188' title='bbox 386 2358 589 2426; x_wconf 87' lang='lat' dir='ltr'>verba</span> <span class='ocrx_word' id='word_1_189' title='bbox 637 2358 1005 2426; x_wconf 80' lang='lat' dir='ltr'>accentibus</span> <span class='ocrx_word' id='word_1_190' title='bbox 1055 2356 1343 2423; x_wconf 87' lang='lat' dir='ltr'>carentia</span> <span class='ocrx_word' id='word_1_191' title='bbox 1388 2356 1579 2423; x_wconf 92' lang='lat' dir='ltr'>anxie</span> <span class='ocrx_word' id='word_1_192' title='bbox 1624 2355 1912 2442; x_wconf 84' lang='lat' dir='ltr'>depingit</span> <span class='ocrx_word' id='word_1_193' title='bbox 1958 2358 2144 2443; x_wconf 84' lang='grc'><strong>165,3</strong></span> <span class='ocrx_word' id='word_1_194' title='bbox 2187 2358 2300 2440; x_wconf 82' lang='grc' dir='ltr'>(ει)</span> <span class='ocrx_word' id='word_1_195' title='bbox 2346 2358 2532 2442; x_wconf 93' lang='grc'><strong>187,8</strong></span> <span class='ocrx_word' id='word_1_196' title='bbox 2573 2359 2965 2444; x_wconf 82' lang='grc' dir='ltr'>(προσουτισιν</span> <span class='ocrx_word' id='word_1_197' title='bbox 3010 2359 3097 2445; x_wconf 85' lang='grc' dir='ltr'>ὁ),</span> 
     </span>
     <span class='ocr_line' id='line_1_19' title="bbox 388 2476 3099 2564; baseline 0 -20"><span class='ocrx_word' id='word_1_198' title='bbox 388 2478 627 2545; x_wconf 90' lang='lat' dir='ltr'>veteris</span> <span class='ocrx_word' id='word_1_199' title='bbox 682 2477 1057 2545; x_wconf 89' lang='lat' dir='ltr'>correctoris</span> <span class='ocrx_word' id='word_1_200' title='bbox 1110 2476 1355 2542; x_wconf 88' lang='lat' dir='ltr'>monita</span> <span class='ocrx_word' id='word_1_201' title='bbox 1406 2476 1719 2561; x_wconf 89' lang='lat' dir='ltr'>sequitur,</span> <span class='ocrx_word' id='word_1_202' title='bbox 1788 2476 1897 2544; x_wconf 91' lang='lat' dir='ltr'>ubi</span> <span class='ocrx_word' id='word_1_203' title='bbox 1947 2478 2014 2543; x_wconf 91' lang='lat' dir='ltr'>a¹</span> <span class='ocrx_word' id='word_1_204' title='bbox 2071 2483 2136 2543; x_wconf 91' lang='lat' dir='ltr'>et</span> <span class='ocrx_word' id='word_1_205' title='bbox 2187 2476 2257 2542; x_wconf 82' lang='lat' dir='ltr'>a²</span> <span class='ocrx_word' id='word_1_206' title='bbox 2321 2496 2402 2544; x_wconf 89' lang='lat' dir='ltr'>ea</span> <span class='ocrx_word' id='word_1_207' title='bbox 2457 2478 2805 2562; x_wconf 88' lang='lat' dir='ltr'>neglegunt</span> <span class='ocrx_word' id='word_1_208' title='bbox 2860 2479 3099 2564; x_wconf 91' lang='grc'><strong>180,10</strong></span> 
     </span>
     <span class='ocr_line' id='line_1_20' title="bbox 393 2595 3098 2684; baseline -0.001 -20"><span class='ocrx_word' id='word_1_209' title='bbox 393 2600 653 2683; x_wconf 68' lang='grc'><strong>19637.</strong></span> <span class='ocrx_word' id='word_1_210' title='bbox 678 2598 761 2665; x_wconf 82' lang='lat'>28</span> <span class='ocrx_word' id='word_1_211' title='bbox 831 2597 973 2682; x_wconf 83' lang='lat'>199,</span> <span class='ocrx_word' id='word_1_212' title='bbox 986 2596 1088 2663; x_wconf 81' lang='lat'>22.</span> <span class='ocrx_word' id='word_1_213' title='bbox 1114 2596 1216 2663; x_wconf 82' lang='lat'>25.</span> <span class='ocrx_word' id='word_1_214' title='bbox 1312 2596 1487 2663; x_wconf 89' lang='lat' dir='ltr'>idem</span> <span class='ocrx_word' id='word_1_215' title='bbox 1552 2595 1822 2664; x_wconf 86' lang='lat' dir='ltr'>evitavit</span> <span class='ocrx_word' id='word_1_216' title='bbox 1878 2596 2104 2663; x_wconf 86' lang='lat' dir='ltr'>vitium</span> <span class='ocrx_word' id='word_1_217' title='bbox 2169 2596 2523 2663; x_wconf 88' lang='lat' dir='ltr'>editionum</span> <span class='ocrx_word' id='word_1_218' title='bbox 2577 2598 2774 2683; x_wconf 84' lang='lat'>193,5</span> <span class='ocrx_word' id='word_1_219' title='bbox 2841 2596 3098 2684; x_wconf 83' lang='grc' dir='ltr'>(πάντων</span> 
     </span>
     <span class='ocr_line' id='line_1_21' title="bbox 388 2714 3099 2805; baseline -0 -22"><span class='ocrx_word' id='word_1_220' title='bbox 388 2723 504 2784; x_wconf 84' lang='grc' dir='ltr'>τῶν</span> <span class='ocrx_word' id='word_1_221' title='bbox 548 2718 636 2805; x_wconf 91' lang='grc' dir='ltr'>Η)</span> <span class='ocrx_word' id='word_1_222' title='bbox 680 2724 745 2784; x_wconf 94' lang='lat' dir='ltr'>et</span> <span class='ocrx_word' id='word_1_223' title='bbox 787 2718 1132 2802; x_wconf 85' lang='lat' dir='ltr'>neglegere</span> <span class='ocrx_word' id='word_1_224' title='bbox 1176 2717 1367 2801; x_wconf 90' lang='lat' dir='ltr'>solet,</span> <span class='ocrx_word' id='word_1_225' title='bbox 1424 2736 1592 2800; x_wconf 91' lang='lat' dir='ltr'>quae</span> <span class='ocrx_word' id='word_1_226' title='bbox 1634 2714 1787 2782; x_wconf 91' lang='lat' dir='ltr'>illae</span> <span class='ocrx_word' id='word_1_227' title='bbox 1830 2722 2263 2784; x_wconf 77' lang='lat' dir='ltr'>novaverant:</span> <span class='ocrx_word' id='word_1_228' title='bbox 2329 2716 2526 2803; x_wconf 93' lang='grc'><strong>176,6</strong></span> <span class='ocrx_word' id='word_1_229' title='bbox 2577 2716 2812 2802; x_wconf 91' lang='grc'><strong>177,15</strong></span> <span class='ocrx_word' id='word_1_230' title='bbox 2860 2718 3099 2803; x_wconf 82' lang='grc'><strong>182,16</strong></span> 
     </span>
     <span class='ocr_line' id='line_1_22' title="bbox 392 2834 3100 2923; baseline -0.001 -18"><span class='ocrx_word' id='word_1_231' title='bbox 392 2840 633 2923; x_wconf 79' lang='grc'><strong>18736</strong></span> <span class='ocrx_word' id='word_1_232' title='bbox 692 2837 1063 2919; x_wconf 70' lang='grc'><strong>1913435</strong></span> <span class='ocrx_word' id='word_1_233' title='bbox 1119 2837 1376 2921; x_wconf 84' lang='grc'><strong>193,16.</strong></span> <span class='ocrx_word' id='word_1_234' title='bbox 1407 2838 1503 2901; x_wconf 90' lang='grc'><strong>17.</strong></span> <span class='ocrx_word' id='word_1_235' title='bbox 1593 2836 1710 2902; x_wconf 90' lang='lat' dir='ltr'>sed</span> <span class='ocrx_word' id='word_1_236' title='bbox 1761 2835 2080 2903; x_wconf 86' lang='lat' dir='ltr'>consentit</span> <span class='ocrx_word' id='word_1_237' title='bbox 2121 2836 2206 2901; x_wconf 90' lang='lat' dir='ltr'>H¹</span> <span class='ocrx_word' id='word_1_238' title='bbox 2265 2857 2408 2902; x_wconf 90' lang='lat' dir='ltr'>cum</span> <span class='ocrx_word' id='word_1_239' title='bbox 2461 2834 2528 2902; x_wconf 80' lang='lat' dir='ltr'>a&#39;</span> <span class='ocrx_word' id='word_1_240' title='bbox 2584 2837 2779 2922; x_wconf 82' lang='lat'>191,2</span> <span class='ocrx_word' id='word_1_241' title='bbox 2832 2858 2976 2904; x_wconf 88' lang='lat' dir='ltr'>cum</span> <span class='ocrx_word' id='word_1_242' title='bbox 3028 2836 3100 2903; x_wconf 84' lang='lat' dir='ltr'>a¹</span> 
     </span>
     <span class='ocr_line' id='line_1_23' title="bbox 394 2956 3102 3046; baseline -0.001 -19"><span class='ocrx_word' id='word_1_243' title='bbox 394 2961 621 3046; x_wconf 89' lang='grc'><strong>17036</strong></span> <span class='ocrx_word' id='word_1_244' title='bbox 664 2979 805 3025; x_wconf 88' lang='lat' dir='ltr'>cum</span> <span class='ocrx_word' id='word_1_245' title='bbox 837 2958 891 3023; x_wconf 90' lang='lat' dir='ltr'><strong>E</strong></span> <span class='ocrx_word' id='word_1_246' title='bbox 937 2958 1169 3042; x_wconf 86' lang='grc'><strong>186,30</strong></span> <span class='ocrx_word' id='word_1_247' title='bbox 1213 2958 1445 3042; x_wconf 91' lang='grc'><strong>189,16</strong></span> <span class='ocrx_word' id='word_1_248' title='bbox 1492 2956 1724 3042; x_wconf 80' lang='grc'><strong>19230</strong></span> <span class='ocrx_word' id='word_1_249' title='bbox 1770 2956 2001 3041; x_wconf 92' lang='grc'><strong>19536</strong></span> <span class='ocrx_word' id='word_1_250' title='bbox 2047 2956 2178 3039; x_wconf 81' lang='grc' dir='ltr'>(ὡς)</span> <span class='ocrx_word' id='word_1_251' title='bbox 2227 2956 2456 3041; x_wconf 91' lang='grc'><strong>196,16</strong></span> <span class='ocrx_word' id='word_1_252' title='bbox 2505 2957 2752 3043; x_wconf 84' lang='grc'><strong>19835.</strong></span> <span class='ocrx_word' id='word_1_253' title='bbox 2819 2957 3102 3023; x_wconf 86' lang='lat' dir='ltr'>maxima</span> 
     </span>
     <span class='ocr_line' id='line_1_24' title="bbox 389 3074 3100 3167; baseline -0.001 -19"><span class='ocrx_word' id='word_1_254' title='bbox 389 3102 579 3167; x_wconf 91' lang='lat' dir='ltr'>porro</span> <span class='ocrx_word' id='word_1_255' title='bbox 633 3099 857 3147; x_wconf 89' lang='lat' dir='ltr'>eorum</span> <span class='ocrx_word' id='word_1_256' title='bbox 908 3096 1089 3162; x_wconf 89' lang='lat' dir='ltr'>pars,</span> <span class='ocrx_word' id='word_1_257' title='bbox 1143 3096 1309 3160; x_wconf 90' lang='lat' dir='ltr'>quae</span> <span class='ocrx_word' id='word_1_258' title='bbox 1360 3074 1634 3159; x_wconf 89' lang='lat' dir='ltr'>margini</span> <span class='ocrx_word' id='word_1_259' title='bbox 1684 3075 2026 3160; x_wconf 78' lang='lat' dir='ltr'>adscripsit</span> <span class='ocrx_word' id='word_1_260' title='bbox 2090 3076 2388 3143; x_wconf 87' lang='lat' dir='ltr'>librarius</span> <span class='ocrx_word' id='word_1_261' title='bbox 2441 3076 2852 3163; x_wconf 90' lang='lat' dir='ltr'>Hauniensis,</span> <span class='ocrx_word' id='word_1_262' title='bbox 2919 3099 3002 3145; x_wconf 85' lang='lat' dir='ltr'>ex</span> <span class='ocrx_word' id='word_1_263' title='bbox 3044 3078 3100 3145; x_wconf 86' lang='lat' dir='ltr'><strong>E</strong></span> 
     </span>
     <span class='ocr_line' id='line_1_25' title="bbox 388 3195 3100 3287; baseline -0.001 -21"><span class='ocrx_word' id='word_1_264' title='bbox 388 3200 685 3287; x_wconf 88' lang='lat' dir='ltr'>provenit</span> <span class='ocrx_word' id='word_1_265' title='bbox 731 3198 959 3282; x_wconf 91' lang='grc'><strong>16735</strong></span> <span class='ocrx_word' id='word_1_266' title='bbox 1004 3196 1203 3280; x_wconf 82' lang='grc' dir='ltr'>(ὅμοια</span> <span class='ocrx_word' id='word_1_267' title='bbox 1246 3196 1325 3279; x_wconf 87' lang='grc' dir='ltr'>Ε)</span> <span class='ocrx_word' id='word_1_268' title='bbox 1375 3195 1609 3281; x_wconf 88' lang='grc'><strong>17035</strong></span> <span class='ocrx_word' id='word_1_269' title='bbox 1657 3196 1898 3281; x_wconf 87' lang='grc'><strong>173,15</strong></span> <span class='ocrx_word' id='word_1_270' title='bbox 1944 3196 2169 3279; x_wconf 90' lang='grc'><strong>181,11</strong></span> <span class='ocrx_word' id='word_1_271' title='bbox 2221 3196 2476 3283; x_wconf 88' lang='grc'><strong>183,17.</strong></span> <span class='ocrx_word' id='word_1_272' title='bbox 2504 3199 2584 3265; x_wconf 85' lang='grc'>32</span> <span class='ocrx_word' id='word_1_273' title='bbox 2633 3197 2842 3283; x_wconf 89' lang='grc'><strong>184,1.</strong></span> <span class='ocrx_word' id='word_1_274' title='bbox 2869 3198 2910 3263; x_wconf 82' lang='grc'><strong>2</strong></span> <span class='ocrx_word' id='word_1_275' title='bbox 2956 3196 3100 3283; x_wconf 92' lang='grc'><strong>187,</strong></span> 
     </span>
     <span class='ocr_line' id='line_1_26' title="bbox 398 3314 3102 3403; baseline 0 -18"><span class='ocrx_word' id='word_1_276' title='bbox 398 3322 495 3388; x_wconf 84' lang='grc'><strong>13.</strong></span> <span class='ocrx_word' id='word_1_277' title='bbox 521 3320 605 3385; x_wconf 84' lang='grc'>24</span> <span class='ocrx_word' id='word_1_278' title='bbox 651 3319 901 3403; x_wconf 85' lang='grc'><strong>192,18.</strong></span> <span class='ocrx_word' id='word_1_279' title='bbox 973 3324 1298 3402; x_wconf 88' lang='lat' dir='ltr'>postremo</span> <span class='ocrx_word' id='word_1_280' title='bbox 1342 3321 1409 3382; x_wconf 93' lang='lat' dir='ltr'>et</span> <span class='ocrx_word' id='word_1_281' title='bbox 1450 3315 1516 3381; x_wconf 91' lang='lat' dir='ltr'>in</span> <span class='ocrx_word' id='word_1_282' title='bbox 1562 3314 1850 3398; x_wconf 85' lang='lat' dir='ltr'>margine</span> <span class='ocrx_word' id='word_1_283' title='bbox 1896 3322 1961 3381; x_wconf 93' lang='lat' dir='ltr'>et</span> <span class='ocrx_word' id='word_1_284' title='bbox 2003 3315 2071 3380; x_wconf 92' lang='lat' dir='ltr'>in</span> <span class='ocrx_word' id='word_1_285' title='bbox 2112 3321 2293 3383; x_wconf 86' lang='lat' dir='ltr'>textu</span> <span class='ocrx_word' id='word_1_286' title='bbox 2339 3318 2648 3385; x_wconf 87' lang='lat' dir='ltr'>lectiones</span> <span class='ocrx_word' id='word_1_287' title='bbox 2689 3318 3102 3385; x_wconf 85' lang='lat' dir='ltr'>inveniuntur</span> 
     </span>
     <span class='ocr_line' id='line_1_27' title="bbox 391 3433 3100 3525; baseline -0.001 -19"><span class='ocrx_word' id='word_1_288' title='bbox 391 3460 559 3525; x_wconf 88' lang='lat' dir='ltr'>quae</span> <span class='ocrx_word' id='word_1_289' title='bbox 603 3461 684 3508; x_wconf 93' lang='lat' dir='ltr'>ex</span> <span class='ocrx_word' id='word_1_290' title='bbox 726 3437 905 3504; x_wconf 90' lang='lat' dir='ltr'>libris</span> <span class='ocrx_word' id='word_1_291' title='bbox 950 3436 1105 3502; x_wconf 91' lang='lat' dir='ltr'>mihi</span> <span class='ocrx_word' id='word_1_292' title='bbox 1148 3434 1319 3501; x_wconf 89' lang='lat' dir='ltr'>notis</span> <span class='ocrx_word' id='word_1_293' title='bbox 1362 3455 1493 3500; x_wconf 93' lang='lat' dir='ltr'>non</span> <span class='ocrx_word' id='word_1_294' title='bbox 1535 3433 1914 3519; x_wconf 85' lang='lat' dir='ltr'>desumptae</span> <span class='ocrx_word' id='word_1_295' title='bbox 1952 3440 2124 3501; x_wconf 83' lang='lat' dir='ltr'>sunt:</span> <span class='ocrx_word' id='word_1_296' title='bbox 2176 3436 2397 3520; x_wconf 88' lang='grc'><strong>16531</strong></span> <span class='ocrx_word' id='word_1_297' title='bbox 2450 3437 2697 3521; x_wconf 91' lang='grc'><strong>16934.</strong></span> <span class='ocrx_word' id='word_1_298' title='bbox 2711 3436 2795 3503; x_wconf 86' lang='grc'>30</span> <span class='ocrx_word' id='word_1_299' title='bbox 2841 3438 3100 3524; x_wconf 88' lang='grc'><strong>171,5.6</strong></span> 
     </span>
     <span class='ocr_line' id='line_1_28' title="bbox 393 3554 3101 3645; baseline -0.001 -19"><span class='ocrx_word' id='word_1_300' title='bbox 393 3560 625 3645; x_wconf 92' lang='grc'><strong>176,18</strong></span> <span class='ocrx_word' id='word_1_301' title='bbox 671 3558 901 3642; x_wconf 90' lang='grc'><strong>18530</strong></span> <span class='ocrx_word' id='word_1_302' title='bbox 946 3554 1177 3640; x_wconf 93' lang='grc'><strong>186,19</strong></span> <span class='ocrx_word' id='word_1_303' title='bbox 1226 3554 1452 3639; x_wconf 81' lang='grc'><strong>189,12</strong></span> <span class='ocrx_word' id='word_1_304' title='bbox 1501 3555 1684 3639; x_wconf 85' lang='grc'><strong>193,3</strong></span> <span class='ocrx_word' id='word_1_305' title='bbox 1733 3556 1961 3639; x_wconf 91' lang='grc'><strong>19639</strong></span> <span class='ocrx_word' id='word_1_306' title='bbox 2010 3554 2258 3640; x_wconf 86' lang='grc'><strong>197,13.</strong></span> <span class='ocrx_word' id='word_1_307' title='bbox 2331 3554 2629 3623; x_wconf 89' lang='lat' dir='ltr'>videntur</span> <span class='ocrx_word' id='word_1_308' title='bbox 2670 3556 2866 3640; x_wconf 89' lang='lat' dir='ltr'>igitur</span> <span class='ocrx_word' id='word_1_309' title='bbox 2910 3556 3101 3623; x_wconf 90' lang='lat' dir='ltr'>huius</span> 
     </span>
     <span class='ocr_line' id='line_1_29' title="bbox 392 3674 3100 3762; baseline -0.001 -15"><span class='ocrx_word' id='word_1_310' title='bbox 392 3680 543 3747; x_wconf 85' lang='lat' dir='ltr'>libri</span> <span class='ocrx_word' id='word_1_311' title='bbox 584 3678 829 3746; x_wconf 81' lang='lat' dir='ltr'>auctori</span> <span class='ocrx_word' id='word_1_312' title='bbox 874 3680 1130 3762; x_wconf 87' lang='lat' dir='ltr'>praeter</span> <span class='ocrx_word' id='word_1_313' title='bbox 1170 3674 1361 3742; x_wconf 87' lang='lat' dir='ltr'>fidele</span> <span class='ocrx_word' id='word_1_314' title='bbox 1389 3674 1621 3741; x_wconf 90' lang='lat' dir='ltr'>Veneti</span> <span class='ocrx_word' id='word_1_315' title='bbox 1664 3675 2108 3760; x_wconf 85' lang='lat' dir='ltr'>apographum</span> <span class='ocrx_word' id='word_1_316' title='bbox 2151 3677 2330 3760; x_wconf 87' lang='lat' dir='ltr'>(nam</span> <span class='ocrx_word' id='word_1_317' title='bbox 2372 3675 2580 3761; x_wconf 90' lang='lat' dir='ltr'>ipsum</span> <span class='ocrx_word' id='word_1_318' title='bbox 2612 3675 2928 3743; x_wconf 90' lang='lat' dir='ltr'>Venetum</span> <span class='ocrx_word' id='word_1_319' title='bbox 2969 3697 3100 3744; x_wconf 90' lang='lat' dir='ltr'>non</span> 
     </span>
     <span class='ocr_line' id='line_1_30' title="bbox 396 3793 3101 3883; baseline -0.001 -18"><span class='ocrx_word' id='word_1_320' title='bbox 396 3798 737 3883; x_wconf 82' lang='lat' dir='ltr'>exscripsit</span> <span class='ocrx_word' id='word_1_321' title='bbox 778 3796 860 3863; x_wconf 88' lang='lat' dir='ltr'>cf.</span> <span class='ocrx_word' id='word_1_322' title='bbox 893 3795 1112 3881; x_wconf 87' lang='lat'>194,4)</span> <span class='ocrx_word' id='word_1_323' title='bbox 1154 3814 1296 3861; x_wconf 89' lang='lat' dir='ltr'>cum</span> <span class='ocrx_word' id='word_1_324' title='bbox 1326 3793 1438 3861; x_wconf 85' lang='lat' dir='ltr'>alii</span> <span class='ocrx_word' id='word_1_325' title='bbox 1468 3800 1601 3859; x_wconf 87' lang='lat' dir='ltr'>tum</span> <span class='ocrx_word' id='word_1_326' title='bbox 1633 3794 1770 3861; x_wconf 89' lang='lat' dir='ltr'>eius</span> <span class='ocrx_word' id='word_1_327' title='bbox 1806 3794 2094 3863; x_wconf 88' lang='lat' dir='ltr'>familiae</span> <span class='ocrx_word' id='word_1_328' title='bbox 2123 3795 2328 3863; x_wconf 87' lang='lat' dir='ltr'>codex</span> <span class='ocrx_word' id='word_1_329' title='bbox 2359 3802 2619 3882; x_wconf 87' lang='lat' dir='ltr'>praesto</span> <span class='ocrx_word' id='word_1_330' title='bbox 2650 3795 2868 3880; x_wconf 86' lang='lat' dir='ltr'>fuisse,</span> <span class='ocrx_word' id='word_1_331' title='bbox 2908 3814 3101 3881; x_wconf 88' lang='lat' dir='ltr'>quam</span> 
     </span>
     <span class='ocr_line' id='line_1_31' title="bbox 396 3914 1244 3985; baseline -0.005 0"><span class='ocrx_word' id='word_1_332' title='bbox 396 3939 519 3985; x_wconf 88' lang='lat' dir='ltr'>nos</span> <span class='ocrx_word' id='word_1_333' title='bbox 560 3917 740 3985; x_wconf 91' lang='lat' dir='ltr'>libris</span> <span class='ocrx_word' id='word_1_334' title='bbox 782 3916 887 3983; x_wconf 74' lang='grc' dir='ltr'>ΕΒ</span> <span class='ocrx_word' id='word_1_335' title='bbox 928 3914 1244 3983; x_wconf 84' lang='lat' dir='ltr'>novimus.</span> 
     </span>
    </p>

    <p class='ocr_par' dir='ltr' id='par_1_4' title="bbox 396 4035 3104 4603">
     <span class='ocr_line' id='line_1_32' title="bbox 565 4035 3101 4121; baseline -0.001 -18"><span class='ocrx_word' id='word_1_336' title='bbox 565 4037 784 4105; x_wconf 87' lang='lat' dir='ltr'>Habes</span> <span class='ocrx_word' id='word_1_337' title='bbox 848 4035 1153 4103; x_wconf 90' lang='lat' dir='ltr'>librorum</span> <span class='ocrx_word' id='word_1_338' title='bbox 1220 4035 1604 4120; x_wconf 82' lang='lat' dir='ltr'>catalogum,</span> <span class='ocrx_word' id='word_1_339' title='bbox 1669 4055 1795 4119; x_wconf 90' lang='lat' dir='ltr'>quo</span> <span class='ocrx_word' id='word_1_340' title='bbox 1862 4036 2112 4121; x_wconf 88' lang='lat' dir='ltr'>patebit</span> <span class='ocrx_word' id='word_1_341' title='bbox 2166 4056 2279 4103; x_wconf 89' lang='lat' dir='ltr'>cur</span> <span class='ocrx_word' id='word_1_342' title='bbox 2321 4035 2552 4103; x_wconf 90' lang='lat' dir='ltr'>Veneti</span> <span class='ocrx_word' id='word_1_343' title='bbox 2604 4036 2913 4104; x_wconf 89' lang='lat' dir='ltr'>lectiones</span> <span class='ocrx_word' id='word_1_344' title='bbox 2957 4056 3101 4103; x_wconf 89' lang='lat' dir='ltr'>cum</span> 
     </span>
     <span class='ocr_line' id='line_1_33' title="bbox 396 4154 3102 4244; baseline -0.001 -21"><span class='ocrx_word' id='word_1_345' title='bbox 396 4158 752 4244; x_wconf 89' lang='lat' dir='ltr'>pulvisculo</span> <span class='ocrx_word' id='word_1_346' title='bbox 797 4156 1223 4240; x_wconf 82' lang='lat' dir='ltr'>exhauserim,</span> <span class='ocrx_word' id='word_1_347' title='bbox 1284 4175 1365 4221; x_wconf 86' lang='lat' dir='ltr'>ex</span> <span class='ocrx_word' id='word_1_348' title='bbox 1417 4154 1805 4241; x_wconf 85' lang='lat' dir='ltr'>apographis</span> <span class='ocrx_word' id='word_1_349' title='bbox 1859 4176 2002 4223; x_wconf 88' lang='lat' dir='ltr'>meo</span> <span class='ocrx_word' id='word_1_350' title='bbox 2056 4156 2320 4225; x_wconf 89' lang='lat' dir='ltr'>arbitrio</span> <span class='ocrx_word' id='word_1_351' title='bbox 2365 4164 2691 4224; x_wconf 88' lang='lat' dir='ltr'>mutuatus</span> <span class='ocrx_word' id='word_1_352' title='bbox 2735 4175 2902 4241; x_wconf 89' lang='lat' dir='ltr'>quae</span> <span class='ocrx_word' id='word_1_353' title='bbox 2945 4154 3102 4222; x_wconf 91' lang='lat' dir='ltr'>mihi</span> 
     </span>
     <span class='ocr_line' id='line_1_34' title="bbox 396 4274 3104 4363; baseline -0 -19"><span class='ocrx_word' id='word_1_354' title='bbox 396 4278 595 4361; x_wconf 87' lang='lat' dir='ltr'>digna</span> <span class='ocrx_word' id='word_1_355' title='bbox 645 4277 1034 4344; x_wconf 86' lang='lat' dir='ltr'>viderentur.</span> <span class='ocrx_word' id='word_1_356' title='bbox 1119 4274 1355 4342; x_wconf 90' lang='lat' dir='ltr'>licebat</span> <span class='ocrx_word' id='word_1_357' title='bbox 1398 4280 1613 4340; x_wconf 85' lang='lat' dir='ltr'>autem</span> <span class='ocrx_word' id='word_1_358' title='bbox 1666 4295 1742 4341; x_wconf 92' lang='lat' dir='ltr'>eo</span> <span class='ocrx_word' id='word_1_359' title='bbox 1798 4278 2155 4360; x_wconf 88' lang='lat' dir='ltr'>parciorem</span> <span class='ocrx_word' id='word_1_360' title='bbox 2201 4297 2374 4363; x_wconf 89' lang='lat' dir='ltr'>esse,</span> <span class='ocrx_word' id='word_1_361' title='bbox 2427 4277 2580 4362; x_wconf 85' lang='lat' dir='ltr'>quia</span> <span class='ocrx_word' id='word_1_362' title='bbox 2632 4283 2919 4345; x_wconf 90' lang='lat' dir='ltr'>veterum</span> <span class='ocrx_word' id='word_1_363' title='bbox 2973 4276 3104 4343; x_wconf 90' lang='lat' dir='ltr'>edi-</span> 
     </span>
     <span class='ocr_line' id='line_1_35' title="bbox 399 4378 3102 4483; baseline -0.001 -21"><span class='ocrx_word' id='word_1_364' title='bbox 399 4396 643 4463; x_wconf 91' lang='lat' dir='ltr'>tionum</span> <span class='ocrx_word' id='word_1_365' title='bbox 675 4394 1108 4482; x_wconf 86' lang='lat' dir='ltr'>discrepantia</span> <span class='ocrx_word' id='word_1_366' title='bbox 1151 4415 1234 4462; x_wconf 91' lang='lat' dir='ltr'>ex</span> <span class='ocrx_word' id='word_1_367' title='bbox 1278 4393 1545 4461; x_wconf 91' lang='lat' dir='ltr'>consilio</span> <span class='ocrx_word' id='word_1_368' title='bbox 1590 4395 1819 4461; x_wconf 89' lang='lat' dir='ltr'>harum</span> <span class='ocrx_word' id='word_1_369' title='bbox 1865 4396 2213 4464; x_wconf 86' lang='lat' dir='ltr'>editionum</span> <span class='ocrx_word' id='word_1_370' title='bbox 2243 4404 2546 4465; x_wconf 88' lang='lat' dir='ltr'>accurate</span> <span class='ocrx_word' id='word_1_371' title='bbox 2573 4378 2904 4483; x_wconf 82' lang='lat' dir='ltr'>adnotata,</span> <span class='ocrx_word' id='word_1_372' title='bbox 2949 4393 3102 4479; x_wconf 89' lang='lat' dir='ltr'>quid</span> 
     </span>
     <span class='ocr_line' id='line_1_36' title="bbox 400 4514 3102 4603; baseline -0 -21"><span class='ocrx_word' id='word_1_373' title='bbox 400 4516 657 4583; x_wconf 87' lang='lat' dir='ltr'>litterae</span> <span class='ocrx_word' id='word_1_374' title='bbox 687 4521 1099 4582; x_wconf 88' lang='lat' dir='ltr'>renascentes</span> <span class='ocrx_word' id='word_1_375' title='bbox 1126 4516 1498 4582; x_wconf 85' lang='lat' dir='ltr'>Alexandro</span> <span class='ocrx_word' id='word_1_376' title='bbox 1528 4536 1670 4582; x_wconf 90' lang='lat' dir='ltr'>cum</span> <span class='ocrx_word' id='word_1_377' title='bbox 1715 4516 2070 4603; x_wconf 84' lang='lat' dir='ltr'>profuerint</span> <span class='ocrx_word' id='word_1_378' title='bbox 2098 4524 2234 4583; x_wconf 88' lang='lat' dir='ltr'>tum</span> <span class='ocrx_word' id='word_1_379' title='bbox 2261 4516 2598 4584; x_wconf 90' lang='lat' dir='ltr'>nocuerint</span> <span class='ocrx_word' id='word_1_380' title='bbox 2627 4515 2865 4603; x_wconf 89' lang='lat' dir='ltr'>optime</span> <span class='ocrx_word' id='word_1_381' title='bbox 2893 4514 3102 4583; x_wconf 88' lang='lat' dir='ltr'>docet.</span> 
     </span>
    </p>

    <p class='ocr_par' dir='ltr' id='par_1_5' title="bbox 396 4634 3105 4844">
     <span class='ocr_line' id='line_1_37' title="bbox 570 4634 3105 4732; baseline 0 -31"><span class='ocrx_word' id='word_1_382' title='bbox 570 4634 885 4702; x_wconf 68' lang='lat' dir='ltr'>Emeum</span> <span class='ocrx_word' id='word_1_383' title='bbox 927 4635 1306 4720; x_wconf 87' lang='lat' dir='ltr'>versionem,</span> <span class='ocrx_word' id='word_1_384' title='bbox 1350 4655 1541 4732; x_wconf 86' lang='lat' dir='ltr'>quam</span> <span class='ocrx_word' id='word_1_385' title='bbox 1584 4635 1695 4702; x_wconf 86' lang='lat' dir='ltr'>ille</span> <span class='ocrx_word' id='word_1_386' title='bbox 1725 4636 1998 4721; x_wconf 90' lang='lat' dir='ltr'>primum</span> <span class='ocrx_word' id='word_1_387' title='bbox 2037 4637 2240 4705; x_wconf 89' lang='lat' dir='ltr'>edidit</span> <span class='ocrx_word' id='word_1_388' title='bbox 2267 4636 2554 4705; x_wconf 88' lang='lat' dir='ltr'>Venetiis</span> <span class='ocrx_word' id='word_1_389' title='bbox 2596 4655 2742 4702; x_wconf 87' lang='lat' dir='ltr'>cum</span> <span class='ocrx_word' id='word_1_390' title='bbox 2773 4635 3105 4714; x_wconf 84' lang='lat' dir='ltr'>Quaestio-</span> 
     </span>
     <span class='ocr_line' id='line_1_38' title="bbox 396 4754 3105 4844; baseline -0 -23"><span class='ocrx_word' id='word_1_391' title='bbox 396 4755 588 4821; x_wconf 91' lang='lat' dir='ltr'>nibus</span> <span class='ocrx_word' id='word_1_392' title='bbox 631 4776 801 4823; x_wconf 91' lang='lat' dir='ltr'>anno</span> <span class='ocrx_word' id='word_1_393' title='bbox 850 4758 1035 4841; x_wconf 86' lang='grc'><strong>1541,</strong></span> <span class='ocrx_word' id='word_1_394' title='bbox 1087 4756 1156 4821; x_wconf 91' lang='lat' dir='ltr'>in</span> <span class='ocrx_word' id='word_1_395' title='bbox 1206 4762 1585 4842; x_wconf 89' lang='lat' dir='ltr'>apparatum</span> <span class='ocrx_word' id='word_1_396' title='bbox 1638 4776 1769 4823; x_wconf 90' lang='lat' dir='ltr'>non</span> <span class='ocrx_word' id='word_1_397' title='bbox 1823 4757 2052 4844; x_wconf 89' lang='lat' dir='ltr'>recepi.</span> <span class='ocrx_word' id='word_1_398' title='bbox 2163 4777 2313 4824; x_wconf 89' lang='lat' dir='ltr'>nam</span> <span class='ocrx_word' id='word_1_399' title='bbox 2379 4756 2500 4824; x_wconf 90' lang='lat' dir='ltr'>etsi</span> <span class='ocrx_word' id='word_1_400' title='bbox 2565 4761 2809 4823; x_wconf 88' lang='lat' dir='ltr'>certum</span> <span class='ocrx_word' id='word_1_401' title='bbox 2873 4754 3105 4821; x_wconf 88' lang='lat' dir='ltr'>librum</span> 
     </span>
    </p>
   </div>
   <div class='ocr_carea' id='block_1_3' title="bbox 401 4874 3106 5054">
    <p class='ocr_par' dir='ltr' id='par_1_6' title="bbox 401 4874 3106 5054">
     <span class='ocr_line' id='line_1_39' title="bbox 401 4874 3106 4963; baseline -0.001 -21"><span class='ocrx_word' id='word_1_402' title='bbox 401 4877 572 4944; x_wconf 88' lang='lat' dir='ltr'>inter</span> <span class='ocrx_word' id='word_1_403' title='bbox 616 4897 730 4943; x_wconf 90' lang='lat' dir='ltr'>eos</span> <span class='ocrx_word' id='word_1_404' title='bbox 758 4897 917 4960; x_wconf 90' lang='lat' dir='ltr'>quos</span> <span class='ocrx_word' id='word_1_405' title='bbox 961 4895 1157 4961; x_wconf 87' lang='lat' dir='ltr'>supra</span> <span class='ocrx_word' id='word_1_406' title='bbox 1199 4874 1567 4943; x_wconf 84' lang='lat' dir='ltr'>examinavi</span> <span class='ocrx_word' id='word_1_407' title='bbox 1595 4897 1726 4943; x_wconf 93' lang='lat' dir='ltr'>non</span> <span class='ocrx_word' id='word_1_408' title='bbox 1763 4876 1915 4944; x_wconf 89' lang='lat' dir='ltr'>lieet</span> <span class='ocrx_word' id='word_1_409' title='bbox 1942 4876 2248 4963; x_wconf 88' lang='lat' dir='ltr'>indicare,</span> <span class='ocrx_word' id='word_1_410' title='bbox 2293 4897 2481 4961; x_wconf 92' lang='lat' dir='ltr'>quem</span> <span class='ocrx_word' id='word_1_411' title='bbox 2509 4876 2622 4942; x_wconf 90' lang='lat' dir='ltr'>ille</span> <span class='ocrx_word' id='word_1_412' title='bbox 2650 4874 3106 4962; x_wconf 86' lang='lat' dir='ltr'>interpretatus</span> 
     </span>
     <span class='ocr_line' id='line_1_40' title="bbox 506 4980 2704 5054; baseline -0.002 -11"><span class='ocrx_word' id='word_1_413' title='bbox 506 5004 653 5054; x_wconf 78' lang='lat' dir='ltr'>snppl.</span> <span class='ocrx_word' id='word_1_414' title='bbox 682 5002 813 5043; x_wconf 70' lang='lat' dir='ltr'>Arist.</span> <span class='ocrx_word' id='word_1_415' title='bbox 840 5002 884 5043; x_wconf 92' lang='lat'>11</span> <span class='ocrx_word' id='word_1_416' title='bbox 910 4997 938 5043; x_wconf 86' lang='lat'>2</span> <span class='ocrx_word' id='word_1_417' title='bbox 990 5001 1115 5043; x_wconf 70' lang='lat' dir='ltr'>Alex.</span> <span class='ocrx_word' id='word_1_418' title='bbox 1142 5002 1303 5052; x_wconf 72' lang='lat' dir='ltr'>script·</span> <span class='ocrx_word' id='word_1_419' title='bbox 1329 5002 1507 5043; x_wconf 76' lang='lat' dir='ltr'>minora.</span> <span class='ocrx_word' id='word_1_420' title='bbox 2657 4980 2704 5044; x_wconf 81' lang='lat' dir='ltr'>C</span> 
     </span>
    </p>
   </div>
   <div class='ocr_carea' id='block_1_4' title="bbox 3647 0 3670 1217">
    <p class='ocr_par' dir='ltr' id='par_1_7' title="bbox 3647 0 3670 1217">
     <span class='ocr_line' id='line_1_41' title="bbox 3647 0 3670 1217; baseline 0 0"><span class='ocrx_word' id='word_1_421' title='bbox 3647 0 3670 1217; x_wconf 95' lang='lat' dir='ltr'> </span> 
     </span>
    </p>
   </div>
  </div>
 </body>
</html>
