3684 5567
1365 269 1648 327 ΒῙΒΛῙΟΝ
1682 268 2046 327 ΔΕΥἹἘΡΟΝ
2093 274 2291 328 15—17
3111 276 3187 337 61

576 599 741 664 XVI.
826 600 979 671 Πῶς
1024 602 1155 687 οὐχ
1202 603 1459 685 ὁμοίως
1502 608 1652 671 ταῖς
1692 610 2196 688 στοχαστικαῖς
2241 603 2521 689 τέχναις
2567 606 2679 667 καὶ
2727 606 2792 667 αἱ
2852 604 3058 666 ἄλλαι
3105 610 3186 666 113

574 705 813 789 τέχναι
878 705 1078 774 τέλος
1131 706 1403 791 ἕξουσιν
1466 708 1540 768 τὸ
1594 708 1813 769 πάντα
1865 707 1946 770 τὰ
2000 705 2152 791 παρ’
2220 708 2436 777 αὐτὰς
2491 714 2718 771 ποιεῖν
2778 710 2950 792 πρὸς
3006 708 3079 769 τὸ

1285 813 1405 871 τοῦ
1452 810 1925 893 προκειμένου
1971 814 2362 895 τυγχάνειν.

739 977 813 1042 Εἰ
858 985 973 1042 τῶν
1020 985 1419 1065 στοχαστικῶν
1468 986 1690 1065 τεχνῶν
1736 982 1898 1051 τέλος
1954 982 2102 1045 εἷναί
2142 1006 2225 1051 τις
2271 982 2426 1064 λέγοι
2475 984 2540 1045 τὸ
2587 986 2772 1046 πάντα
2817 986 2888 1048 τὰ
2935 980 3068 1068 παρ’
3133 1000 3161 1039 ι’»

503 1103 533 1149 5
571 1081 746 1151 αὐτὰς
792 1088 973 1146 ποιεῖν
1020 1084 1161 1167 πρὸς
1207 1086 1271 1145 τὸ
1317 1088 1419 1145 τοῦ
1466 1086 1845 1167 προκειμένου
1877 1087 2201 1170 τυγχάνειν,
2248 1091 2374 1155 πῶς
2419 1087 2531 1170 οὐχ
2580 1086 2799 1167 ὁμοίιος
2843 1088 2936 1149 καὶ
2983 1086 3078 1149 αὖ·

568 1210 659 1249 ται
702 1191 805 1249 τοῦ
838 1188 1053 1249 οἰκείου
1082 1187 1369 1255 τεύξονται
1414 1188 1614 1255 τέλους
1657 1194 1781 1256 ταῖς
1826 1188 1893 1251 οὐ
1941 1193 2350 1273 στοχαστικαῖς
2394 1193 2509 1251 τῶν
2541 1196 2792 1273 τεχνῶν;
2838 1193 3074 1253 δοκοῦσι

568 1291 632 1352 δὲ
676 1290 823 1353 κατὰ
867 1295 1035 1354 τοῦτο
1084 1292 1331 1371 μάλιστα
1378 1291 1667 1375 διαφέρειν
1720 1295 1836 1352 τῶν
1883 1290 2077 1353 ἄλλων
2125 1294 2183 1353 αἱ
2232 1293 2608 1375 στοχαστῑκαὶ
2655 1290 2806 1375 [καὶ]
2854 1296 2940 1376 τῷ
2992 1294 3071 1376 μὴ
3107 1310 3158 1349 ιο

569 1392 787 1475 ὁμοίως
831 1398 933 1456 τοῦ
976 1393 1177 1463 τέλους
1221 1396 1544 1479 τυγχάνειν.
1632 1392 1769 1457 καθ’
1820 1394 1920 1463 οὓς
1966 1394 2068 1475 μὲν
2115 1395 2278 1463 τέλος
2323 1395 2476 1457 ἐστὶν
2522 1394 2721 1463 αὐταῖς
2766 1397 2830 1457 τὸ
2875 1402 3072 1480 τυχεῖν

564 1500 665 1557 τοῦ
710 1495 1121 1580 προκειμένου,
1176 1496 1495 1579 διαφέροιεν
1545 1496 1612 1558 ἂν
1657 1498 1867 1581 ταύτῃ·
1934 1496 2068 1560 καθ’
2125 1496 2224 1566 οὓς
2269 1499 2334 1560 δὲ
2387 1498 2452 1560 τὸ
2500 1498 2875 1581 προκείμενόν
2922 1500 3072 1560 ἐστιν

463 1617 528 1663 10
565 1594 766 1666 αὐταῖς
809 1598 992 1673 τέλος,
1037 1600 1091 1661 εἰ
1120 1600 1216 1661 καὶ
1256 1600 1327 1661 τὰ
1372 1604 1473 1662 τοῦ
1516 1599 1716 1669 τέλους
1762 1602 1844 1683 μὴ
1877 1601 2096 1682 ὁμοίως
2140 1601 2436 1684 τυγχάνει,
2482 1601 2549 1663 οὐ
2582 1600 2904 1685 διαφέροιεν
2950 1600 3071 1685 (dv)
3100 1619 3153 1660 ιτ»

564 1701 756 1763 αὐτῶν
803 1702 949 1764 κατὰ
995 1704 1060 1764 τὸ
1109 1704 1189 1785 μὴ
1226 1701 1426 1785 ὅμοιον
1472 1702 1673 1771 αὐταῖς
1719 1704 1783 1765 τὸ
1813 1702 1978 1772 τέλος
2025 1702 2200 1787 ἔχειν.
2274 1704 2486 1767 ἐκεῖναι
2533 1705 2637 1787 μὲν
2682 1704 2789 1787 γὰρ
2821 1708 2907 1784 τῷ
2955 1711 3070 1772 τοῖς

565 1804 710 1867 κατὰ
765 1806 869 1888 τὴν
914 1805 1125 1890 τέχνην
1175 1805 1493 1888 γινομένοις
1550 1806 1795 1869 ἕπεσθαι
1851 1808 1916 1869 τὸ
1972 1806 2040 1869 οὔ
2093 1810 2263 1892 χάριν
2309 1808 2582 1888 γίνονται,
2639 1811 2738 1871 καὶ
2782 1810 2886 1891 τὴν
2934 1810 3071 1871 ἀπο·

561 1910 763 1992 τυχίαν
818 1910 1018 1977 αὐταῖς
1074 1914 1174 1971 τοῦ
1229 1910 1610 1994 προκειμένου
1670 1911 1817 1973 κατὰ
1874 1910 1978 1992 τὴν
2033 1912 2370 1994 διαμαρτίαν
2427 1918 2541 1973 τῶν
2595 1912 2936 1995 γινομένων,
3001 1913 3066 1974 οὐ
3095 1930 3152 1971 20

562 2016 841 2094 τεχνικῶς
893 2012 1239 2094 γινομένων,
1308 2013 1584 2086 ἕπεσθαι,
1646 2013 1809 2081 τέλος
1865 2010 2067 2098 ἔχουσι
2122 2016 2188 2076 τὸ
2242 2019 2444 2098 τυχεῖν
2499 2018 2598 2077 τοῦ
2655 2018 3063 2104 προκειμένου·

454 2134 519 2181 15
558 2112 679 2177 ἴσον
733 2116 841 2198 γὰρ
871 2116 955 2193 ,ἐν
1010 2116 1253 2183 ἐκείναις
1304 2122 1389 2200 τῷ
1442 2118 1629 2179 πάντα
1686 2116 1759 2178 τὰ
1823 2115 1959 2200 παρ’
2025 2116 2202 2186 αὐτὰς
2257 2123 2493 2201 ποιῆσαι
2552 2120 2694 2201 πρὸς
2747 2121 2813 2181 τὸ
2867 2126 3065 2205 τυχεῖν

557 2223 657 2281 τοῦ
713 2219 1091 2302 προκειμένου
1157 2219 1222 2281 τὸ
1290 2222 1384 2281 καὶ
1444 2225 1645 2304 τυχεῖν
1713 2220 1920 2281 αὐτοῦ·
1996 2226 2172 2283 ταῦτα
2233 2221 2341 2305 γὰρ
2407 2222 2721 2285 ποιούντων
2787 2224 2858 2285 τὰ
2921 2224 3054 2307 παρ’

556 2321 734 2390 αὐτὸς
786 2323 1050 2403 γίγνεται.
1141 2322 1237 2383 ἐπὶ
1291 2323 1355 2384 δὲ
1414 2328 1529 2383 τῶν
1585 2328 1984 2406 στοχαστικῶν
2029 2330 2115 2407 τῷ
2177 2324 2258 2406 μὴ
2305 2326 2534 2391 πάντως
2580 2330 2699 2393 τοῖς
2753 2326 3068 2409 γινομένοις
3095 2343 3148 2384 εἴ»

556 2426 703 2487 κατὰ
746 2426 851 2507 τὴν
897 2424 1107 2509 τέχνην
1155 2426 1401 2488 ἕπεσθαι
1444 2426 1509 2486 τὸ
1563 2424 1568 2511 Ι
1618 2425 1685 2488 οὗ
1732 2428 1933 2510 χάριν,
1992 2427 2087 2488 διὰ
2142 2428 2206 2490 τὸ
2253 2430 2482 2491 δεῖσθαι
2539 2430 2679 2511 πρὸς
2730 2431 2796 2491 τὸ
2843 2434 3036 2515 τυχεῖν
3085 2438 3171 2493 114

556 2527 777 2591 ἐκείνου
822 2531 1075 2603 πολλῶν,
1120 2528 1158 2590 ἃ
1206 2529 1286 2611 μὴ
1330 2526 1481 2591 ἔστιν
1528 2529 1619 2591 ἐπὶ
1671 2527 1821 2612 μόνῃ
1867 2534 1943 2613 τῇ
1977 2529 2181 2615 τέχνῃ,
2231 2528 2313 2593 ἔτι
2359 2532 2423 2593 δὲ
2469 2533 2563 2595 καὶ
2609 2532 2756 2595 αὐτὰ
2802 2533 2872 2595 τὰ
2917 2533 3064 2597 κατὰ

445 2651 517 2697 20
551 2632 655 2714 τὴν
700 2631 912 2717 τέχνην
958 2633 1228 2714 γινόμενα
1275 2634 1355 2715 μὴ
1405 2632 1679 2715 ὡρίσθαι,
1738 2634 1890 2717 μηδὲ
1934 2637 2048 2695 τῶν
2095 2633 2286 2696 αὐτῶν
2334 2634 2478 2696 εἶναι
2525 2637 2793 2719 ποιητικὰ
2838 2640 2922 2721 τῷ
2972 2638 3052 2719 μὴ

555 2736 743 2817 πάντῃ
792 2735 1009 2819 ὁμοίως
1054 2734 1285 2820 ἔχουσιν
1333 2736 1787 2820 προσφέρεσθαι,
1834 2736 1983 2799 ἀλλὰ
2028 2738 2211 2800 πάντα
2258 2737 2298 2821 ἥ
2349 2738 2414 2819 γέ
2459 2762 2580 2800 τινα
2624 2740 2720 2802 καὶ
2765 2739 2958 2807 ἄλλως
3001 2742 3059 2802 ἐν
3115 2758 3142 2799 5

554 2838 755 2907 αὐταῖς
799 2838 912 2922 οὐχ
961 2842 1041 2906 ὡς
1085 2841 1478 2923 προσεδοκᾶτο
1526 2838 1793 2919 ἔσεσθαι,
1838 2840 1906 2902 οὐ
1953 2841 2018 2902 τὸ
2065 2844 2266 2925 τυχεῖν
2314 2846 2415 2904 τοῦ
2462 2843 2844 2926 προκειμένου
2893 2844 3054 2913 τέλος

554 2942 725 3016 ἐστίν,
772 2942 923 3004 ἀλλὰ
967 2944 1033 3005 τὸ
1078 2943 1506 3026 ἀποπληρῶσαι
1550 2944 1623 3006 τὰ
1667 2949 1771 3027 τῆς
1815 2944 2044 3028 τέχνης.
2131 2946 2168 3027 ἢ
2217 2945 2378 3013 τέλος
2425 2946 2528 3027 μὲν
2575 2947 2670 3008 καὶ
2716 2948 2944 3017 ταύταις
2990 2950 3054 3010 τὸ

551 3048 751 3128 τυχεῖν
796 3045 998 3108 τούτου
1045 3044 1113 3107 οὗ
1158 3048 1327 3130 χάριν
1375 3048 1559 3109 πάντα
1604 3048 1674 3109 τὰ
1720 3046 1856 3132 παρ’
1916 3047 2094 3116 αὐτὰς
2149 3053 2394 3123 ποιοῦσι,
2451 3048 2546 3110 διὰ
2601 3054 2702 3111 τοῦ
2759 3052 2943 3114 πάντα
2987 3052 3058 3113 τὰ
3087 3069 3140 3109 10

442 3167 513 3215 ⁴25
550 3146 686 3231 παρ’
744 3146 920 3217 αὐτὰς
964 3155 1232 3233 ποιῆσαι,
1288 3147 1452 3233 ἔργον
1500 3152 1565 3213 ’δὲ
1611 3148 1751 3212 ἴδιον
1798 3150 1990 3213 αὐτῶν
2045 3151 2111 3213 τὸ
2155 3152 2341 3214 πάντα
2385 3152 2456 3214 τὰ
2499 3151 2637 3236 παρ’
2692 3150 2870 3222 αὐτὰς
2916 3156 3058 3238 πρὸς

552 3252 616 3312 τὸ
672 3257 865 3335 τυχεῖν
920 3258 1021 3315 τοῦ
1076 3253 1456 3337 προκειμένου
1512 3260 1749 3336 ποιῆσαι
1806 3260 1890 3338 τῷ
1947 3256 2026 3337 μὴ
2085 3256 2258 3334 μόνον
2313 3260 2479 3317 τοῦτο
2544 3258 2740 3339 ἀρκεῖν
2787 3257 2929 3339 πρὸς
2991 3261 3054 3319 τὸ

554 3358 655 3416 τοῦ
700 3356 1081 3439 προκειμένου
1127 3362 1361 3441 τυχεῖν,
1418 3358 1565 3419 ἀλλὰ
1613 3359 1729 3420 δεῖν
1778 3360 1874 3419 καὶ
1918 3357 2110 3419 ἄλλων
2157 3365 2354 3430 τινῶν,
2411 3359 2448 3421 ἃ
2493 3359 2597 3421 οὐκ
2643 3358 2794 3422 ἔστιν
2841 3362 2936 3423 ἐπὶ
2983 3367 3055 3445 τῇ
3089 3380 3139 3420 15

552 3456 751 3542 τέχνῃ.

549 3699 747 3764 XVII.
833 3696 980 3764 Ὅτι
1032 3702 1254 3785 <οὔκ,>
1307 3704 1366 3766 εἰ
1418 3702 1605 3767 ἔστιν
1660 3709 1781 3767 τοῦ
1828 3709 1918 3773 ὡς
1965 3706 2506 3791 ὑπεκκαύματος
2565 3710 2806 3793 πυρός,
2865 3711 2896 3773 ὃ
2943 3714 3054 3774 καὶ

442 3822 515 3871 30
552 3807 909 3889 στοιχεῖόν
956 3807 1138 3885 ἐστι,
1192 3808 1621 3893 θερμότερόν
1668 3833 1726 3871 τι
1771 3810 1944 3872 ἄλλο
1991 3814 2149 3893 πῦρ,
2206 3812 2316 3873 διὰ
2360 3812 2616 3896 ταύτην
2663 3814 2784 3896 τὴν
2831 3814 3052 3877 αἰτίαν

1119 3911 1298 3991 μίξει
1342 3917 1462 3975 τοῦ
1508 3913 1827 3975 ἐναντίου
1872 3919 2194 3977 τοιοῦτον
2241 3915 2488 3977 ἐκεῖνο.

717 4078 843 4145 Οὐκ
888 4082 1012 4145 ἐπεὶ
1062 4086 1279 4163 μᾶλλον
1324 4084 1543 4167 θερμὸν
1589 4088 1691 4147 τοῦ
1738 4087 1818 4153 ὡς
1865 4086 2157 4170 στοιχείου
2215 4085 2412 4169 πυρός,
2471 4087 2502 4148 ὃ
2559 4089 2654 4151 καὶ
2702 4087 3134 4173 ὑπέκκαυμαεο

544 4183 803 4265 λέγεται,
860 4187 896 4269 ἡ·
945 4186 1096 4257 ζέσις
1149 4192 1251 4249 τοῦ
1297 4188 1505 4271 πυρός,
1562 4186 1762 4251 ὁποῖόν
1810 4190 1930 4251 ἐστι
1986 4190 2080 4251 καὶ
2135 4190 2199 4251 τὸ
2253 4189 2389 4274 παρ’
2445 4193 2584 4274 ἡμῖν
2631 4198 2774 4277 πῦρ,
2831 4193 2944 4277 ἤδη
2991 4196 3051 4256 ἐν

434 4452 463 4502 7
508 4453 592 4503 καὶ
629 4452 726 4503 del.
766 4453 901 4504 vict.
1123 4454 1185 4505 10
1234 4454 1276 4505 εἰ
1313 4455 1400 4506 καὶ
1436 4456 1499 4505 τὰ
1535 4460 1625 4507 τοῦ
1666 4456 1829 4508 vict:
1889 4456 1946 4508 οὒ
1984 4459 2071 4509 καὶ
2107 4458 2171 4509 τὰ
2207 4462 2296 4510 τοῦ
2341 4461 2626 4511 VHBSFa:
2686 4457 2782 4510 οὒκ
2821 4458 2918 4511 ἀπὸ
2955 4464 3044 4511 τοῦ
3083 4464 3154 4511 G:

436 4539 481 4591 εἰ
517 4542 727 4592 καὶτοῦ
764 4541 853 4608 Sp.
1032 4540 1091 4592 ἂν
1138 4542 1254 4593 add.
1300 4542 1387 4609 Sp.
1615 4545 1673 4595 11
1733 4544 1940 4609 ἐκεῖναι]
1998 4546 2204 4603 ἐκείναις
2253 4546 2388 4598 vict..
2439 4547 2507 4612 (?)
2736 4550 2811 4615 τῷ
2871 4554 2973 4604 τοῖς
3025 4549 3156 4599 vict.

436 4630 555 4693 Sp.:
617 4627 811 4686 τούτοις
867 4628 985 4681 libri
1182 4628 1241 4681 15
1298 4630 1453 4689 αὐτὰς
1490 4631 1602 4699 Sp.:
1660 4632 1829 4684 αὐτῶν
1867 4634 1984 4685 libri
2187 4634 2245 4683 17
2303 4634 2458 4691 αὐτὰς
2493 4635 2606 4701 Sp.:
2662 4634 2856 4691 ἑαυτοῖς
2892 4636 3012 4687 libri

441 4716 503 4766 19
549 4715 679 4786 μονὴ
716 4733 748 4768 a
924 4717 985 4767 21
1038 4716 1165 4768 ἀλλὰ
1200 4718 1363 4769 πάντα
1400 4720 1606 4785 scripsi:
1644 4718 1725 4771 διὰ
1762 4722 1926 4773 πάντα
1963 4721 2078 4773 libri
2117 4721 2378 4787 (διαπαντα
2425 4722 2498 4772 sic
2538 4726 2604 4784 V)
2780 4723 2812 4791 ἥ
2849 4724 2904 4791 γέ
2942 4724 3154 4791 scripsi:

435 4800 523 4870 ἡδὲ
560 4802 679 4855 libri
717 4803 825 4873 (ἠδε
863 4808 959 4869 V):
998 4803 1029 4874 ἢ
1071 4804 1149 4856 ὃιά
1188 4806 1323 4857 vict.
1504 4808 1569 4858 ‘24
1609 4807 1761 4865 αὐτὰς
1782 4810 1944 4860 viem
1982 4808 2138 4861 αὐτοῦ
2176 4810 2258 4877 (οὗ
2295 4812 2350 4861 in
2388 4811 2463 4861 lit.
2494 4812 2564 4877 V)
2603 4811 2720 4863 libri
2899 4812 2964 4861 25
3003 4810 3157 4867 αὐτὰς

435 4889 552 4957 Sp.:
610 4890 793 4948 αὐτοὺς
838 4892 955 4945 librj
1172 4892 1237 4943 29
1295 4893 1389 4947 οὐκ
1436 4895 1554 4947 add.
1594 4914 1625 4946 a
1662 4896 1749 4963 Sp.
1790 4904 1841 4948 et
1879 4900 1984 4949 tab.
