3684 5567
551 259 634 324 32
1272 257 1730 314 ΑΛΕΞΑΝΔΡΟΥ
1770 253 2080 313 ΑΙΙΟΡΙΩΝ
2121 254 2242 312 ΚΑΙ
2285 251 2550 313 ΛΥΣΕΩΝ

657 434 952 514 γεννητός,
1008 432 1155 495 κατὰ
1210 434 1311 515 τὴν
1357 433 1536 494 αὑτοῦ
1589 433 1757 515 φύσιν
1805 432 2178 500 ἀνεπίδεκτός
2230 433 2380 495 ἐστιν
2426 430 2766 514 ἀιδιότητος.
2855 432 2920 493 τὸ
2967 428 3017 493 δ’
3074 428 3163 491 οὔ·

658 556 772 603 τως
828 534 834 618 Ι
896 536 1263 598 ἀνεπίδεκτον
1319 533 1640 617 ἀιδιότητος
1694 534 1841 597 κατὰ
1895 536 2000 617 τὴν
2059 535 2236 597 αὑτοῦ
2297 534 2469 617 φύσιν
2523 532 2800 595 ἀδύνατον
2853 530 3152 615 ἀιδιότητα
3191 536 3268 594 64

656 634 948 704 δέξασθαι.
1037 638 1103 699 τὸ
1151 635 1201 699 δ’
1258 637 1443 705 οὕτως
1496 636 1804 715 ἀδύνατον,
1862 641 2034 699 πᾶσιν
2091 634 2154 698 ὃν
2210 635 2519 708 ἀδύνατον,
2574 636 2671 697 καὶ
2726 640 2845 703 τοῖς
2891 635 3049 701 θεοῖς
3093 631 3162 695 ἂν

657 736 749 819 εἴη
796 741 1074 801 τοιοῦτον.
1157 736 1292 800 οὔτε
1336 740 1443 820 γὰρ
1488 740 1554 801 τὸ
1600 738 1661 807 ἐξ
1708 740 1962 821 ἀνάγκης
2008 740 2272 821 ὑπάρχον
2317 737 2424 798 τινὶ
2469 736 2590 799 οἶόν
2635 759 2698 798 τε
2744 736 3023 820 ὑπάρχειν
3069 734 3164 797 αὖ·
3216 750 3245 791 5

586 858 615 905 5
655 844 740 921 τῷ
788 841 1136 924 κωλυθῆναί
1182 864 1323 903 ποτε
1376 840 1482 903 οὐκ
1538 839 1608 923 ἦν
1662 840 1848 908 οὕτως
1903 841 2197 925 ὑπάρχον,
2258 836 2393 900 οὔτε
2437 838 2501 899 τὸ
2547 837 2824 900 ἀδύνατον
2879 839 3158 922 ὑπάρχειν

658 942 893 1004 δυνατὸν
950 944 1215 1027 ὑπάρχον
1279 940 1568 1025 γενέσθαι.
1670 942 1817 1027 μόνα
1869 943 1977 1026 γὰρ
2037 942 2234 1004 ἐκεῖνα
2289 940 2626 1022 κωλυθῆναι
2685 942 2966 1023 ὑπάρχειν
3025 942 3164 1002 τισὶν

658 1041 757 1106 οἷά
798 1067 881 1118 τε,
926 1045 1069 1129 πρὸς
1114 1044 1153 1107 ἃ
1198 1044 1294 1107 καὶ
1336 1048 1440 1105 τοῦ
1472 1040 1631 1127 ἔχειν
1678 1043 1825 1107 αὐτὰ
1872 1046 1970 1107 καὶ
2013 1048 2116 1106 τοῦ
2165 1044 2248 1126 μὴ
2291 1039 2449 1125 ἔχειν
2495 1044 2744 1126 φυσικὴν
2790 1045 3162 1126 παρασκευὴν

656 1142 805 1231 ἔχει,
850 1147 948 1209 καὶ
989 1146 1028 1208 ἃ
1073 1147 1259 1232 χωρὶς
1302 1150 1403 1208 τοῦ
1450 1146 1785 1210 κωλύεσθαι
1833 1146 2070 1209 δύναται
2115 1145 2176 1207 ἐν
2223 1144 2384 1228 αὐτῷ
2435 1146 2516 1227 μὴ
2564 1143 2852 1226 γενέσθαι.
2929 1145 2970 1207 ἅ
3011 1144 3162 1208 ἐστιν
3193 1159 3248 1201 ιο

656 1247 716 1317 ἐΕ
761 1249 1015 1332 ἀνάγκης
1058 1248 1171 1311 τισὶ
1216 1250 1785 1331 παρακολουθοῦντα,
1834 1248 1950 1332 οὐχ
1995 1246 2116 1310 οἷόν
2163 1270 2224 1309 τε
2273 1252 2456 1309 ταῦτα
2488 1248 2828 1328 κωλυθῆναι
2871 1247 3162 1329 γενέσθαι.

556 1368 621 1415 10
660 1346 818 1411 ἔσται
860 1350 969 1433 γὰρ
1015 1351 1167 1413 οὕτω
1214 1350 1420 1413 ταύτὸν
1466 1351 1591 1434 ἅμα
1630 1349 1929 1433 γινόμενόν
1974 1374 2038 1412 τε
2085 1352 2180 1413 καὶ
2228 1351 2310 1432 μὴ
2355 1348 2674 1431 γινόμενον,
2718 1348 3013 1433 γινόμενον
3059 1350 3162 1431 μὲν

656 1450 799 1513 διότι
843 1452 1151 1534 ἀναγκαῖον
1196 1451 1269 1535 ῆν
1314 1453 1603 1534 γενέσθαι,
1658 1454 1726 1516 οὐ
1771 1451 2067 1535 γινόμενον
2117 1452 2181 1515 δὲ
2225 1452 2368 1513 διότι
2415 1451 2484 1535 ἢν
2533 1450 2954 1531 κεκωλυμένον,
2999 1456 3165 1513 τοῦτο
3198 1466 3248 1509 15

657 1554 722 1616 δὲ
764 1555 1065 1618 ἀδύνατον.
1136 1555 1413 1618 ἀδύνατον
1459 1556 1555 1618 καὶ
1600 1556 1665 1618 τὸ
1711 1555 1974 1638 φθαρτὸν
2021 1554 2358 1635 κωλυθῆναι
2391 1556 2706 1637 φθαρῆναι,
2753 1554 2953 1636 ἐπειδὴ
3003 1554 3166 1635 ἀναγ-

658 1658 819 1718 καῖον
874 1662 959 1741 τῷ
1016 1658 1265 1741 φθαρτῷ
1324 1657 1387 1718 τὸ
1455 1658 1754 1740 φθαρῆναι
1821 1657 1919 1719 καὶ
1975 1656 2254 1719 ἀδύνατον
2319 1658 2384 1717 τὸ
2443 1658 2522 1738 μὴ
2592 1657 2908 1739 φθαρῆναι.
3005 1653 3168 1717 ἔσται

650 1756 758 1841 γὰρ
825 1759 1011 1827 οὕτως
1065 1758 1189 1839 ἅμα
1254 1758 1643 1843 φθειρόμενός
1707 1782 1771 1820 τε
1838 1759 1934 1821 καὶ
1995 1760 2074 1840 μὴ
2145 1758 2550 1842 φθειρόμενος.
2639 1757 2727 1821 ὅτι
2795 1758 2859 1819 δὲ
2911 1758 2981 1819 τὰ
3035 1757 3252 1819 ἀδό-εο

552 1879 611 1927 15
652 1882 794 1922 νατα
860 1865 933 1942 τῇ
990 1860 1181 1922 αὑτῶν
1250 1860 1419 1945 φύσει
1474 1862 1569 1923 καὶ
1640 1866 1758 1929 τοῖς
1814 1862 1974 1928 θεοῖς
2027 1860 2151 1922 ἐστι
2213 1864 2468 1936 τοιαῦτα,
2535 1860 2632 1921 καὶ
2689 1858 2932 1923 Πλάτων
2995 1858 3168 1928 αὐτὸς

646 1968 958 2046 μαρτυρεῖ,
1032 1961 1105 2025 δι’
1186 1963 1266 2023 ὢν
1335 1963 1514 2044 λέγει·
1579 1960 1760 2025 “ἀλλ’
1836 1961 1961 2025 οὔτ’
2027 1961 2356 2025 ἀπολέσθαι
2423 1960 2496 2023 τὰ
2562 1962 2714 2024 κακὰ
2783 1961 3045 2035 δυνατόν,
3113 1956 3165 2045 ᾦ

654 2063 952 2145 Θεόδωρε·
1022 2064 1353 2127 ὑπεναντίον
1407 2066 1517 2147 γάρ
1570 2088 1622 2127 τι
1676 2068 1761 2147 τῷ
1809 2064 2020 2147 ἀγαθῷ
2069 2065 2161 2125 ἀεὶ
2208 2062 2354 2125 εἶναι
2399 2064 2651 2147 ἀνάγκη,
2717 2062 2838 2126 οὔτ’
2894 2064 2953 2125 ἐν
3008 2064 3170 2133 θεοῖς
3197 2080 3251 2121 εὖ

651 2166 799 2229 αὐτὰ
854 2167 1148 2249 ἱδρῦσθαι,
1202 2167 1307 2251 τὴν
1365 2169 1429 2230 δὲ
1484 2168 1705 2250 θνητὴν
1776 2166 1948 2249 φύσιν
2001 2168 2098 2229 καὶ
2164 2165 2332 2229 τόνδε
2385 2168 2480 2228 τόν
2536 2166 2711 2229 τόπον
2764 2169 3068 2250 περιπολεῖ
3107 2167 3168 2235 ἐξ

654 2268 991 2351 ἀνάγκης”.
1038 2268 1045 2352 Ι

546 2530 613 2577 20
649 2508 817 2573 XIX.
910 2510 1061 2579 Πῶς
1107 2512 1145 2594 ἡ
1193 2510 1365 2592 αὑτὴ
1414 2510 1705 2594 δύναμις
1750 2510 1891 2595 ἅμα
1936 2516 2072 2572 τῶν
2119 2510 2451 2574 ἐναντίων
2497 2510 2680 2575 εἶναι
2727 2512 3026 2593 λέγεται.
3199 2518 3272 2574 65

812 2679 885 2744 Ἥ
930 2681 1077 2764 αὐτὴ
1126 2680 1360 2764 δύναμις
1403 2680 1549 2744 εἶναι
1596 2687 1711 2744 τῶν
1758 2682 2030 2745 ἐναντίων
2078 2681 2332 2764 λέγεται,
2379 2681 2494 2766 οὐχ
2541 2686 2622 2749 ὡς
2665 2682 2788 2763 ἅμα
2832 2682 3161 2765 δυναμένων

651 2786 746 2845 καὶ
791 2790 906 2845 τῶν
954 2784 1223 2847 ἐναντίων
1282 2786 1411 2867 περὶ
1458 2786 1521 2846 τὸ
1572 2785 1674 2851 τάς
1718 2785 1995 2868 δυνάμεις
2051 2782 2192 2869 ἔχον
2248 2784 2441 2847 αὐτῶν
2494 2784 2761 2868 γενέσθαι
2815 2785 3013 2865 (τοῦτο
3055 2786 3165 2869 γὰρ
3219 2802 3248 2844 6

652 2885 980 2968 ἀδύνατον),
1041 2884 1160 2949 ἀλλ’
1217 2886 1302 2948 ὅτι
1350 2888 1431 2968 μὴ
1478 2886 1665 2955 οὕτως
1708 2883 1868 2970 ἔχειν
1923 2887 1989 2949 τὸ
2044 2892 2160 2949 τῶν
2215 2886 2487 2949 ἐναντίων
2545 2884 2683 2970 ἔχον
2727 2885 2830 2955 τὰς
2875 2888 3165 2969 δυνάμεις,

652 2991 733 3056 ὡς
779 2995 1007 3071 πρῶτον
1054 2989 1157 3071 μὲν
1190 2988 1442 3071 ὀφείλειν
1489 2986 1622 3049 τόδε
1668 2992 1788 3049 τῶν
1834 2988 2105 3051 ἐναντίων
2151 2987 2450 3061 δέξασθαι,
2498 2988 2642 3068 μετὰ
2686 2989 2752 3051 δὲ
2795 2993 2966 3052 τοῦτο
3011 2989 3159 3053 τόδε.

544 3110 609 3159 25
648 3090 708 3152 ἐν
756 3092 921 3153 παντὶ
976 3090 1084 3173 γὰρ
1130 3088 1329 3173 χρόνῳ
1382 3088 1681 3174 ἐνδέχεται
1739 3092 1803 3153 τὸ
1860 3090 1919 3152 ἐν
1968 3090 2272 3173 μηδετέρῳ
2336 3090 2399 3153 ὃν
2447 3097 2560 3153 τῶν
2607 3091 2877 3153 ἐναντίων
2923 3093 2983 3155 ἐν
3029 3094 3163 3156 ὑπο·
3191 3110 3249 3152 1ο

650 3196 904 3276 τερῳοῦν
950 3192 1141 3255 αὐτῶν
1185 3192 1477 3273 γενέσθαι,
1524 3190 1629 3254 οὐκ
1675 3192 2102 3276 ἀφωρισμένως
2148 3192 2208 3255 ἐν
2254 3194 2426 3276 τῷδε.
2496 3194 2584 3255 διὸ
2629 3196 2724 3257 καὶ
2770 3194 2994 3277 λέγεται
3038 3196 3162 3278 ἅμα

650 3292 807 3379 ἔχειν
853 3295 953 3361 τὰς
997 3298 1112 3356 τῶν
1160 3294 1429 3357 ἐναντίων
1476 3296 1763 3375 δυνάμεις.
1856 3296 1922 3356 τὸ
1968 3294 2077 3379 γὰρ
2123 3294 2500 3379 ἐνδέχεσθαι,
2549 3294 2684 3357 ὅσον
2730 3296 2825 3359 ἐπὶ
2870 3300 2947 3379 τῇ
2992 3298 3160 3380 φύσει

650 3401 751 3459 τοῦ
799 3396 1027 3459 ἐναντία
1074 3396 1416 3479 δεχομένου,
1470 3394 1568 3459 ὅτε
1612 3398 1677 3458 τὸ
1710 3396 1903 3481 ἕτερον
1949 3396 2064 3481 <ἐν>
2107 3398 2270 3483 αὐτῷ
2316 3398 2548 3478 γίνεται,
2597 3400 2776 3482 μηδὲν
2821 3398 2992 3481 ἧττον
3039 3402 3163 3463 ἀντὶ
3195 3418 3249 3460 ιι

646 3499 853 3561 τούτου
899 3499 964 3561 τὸ
1012 3497 1206 3581 ἕτερον
1254 3498 1315 3561 ἐν
1360 3497 1521 3582 αὐτῷ
1547 3497 1837 3580 γενέσθαι,
1885 3502 2166 3563 δεικτικὸν
2213 3504 2314 3563 τοῦ
2347 3500 2471 3582 ἅμα
2516 3500 2706 3562 αὐτῶν
2752 3501 2854 3569 τὰς
2898 3503 3169 3585 δυνάμεις

544 3619 612 3670 30
648 3599 825 3686 ἔχειν.
911 3600 1068 3683 παρὰ
1112 3599 1220 3683 γὰρ
1264 3599 1337 3663 τὰ
1383 3601 1657 3685 ποιητικὰ
1701 3602 1894 3665 αὐτῶν
1941 3603 2074 3667 τόδε
2117 3627 2169 3665 τι
2215 3607 2445 3687 πρῶτον
2491 3606 2608 3664 τῶν
2654 3602 2922 3666 ἐναντίων
2969 3603 3029 3666 ἐν
3075 3610 3161 3691 τῷ

547 3876 569 3928 1
612 3873 820 3945 γενητός
856 3892 887 3927 a
925 3873 1012 3938 Sp.
1245 3874 1275 3925 2
1324 3873 1481 3927 αὑτοῦ
1521 3876 1593 3926 V¹
1630 3877 1781 3941 (corr.
1824 3876 1919 3944 V2)
2165 3874 2448 3946 ἀιδιότητα]
2499 3876 2714 3929 alterum
2755 3895 2769 3929 ι
2807 3880 2860 3929 in
2897 3879 2974 3931 lit.
3014 3884 3062 3931 V

541 3966 594 4017 4.
621 3964 653 4016 5
690 3962 815 4014 αὐτὸ
854 3960 972 4013 v²13
1185 3960 1217 4015 5
1255 3962 1351 4014 οὒκ
1388 3962 1449 4032 ἠν
1477 3964 1801 4016 v¹G¹FS¹L2
1840 3964 1928 4015 καὶ
1965 3964 2062 4015 οὐκ
2100 3965 2221 4016 εἶναι
2259 3964 2477 4017 V²S²Ba
2511 3963 2624 4031 Sp.:
2662 3962 2720 4015 οὗ
2759 3965 2881 4018 εἶναι
2919 3964 3013 4019 9²:
3051 3966 3274 4020 fortasse

544 4048 617 4106 οἷς
652 4048 717 4119 ὴν
894 4049 927 4101 8
965 4047 999 4099 ἂ
1034 4048 1087 4100 δέ
1126 4048 1256 4101 ἐστιν
1292 4048 1563 4104 v²B²S²a
1600 4051 1688 4118 Sp.
1906 4050 1968 4102 12
2020 4050 2117 4119 ἄρα
2154 4052 2240 4102 καὶ
2275 4048 2464 4102 S²V²a
2491 4050 2578 4118 Sp.
2798 4050 2860 4104 13
2900 4052 3273 4125 καὶ-φθαρῆ-

543 4154 621 4187 ναι
669 4136 727 4188 in
778 4150 876 4203 mg.
919 4136 1013 4186 V¹=
1070 4137 1125 4188 in
1165 4142 1312 4188 textu
1358 4140 1561 4191 GSBL:
1619 4154 1719 4191 om.
1766 4142 1808 4190 F
2051 4136 2114 4189 15
2169 4137 2338 4189 αὐτῶν
2391 4138 2460 4189 V¹
2505 4138 2656 4203 (corr.
2707 4137 2800 4205 ν’)
3031 4139 3272 4212 Πλάτων]

543 4222 858 4276 Theaetetus
900 4222 1027 4275 176⁸
1329 4224 1391 4275 16
1447 4223 1739 4277 ἀπωλέσθαι
1782 4224 1858 4275 V¹
1895 4224 2046 4291 (corr.
2090 4224 2187 4291 Ψ)
2475 4224 2536 4276 17
2597 4224 2672 4277 ἀεὶ
2709 4226 2902 4281 VS²Ba
2943 4227 3058 4295 Sp.=
3115 4228 3274 4299 λέγειν

542 4311 695 4363 FS¹L
906 4310 1102 4379 ἀνάγκη
1142 4308 1263 4361 εἶναι
1300 4327 1333 4361 a
1366 4308 1453 4376 Sp.
1671 4311 1736 4363 18
1783 4309 2014 4381 ἴδρυσθαι
2052 4312 2124 4362 V¹
2163 4312 2313 4379 (corr.
2357 4310 2447 4376 ν’)
2659 4311 2836 4380 τόπον]
2874 4314 3060 4383 τρόπον
3097 4334 3131 4367 a

545 4394 804 4469 περιπολεῖ
836 4398 906 4447 V'
948 4398 1083 4450 vict.
1122 4396 1236 4464 Sp.=
1292 4394 1571 4467 περιπολεῖν
1613 4396 1946 4451 V²BGFSLa
2181 4398 2250 4451 20
2305 4398 2500 4468 λέγεται
2537 4398 2662 4450 εἶναι
2697 4417 2729 4450 a
2763 4400 2852 4467 Sp.
3067 4401 3128 4453 21
3190 4401 3274 4455 δὺ-

546 4501 693 4553 ναμις
738 4482 889 4552 (ἅμα)
936 4485 1072 4538 coni.
1111 4484 1197 4551 Sp.
1412 4490 1517 4535 τῶν
1566 4476 1804 4537 ἐναντίων
1855 4488 1977 4539 εἶναι
2014 4505 2047 4538 a
2083 4487 2173 4555 Sp.
2387 4486 2495 4553 ἅμα
2531 4501 2630 4538 om.
2669 4488 2869 4539 GFS¹L
3081 4486 3147 4541 ⁸22
3185 4490 3275 4541 καὶ

542 4574 759 4625 VGFL:
820 4571 917 4623 del.
956 4568 1112 4624 8²3²:
1171 4585 1273 4623 om.
1311 4589 1341 4622 a
1555 4571 1621 4623 23
1678 4574 1747 4642 μὴ
1796 4572 1961 4631 οὕτως
2012 4572 2166 4643 ἔχειν]
2222 4570 2443 4625 fortasse
2479 4571 2539 4641 δὴ
2579 4570 2746 4631 οὕτως
2781 4574 2910 4646 ἔχειι
2965 4572 3129 4632 οὕτως
3163 4575 3273 4647 ἔχει

546 4661 682 4712 coni.
721 4660 811 4727 Sp.
1034 4657 1177 4726 ἔχον]
1238 4657 1369 4729 ἔχειν
1404 4661 1555 4712 FS¹L
1756 4659 1822 4711 26
1879 4661 1966 4711 καὶ
2017 4658 2111 4711 οὐκ
2153 4658 2368 4712 v²BS²a
2411 4659 2500 4726 Sp.
2701 4660 2768 4711 ‘28
2805 4666 2896 4713 τοῦ
2932 4662 2995 4712 τὰ
3035 4680 3066 4713 a
3108 4662 3198 4728 Sp.

545 4745 598 4798 ἐν
649 4746 766 4797 add.
815 4744 1027 4798 B²S²La
1074 4744 1161 4812 Sp.
1446 4745 1609 4817 αὐτῷ]
1663 4745 1727 4800 αὐ
1776 4749 1831 4798 in
1878 4747 1956 4798 lit.
2005 4750 2050 4796 V
2348 4746 2414 4797 29
2472 4746 2722 4801 δεικτικὸν
2765 4750 2978 4817 scripsi:
3035 4746 3272 4801 δεκτικὸν

544 4834 892 4891 VFB·S¹GL:
932 4832 1091 4886 αἴτιον
1141 4832 1311 4886 B²S2a
1358 4833 1445 4903 Sp.
