3684 5567
564 232 689 295 144
1070 229 1397 300 [ΑΙΙΟΡῙΩΝ
1436 228 1558 285 ΚΑΙ
1596 228 1864 286 ΛΥΣΕΩΝ
1901 228 2187 287 ΒΙΒΛΙΟΝ
2225 228 2596 287 ἹῈΤΑΡΤΟΝ
2634 233 2681 286 2.
2709 233 2764 302 3]

675 403 975 467 κολουθεῖν
1019 410 1093 489 τῇ
1140 406 1476 489 εὐδαιμονίᾳ
1521 406 1617 469 καὶ
1662 404 1806 468 εἶναι
1856 410 2096 487 σημεῖον
2142 412 2247 490 τῆς
2289 406 2607 490 παρουσίας
2649 405 2849 489 αὐτῆς.
2921 408 3054 471 ὅσον
3099 408 3165 471 δὲ

669 508 813 591 πρὸς
856 509 922 571 τὸ
954 510 1386 591 ἀνεμποδίστως
1431 510 1679 593 ἐνεργεῖν
1726 506 1986 591 δεόμεθα
2030 510 2174 593 πρὸς
2215 510 2317 578 τὰς
2347 510 2575 594 ἀρετάς,
2621 508 2757 574 καθ’
2797 510 2867 579 ἃς
2911 509 3012 579 τὰς
3057 532 3167 572 τοι·
3195 524 3252 568 m

667 610 843 679 αύτας
896 609 1044 696 (δεῖ)
1098 611 1346 696 ἐνεργεῖν
1399 612 1715 695 ἐνεργείας,
1777 617 2048 675 τοσοῦτον
2104 613 2478 676 ἀπολείπεται
2531 616 2625 676 καὶ
2679 616 2717 696 ἡ
2773 612 2900 677 κατ’
2955 614 3166 697 ἀρετὴν

672 711 927 797 ἐνέργεια
971 719 1071 778 τοῦ
1116 716 1181 777 τὸ
1226 716 1401 779 πλέον
1455 715 1613 800 ἔχειν
1667 716 1725 778 ἐν
1774 716 1948 799 αὑτῇ.
2040 715 2127 779 ὅτι
2174 717 2276 799 μὲν
2323 718 2767 799 ἀνδραποδῶδες
2818 718 2884 779 τὸ
2929 718 3035 799 τὴν
3079 716 3168 779 εὐ-

596 833 626 883 5
664 816 959 899 δαιμονίαν
1004 818 1270 881 τίθεσθαι
1328 819 1389 881 ἐν
1433 824 1557 887 ταῖς
1603 825 1960 902 σωματικαῖς
2005 820 2238 901 ἡδοναῖς
2293 822 2389 883 καὶ
2442 825 2526 904 τῷ
2574 821 2986 905 ἀπολαυστικῷ
3033 820 3167 904 βίῳ,

667 918 880 989 ἱκανῶς
924 920 1101 989 αὐτὸς
1144 921 1455 991 ἐνεδείξατο
1512 922 1607 985 διὰ
1652 927 1752 984 τοῦ
1807 925 1878 985 τά
1933 946 1995 985 τε
2041 923 2372 1006 ἀνδράποδα
2427 924 2522 987 καὶ
2567 924 2638 987 τὰ
2685 922 3026 1009 βοσκήματα
3069 925 3167 985 τὸν
3195 938 3249 979 ⁸⁵

664 1026 919 1085 τοιοῦτον
967 1024 1085 1108 βίον
1119 1024 1343 1107 κρίνειν,
1390 1026 1484 1087 καὶ
1516 1024 1599 1086 ἔτι
1630 1024 1723 1087 διὰ
1769 1029 1869 1087 τοῦ
1901 1024 2387 1109 Σαρδαναπάλου·
2457 1025 2545 1089 ὅτι
2591 1027 2656 1090 δὲ
2689 1026 2839 1110 μηδὲ
2883 1026 2944 1089 ἐν
2977 1028 3100 1094 ταῖς
3148 1022 3157 1113 Ι

662 1124 809 1187 κατὰ
854 1127 1053 1210 ψυχὴν
1098 1126 1403 1210 ἐνεργείαις
1448 1127 1506 1189 αἱ
1551 1126 1827 1211 ἐνέργειαι
1859 1133 1965 1209 τῆς
2008 1130 2222 1212 ἡδονῆς
2266 1130 2458 1214 χάριν,
2506 1131 2654 1193 ἀλλὰ
2694 1132 2732 1213 ἡ
2777 1131 2957 1213 ἡδονὴ
3003 1133 3119 1193 τῶν
3165 1136 3268 1192 276

663 1225 981 1310 ἐνεργειῶν,
1027 1231 1223 1312 δῆλον.
1293 1230 1343 1292 εἰ
1388 1230 1494 1314 γὰρ
1540 1231 1636 1292 καὶ
1683 1229 1769 1292 ὅτι
1799 1230 2049 1311 μάλιστα
2092 1233 2283 1313 ἡδεῖαι
2327 1233 2386 1294 αἱ
2433 1232 2557 1295 κατ’
2601 1232 2811 1317 ἀρετὴν
2857 1232 3156 1317 ἐνέργειαι,

563 1349 625 1396 10
663 1330 787 1393 ἀλλ’
845 1330 911 1393 οὐ
957 1337 1063 1416 τῆς
1104 1355 1169 1414 γε
1214 1334 1436 1417 ,ἡδονῆς
1490 1334 1660 1396 ἕνεκα
1705 1335 2155 1410 σπουδάζονται,
2211 1334 2342 1397 ἀλλ’
2399 1332 2666 1416 ἔμπαλιν.
2754 1334 2856 1404 τὰς
2901 1336 3005 1416 μὲν
3049 1336 3159 1421 γὰρ
3217 1353 3246 1394 5

664 1432 787 1496 κατ’
847 1434 1057 1518 ἀρετὴν
1111 1435 1395 1520 ἐνεργείας
1447 1436 1801 1519 αἱρούμεθα,
1867 1435 1971 1499 κᾶν
2025 1438 2212 1520 λύπης
2266 1440 2361 1501 καὶ
2422 1437 2612 1501 πόνων
2667 1439 2841 1501 αἰτίαι
2894 1440 3166 1521 γίνωνταί

665 1559 823 1611 ποτε,
872 1540 951 1607 ὡς
996 1538 1092 1601 ἐπὶ
1139 1544 1253 1601 τῶν
1300 1538 1448 1601 κατὰ
1492 1540 1595 1622 τὴν
1626 1540 1888 1622 ἀνδρείαν
1934 1540 2235 1624 ἐνεργειῶν
2280 1540 2510 1623 γίνεται,
2557 1543 2770 1625 ἡδονὰς
2815 1544 2879 1606 δὲ
2909 1542 3160 1627 αἰσχρὰς

662 1637 939 1703 οὐδέποτε
982 1642 1275 1725 αἱρεῖσθαι
1319 1640 1578 1724 εὔλογον,
1625 1644 1776 1708 ὥστε
1820 1644 1873 1706 εἰ
1917 1644 1976 1707 αἱ
2024 1645 2126 1726 μὲν
2174 1642 2301 1707 κατ’
2344 1646 2552 1729 ἀρετὴ-ν
2597 1644 2874 1729 ἐνέργειαι
2917 1646 3158 1729 αἱρεταί,

662 1741 767 1805 κᾶν
814 1744 960 1825 μετὰ
1004 1744 1191 1828 λύπης
1238 1747 1407 1821 ὦσιν,
1466 1745 1497 1807 ὃ
1544 1746 1792 1809 ἐναντίον
1849 1748 1969 1810 ἐστὶ
2023 1749 2097 1831 τῇ
2146 1749 2363 1831 ἡδονῇ,
2418 1750 2478 1812 αἱ
2523 1750 2588 1812 δὲ
2635 1750 2836 1833 ἡδοναὶ
2880 1749 3160 1813 οὐδέποτε
3187 1766 3244 1807 ,ιο

563 1867 620 1914 15
660 1847 881 1930 αἱρεταὶ
914 1847 1059 1930 μετὰ
1103 1853 1205 1911 τοῦ
1236 1850 1493 1911 ἐναντίου
1540 1854 1616 1931 τῇ
1650 1850 1829 1932 ἀρετῇ
1878 1873 1940 1913 τε
1985 1853 2079 1913 καὶ
2127 1855 2214 1935 τῷ
2249 1854 2434 1935 καλῷ,
2481 1853 2656 1936 δῆλον
2689 1856 2770 1921 ὡς
2799 1853 2901 1921 τὰς
2944 1852 3159 1934 ἡδονὰς

659 1950 753 2013 διὰ
799 1950 900 2019 τὰς
945 1951 1041 2013 ἐπὶ
1085 1956 1207 2025 ταῖς
1252 1950 1381 2015 κατ’
1437 1953 1647 2037 ἀρετὴν
1692 1954 1988 2037 γινομένας
2034 1953 2341 2037 ἐνεργείαις
2386 1956 2730 2038 αἱρούμεθα,
2781 1955 2875 2019 καὶ
2920 1954 3016 2019 διὰ
3058 1956 3161 2024 τὰς

662 2053 924 2123 τοιαύτας
969 2053 1273 2137 ἐνεργείας.
1365 2058 1612 2137 μάλιστα
1656 2055 1707 2118 δ’
1766 2055 1833 2118 ἂν
1881 2056 2201 2142 διακριθείη
2255 2062 2452 2135 τοῦτο,
2510 2059 2564 2121 εἰ
2614 2062 2690 2141 τῇ
2737 2058 2909 2143 φύσει
2953 2059 3159 2123 ἐπακο·
3187 2076 3241 2119 15

657 2157 1052 2240 λουθήσαντες
1082 2158 1543 2241 κατανοήσαιμέν
1590 2182 1651 2220 τε
1692 2160 1784 2221 καὶ
1817 2160 2112 2244 λάβοιμεν,
2159 2159 2400 2244 πότερον
2433 2160 2678 2245 ποτέρου
2713 2163 2883 2247 χάριν
2917 2164 2953 2245 ἡ
2985 2164 3156 2249 φύσις

651 2262 791 2343 ἡμῖν
821 2259 994 2328 εὐθὺς
1031 2260 1347 2341 γινομένοις
1392 2258 1607 2324 ἔδωκεν
1652 2264 1756 2346 τὴν
1800 2262 2092 2345 ἐνέργειαν
2138 2264 2232 2325 διὰ
2277 2265 2380 2347 τὴν
2419 2266 2656 2348 ἡδονήν,
2703 2266 2742 2349 ἢ
2787 2266 2892 2349 τὴν
2939 2266 3153 2349 ἡδονὴν

550 2383 617 2430 20
655 2364 748 2428 διὰ
792 2362 894 2431 τὰς
938 2364 1243 2447 ἐνεργείας.
1321 2365 1469 2427 ἀλλὰ
1515 2366 1629 2449 μὴν
1674 2370 1962 2449 γνώριμον
2009 2367 2073 2428 τὸ
2118 2367 2222 2449 τὴν
2270 2368 2483 2451 ἡδονὴν
2530 2374 2649 2438 τοῖς
2696 2365 2872 2453 ζῴοις
2917 2369 3013 2431 διὰ
3055 2370 3158 2438 τὰς
3184 2386 3240 2429 2⁰

654 2467 937 2551 ἐνεργείας
984 2467 1096 2530 ὑπὸ
1142 2472 1245 2550 τῆς
1276 2467 1509 2551 φύσεως
1553 2468 1847 2541 δεδόσθαι,
1893 2470 1947 2531 εἰ
1979 2469 2178 2551 μέλλοι
2227 2472 2548 2541 σώζεσθαι·
2597 2473 2875 2536 ἀδύνατον
2920 2475 3031 2557 γὰρ
3060 2473 3156 2537 αὐ·

650 2576 769 2639 τοῖς
824 2572 906 2655 μὴ
961 2570 1352 2655 τρεφομένοις.
1444 2570 1631 2655 τούτῳ
1677 2573 1781 2656 τὴν
1844 2573 1938 2635 ἐπὶ
1993 2579 2116 2643 ταῖς
2169 2580 2406 2657 τροφαῖς
2459 2576 2677 2658 ἡδονὴν
2731 2574 2947 2661 ἔχομεν
3003 2574 3142 2659 παρ’

651 2674 860 2757 αὐτῆς,
906 2670 979 2737 δι’
1038 2675 1107 2757 ἣν
1152 2675 1371 2757 ἡδονὴν
1420 2674 1704 2758 ζητοῦμέν
1749 2700 1813 2739 τε
1857 2678 1962 2759 τὴν
2007 2678 2228 2762 τροφὴν
2277 2678 2357 2761 μὴ
2403 2682 2700 2762 παροῦσαν
2746 2681 2840 2741 καὶ
2885 2680 3154 2763 παρούσῃ
3181 2696 3236 2739 25

653 2777 972 2860 χρώμεθα,
1035 2777 1140 2859 τὴν
1196 2778 1312 2839 ἀπὸ
1366 2783 1481 2841 τῶν
1539 2779 1847 2863 βελτιόνων
1901 2781 2182 2865 ἀσχολίαν
2237 2781 2539 2865 γινομένην
2596 2783 2736 2845 ποτὲ
2791 2782 2888 2845 διὰ
2945 2781 3155 2866 ταύτης

546 2900 611 2947 25
650 2880 1186 2964 παραμυθούμενοι.
1278 2882 1636 2944 παντάπασιν
1691 2882 1801 2966 γὰρ
1856 2882 2070 2947 ἄτοπον
2124 2884 2190 2946 τὸ
2245 2883 2429 2965 λέγειν
2484 2884 2799 2969 τρέφεσθαι
2853 2886 3012 2969 ἡμᾶς
3067 2888 3147 2969 μὴ

655 2986 735 3052 ὡς
768 2982 1244 3070 σωθησοΙμένους
1288 2983 1383 3047 διὰ
1412 2984 1642 3060 τούτου,
1688 2984 1807 3047 ἀλλ’
1852 2987 1994 3070 ὑπὲρ
2025 2992 2129 3069 τῆς
2159 2988 2377 3070 ἡδονῆς
2420 2993 2525 3072 τῆς
2569 2986 2660 3051 ἐπ’
2701 2990 2884 3073 αὐτῷ.
2956 2989 3106 3052 ἀλλὰ
3152 2998 3254 3053 277

652 3088 749 3151 καὶ
796 3088 899 3171 τὴν
931 3086 1329 3171 ἐπιγινομένην
1375 3094 1493 3157 τοῖς
1533 3089 1893 3173 ἀφροδισίοις
1930 3092 2162 3173 ἡδονήν,
2210 3088 2378 3159 εἴτις
2423 3098 2682 3175 φυσικῶς
2723 3092 2999 3169 ἐξετάζοι,
3045 3093 3152 3155 οὐκ

648 3189 829 3254 ἄλλου
890 3193 1061 3276 χάριν
1121 3190 1356 3274 εὑρήσει
1418 3192 1905 3277 παρεσπαρμένην
1967 3194 2004 3276 ἢ
2061 3198 2163 3277 τῆς
2222 3195 2606 3271 τεκνοποιίας,
2671 3194 2832 3265 ὅπως
2885 3196 2997 3259 ὑπὸ
3049 3202 3153 3281 τῆς
3205 3214 3235 3257 5

650 3295 865 3377 ἡδονῆς
908 3292 1409 3377 παραπεμπόμενα
1461 3294 1533 3356 τὰ
1580 3299 1708 3377 ζῷα
1754 3298 1834 3379 μὴ
1883 3297 2026 3379 ὀκνῇ
2057 3298 2225 3381 ,πρὸς
2271 3298 2366 3359 τὸν
2414 3296 2806 3381 συνδυασμόν,
2862 3297 2925 3368 ὃς
2969 3299 3150 3371 αἴτιος

549 3414 616 3463 30
652 3402 757 3479 τῆς
811 3396 936 3459 κατ’
999 3396 1151 3464 εἶδος
1204 3401 1323 3464 τοῖς
1386 3393 1558 3481 ζῴοις
1620 3396 1973 3481 ἀιδιότητος.
2034 3397 2107 3463 δι’
2175 3400 2246 3483 ἢν
2300 3402 2396 3464 καὶ
2454 3401 2625 3463 αὐτὸν
2688 3402 2990 3486 συμβαίνει
3052 3406 3150 3468 τὸν

650 3496 866 3581 κόσμον
922 3497 1121 3580 ὅμοιον
1180 3500 1270 3562 ἀεὶ
1329 3499 1516 3580 μένειν
1574 3500 1787 3584 ἑαυτῷ.
1878 3502 1930 3563 εἰ
1974 3502 2039 3565 δὲ
2093 3508 2359 3587 φανερῶς
2413 3503 2509 3566 ἐπὶ
2565 3502 2780 3566 τούτων
2834 3506 2895 3567 αἱ
2948 3508 3151 3590 ἡδοναὶ

648 3606 766 3669 τοῖς
820 3600 993 3685 ζῴοις
1044 3602 1289 3685 γίνονται
1342 3608 1458 3664 τῶν
1514 3602 1815 3687 ἐνεργειῶν
1869 3606 2070 3688 χάριν,
2135 3608 2229 3669 καὶ
2275 3606 2370 3669 ἐπὶ
2423 3611 2540 3669 τῶν
2597 3605 2790 3669 ἄλλων
2847 3607 3147 3693 ἐνεργειῶν
3176 3628 3234 3670 ιο

648 3709 764 3765 τῶν
810 3704 958 3767 κατὰ
1004 3704 1173 3788 φύσιν
1229 3704 1414 3773 οὕτως
1468 3702 1624 3789 ἔχειν
1681 3704 1935 3789 εὔλογον.
2025 3706 2113 3770 ὅτι
2157 3710 2223 3771 δὲ
2277 3707 2371 3793 ἐφ’
2427 3710 2509 3771 ῶν
2564 3712 2920 3796 συνυπάρχει
2972 3713 3036 3775 τό
3085 3738 3146 3778 τε

648 3808 821 3869 καλὸν
868 3808 964 3871 καὶ
1006 3809 1044 3891 ἡ
1092 3808 1295 3891 ἡδονή,
1342 3807 1409 3870 οὐ
1456 3809 1521 3870 τὸ
1566 3810 1743 3872 καλὸν
1787 3816 1892 3892 τῆς
1935 3812 2151 3895 ἡδονῆς
2195 3814 2366 3896 χάριν
2412 3814 2657 3896 αἱρετόν,
2703 3811 2821 3878 ἀλλ’
2877 3818 2915 3899 ἡ
2965 3818 3144 3901 ἡδονὴ

541 3928 607 3977 35
646 3915 746 3973 τοῦ
790 3914 991 3986 καλοῦ,
1050 3914 1226 3996 δῆλον
1264 3910 1382 3994 (ὡς
1427 3912 1802 3995 ἐμνήσθημεν
1849 3912 1995 3997 ἤδη)
2045 3914 2112 3977 ἐκ
2156 3920 2288 3987 τοῦ,
2343 3916 2395 3979 εἰ
2439 3916 2510 4001 ἧν
2563 3920 2667 3999 τῆς
2721 3919 2936 4001 ἡδονῆς
2979 3924 3150 4006 χάριν
3177 3939 3232 3982 15

539 4139 571 4191 2
608 4148 715 4196 ταῖς
750 4138 945 4211 ἀρεταῖς
982 4142 1241 4195 Schwartz
1419 4142 1452 4195 3
1490 4142 1563 4196 δεῖ
1599 4143 1715 4196 add.
1736 4143 1901 4197 S²B²a
1927 4148 2014 4212 Sp.
2192 4146 2224 4197 4
2261 4150 2351 4197 τοῦ
2389 4145 2446 4198 τὸ
2483 4146 2586 4198 B²a
2622 4150 2737 4215 Sp.:
2775 4154 2924 4203 τοῦτο
2955 4154 3112 4205 VFB¹

536 4228 703 4281 πλεῖον
742 4246 773 4280 a
809 4232 924 4297 Sp.:
980 4230 1149 4283 τέλεον
1188 4232 1443 4283 Schwartz
1656 4232 1786 4305 αὐτῇ
1825 4237 1874 4283 V
2087 4239 2176 4301 μὲν
2225 4233 2312 4286 οὖν
2349 4235 2468 4287 V²B
2515 4236 2644 4287 vict.
2684 4238 2772 4304 Sp.
3001 4239 3032 4291 6
3079 4241 3256 4294 ἐνεδεί-

538 4315 682 4382 ξατο]
728 4318 843 4370 Eth.
888 4318 1003 4371 Nic.
1039 4319 1078 4383 1,
1106 4319 1152 4371 3.
1200 4318 1447 4371 10951214
1468 4334 1579 4387 sqq.
1818 4321 1848 4371 7
1901 4318 2288 4389 Σαρδανάπαλον.)
2331 4324 2374 4371 V
2594 4324 2627 4375 8
2665 4326 2809 4395 χάριν
2848 4326 2964 4378 coll.
3004 4334 3126 4381 ante
3162 4334 3255 4397 τῆς

535 4406 652 4459 FSa
863 4406 893 4457 9
930 4404 1089 4475 ἡδειαι
1129 4406 1199 4456 V¹
1416 4406 1479 4457 10
1516 4425 1569 4473 γε
1608 4407 1771 4459 Diels:
1820 4424 1876 4459 τε
1913 4408 2056 4461 libri:
2105 4424 2204 4461 om.
2241 4426 2274 4459 a
2308 4412 2395 4476 Sp.
2615 4413 2675 4463 16
2714 4410 2792 4464 διὰ
2829 4414 2916 4470 τὰς
2951 4430 3051 4467 otu.
3080 4434 3112 4467 a

536 4491 637 4560 ἐπὶ]
686 4492 737 4543 ἐν
780 4510 812 4544 a
853 4496 941 4558 Sp.
1155 4494 1414 4562 γινομένας
1462 4494 1540 4560 (ας
1577 4497 1634 4546 in
1678 4496 1754 4547 lit.
1790 4496 1858 4561 Β)
1895 4499 1976 4547 Ba
2017 4500 2130 4561 Sp.:
2190 4500 2468 4566 γινομέναις
2503 4502 2596 4551 VF
2811 4500 2878 4552 ‘22
2915 4502 3080 4573 τούτῳ
3109 4506 3252 4559 VB12

534 4580 730 4632 τούτων
767 4580 895 4633 S¹F=
934 4580 1041 4649 ζῆν.
1080 4580 1153 4633 διὸ
1190 4580 1357 4634 s213²a
1394 4585 1506 4648 Sp.:
1548 4582 1765 4635 fortasse
1802 4584 1988 4635 τοῦ-τό
2030 4602 2125 4637 τοι
2161 4585 2222 4637 ef.
2263 4588 2326 4639 de
2362 4602 2446 4638 an.
2481 4587 2618 4651 8‚25.
2660 4588 2772 4653 97‚1
2993 4590 3060 4644 25
3094 4610 3254 4662 παρα-

536 4666 850 4735 μυθούμενος
889 4670 957 4718 V¹
999 4669 1148 4735 (corr.
1188 4670 1281 4734 V2)
1496 4670 1565 4722 30
1600 4670 1757 4739 αὐτὴν
1797 4672 1868 4721 V¹
1909 4672 2059 4743 (eorl)
2096 4674 2191 4739 Ψ)
2405 4674 2685 4744 συμβαίνει]
2738 4676 2808 4745 μβ
2847 4678 2906 4730 in
2943 4680 3020 4730 lit.
3060 4683 3109 4730 V

535 4754 602 4806 33
649 4754 973 4827 συνυπάρχει]
1013 4774 1042 4806 υ
1079 4772 1155 4823 pr.
1194 4759 1251 4809 in
1288 4758 1366 4809 lit.
1394 4759 1531 4811 4—5
1569 4758 1670 4810 litt.
1713 4763 1758 4810 V
1973 4760 2040 4812 34
2085 4760 2144 4812 τὸ
2181 4761 2383 4831 ζήτημα
2418 4768 2566 4815 τοῦτο
2602 4766 2875 4834 γέγραπται
2911 4765 3141 4828 αὐτολεξὶ
3179 4763 3250 4820 δι’

534 4839 653 4893 ὅλου
690 4845 779 4893 τοῦ
816 4846 875 4901 a}
914 4842 1188 4913 κεφαλαίου
1229 4850 1275 4895 V
1315 4862 1413 4915 mg.
1456 4846 1519 4898 cf.
1558 4846 1694 4899 infra
1739 4848 1919 4912 151,17
1947 4864 2021 4915 sq.
