3684 5567
1379 292 1663 349 ΒῙΒΛῙΟΝ
1702 292 1962 349 TPITON
2005 295 2209 348 14-—15
3034 293 3155 355 115

540 468 693 531 τικὸν
727 468 791 529 τὸ
824 467 923 529 ἐὰν
970 468 1045 551 δὴ
1091 468 1369 551 χωρισθῇ
1420 469 1451 529 ὁ
1498 468 1671 551 ὀρρὸς
1712 473 1813 530 τοῦ
1845 471 2128 550 γάλακτος
2160 466 2448 552 ἑψομένου
2495 470 2597 529 τοῦ
2641 468 2926 548 γάλακτος
2958 465 3046 526 ἐκ-

538 568 809 632 καίεσθαι
854 568 1019 644 αὔτό,
1068 572 1151 637 ὡς
1192 570 1289 632 καὶ
1329 574 1443 631 τῶν
1477 568 1669 632 ἄλλων
1708 575 1825 633 τῶν
1872 568 2195 653 ἑψομένων,
2241 568 2280 631 ἃ
2311 572 2508 631 πλεῖον
2551 575 2658 653 γῆς
2703 567 2848 653 ἔχει.
2939 563 3032 649 ἐφ’

536 672 623 739 οἷς
652 674 754 740 τὰς
787 671 972 740 αἰτίας
1015 671 1287 735 ἀπέδωκε
1329 676 1433 734 τοῦ
1464 671 1536 733 τὰ
1582 672 1685 753 μὲν
1732 672 1876 734 λυτὰ
1903 676 2019 734 τῶν
2065 670 2408 754 πεπηγότων
2441 670 2604 747 εἶναι,
2651 671 2723 733 τὰ
2751 672 2816 733 δὲ
2847 669 3046 732 ἄλυτα.
3077 682 3131 725 25

536 774 706 837 λυτά
753 774 857 857 μὲν
888 774 1116 857 νίτρον
1149 774 1304 848 ἅλες,
1349 771 1579 857 ἄλυῐτον
1626 774 1690 836 δὲ
1733 773 2065 857 κέραμος,
2113 776 2206 836 καὶ
2262 773 2341 836 τὰ
2387 774 2509 855 μὲν
2557 771 2880 856 μαλακτὰ
2925 774 3006 839 ὡς
3049 778 3154 834 223

466 895 497 943 5
536 874 772 959 κέρας,
818 876 898 938 τὰ
942 877 1019 939 δὲ
1066 878 1435 959 ἀμάλακτα
1481 880 1563 944 ὡς
1606 874 1915 959 κέραμος
1959 878 2072 939 καὶ
2117 877 2332 943 λίθος.
2408 874 2531 959 ἡδ’
2565 876 2736 950 αἰτία,
2783 874 2908 937 ἐπεὶ
2940 873 3043 935 δύο

536 978 657 1041 ἐστὶ
687 976 762 1040 τά
790 978 1100 1062 πηγνύντα,
1149 972 1245 1049 ὡς’
1273 978 1517 1064 εἴρηται,
1562 976 1781 1063 θερμόν
1825 1001 1889 1040 τε
1931 980 2026 1041 καὶ
2073 979 2318 1062 ψυχρόν,
2365 977 2666 1041 λύεσθαι
2711 975 2861 1039 αὐτοί
2904 999 3045 1039 ποτε
3097 992 3152 1053 5,

536 1080 761 1163 ἀνάγκη
792 1085 1005 1165 ψυχρῷ
1040 1102 1101 1144 τε
1130 1082 1225 1145 καὶ
1256 1082 1381 1166 θερ
1401 1088 1527 1166 μῷ,
1559 1082 1632 1144 τὰ
1662 1082 1767 1164 μὲν
1799 1081 1912 1143 ὑπὸ
1947 1080 2169 1164 θερμοῦ
2201 1080 2453 1163 παγέντα
2483 1085 2716 1165 ψυχρῷ,
2747 1080 2820 1143 τὰ
2851 1078 2901 1142 δ’
2933 1080 3042 1141 ὑπὸ

538 1186 769 1267 ψυχροῦ
810 1184 1037 1269 θερμῷ.
1116 1186 1203 1247 διὸ
1238 1185 1309 1248 τὰ
1350 1186 1453 1269 μὲν
1485 1186 1620 1267 πυρὶ
1665 1184 1860 1246 λύεται
1893 1182 1965 1245 τὰ
1995 1182 2106 1246 ὅσα
2138 1183 2299 1245 ὕδατι
2339 1184 2551 1266 ἐπάγη,
2599 1181 2672 1244 τὰ
2712 1184 2776 1245 δὲ
2822 1182 3044 1257 ὕδατι,

537 1282 647 1346 ὅσα
680 1285 792 1348 ὑπὸ
825 1286 1009 1369 πυρὸς
1038 1287 1249 1371 ἐπάγη.
1330 1288 1443 1351 ὑπὸ
1477 1288 1683 1355 ὕδατος
1738 1287 1840 1369 μὲν
1888 1282 1988 1348 οὖν
2019 1285 2358 1369 λυθήσεται,
2406 1284 2515 1348 ὅσα
2561 1284 2672 1347 ὑπὸ
2719 1286 2901 1369 πυρὸς
2952 1282 3049 1346 πέ-

436 1406 500 1452 10
538 1409 719 1471 πηγεν
753 1387 951 1471 μόνου,
984 1390 1097 1452 ὑπὸ
1129 1389 1195 1451 δὲ
1225 1394 1329 1452 τοῦ
1359 1390 1537 1473 πυρὸς
1568 1391 1760 1463 πάλιν,
1808 1387 1964 1451 ὅσων
1997 1388 2152 1470 ὕδωρ
2197 1394 2303 1472 τῆς
2333 1388 2561 1471 πήξεως
2592 1386 2793 1451 αἴτιον.
2871 1389 2925 1450 εἰ
2972 1388 3044 1471 δή
3076 1402 3132 1445 ιο

536 1512 660 1553 τινα
691 1488 785 1553 ὑπ’
830 1492 1047 1574 ἀμφοῖν
1082 1493 1185 1575 μὲν
1217 1492 1573 1575 πηγνύμενα,
1620 1496 1837 1555 ταῦτα
1875 1490 2092 1554 ἄλυτα
2123 1488 2361 1554 ἔσεσθαι
2393 1492 2722 1574 μάλιστα,
2769 1492 3051 1575 πήγνυται

534 1593 599 1654 δὲ
641 1587 737 1654 ὑπ’
780 1594 1017 1677 ἀμφοῖν,
1064 1594 1175 1658 ὅσα
1214 1594 1735 1678 προθερμανθέντα
1763 1596 2009 1677 πήγνυσι
2039 1594 2104 1655 τὸ
2137 1593 2382 1677 ψυχρόν,
2441 1592 2509 1656 οὗ
2545 1595 2647 1677 τὴν
2679 1594 2861 1657 αἰτίαν
2909 1593 3046 1655 ἀπέ·

536 1696 739 1757 δωκεν.
817 1694 955 1757 ὅταν
984 1696 1092 1778 γὰρ
1127 1695 1239 1758 ὑπὸ
1271 1700 1372 1759 τοῦ
1414 1696 1637 1781 θερμοῦ
1668 1702 1783 1759 τῶν
1816 1697 1929 1759 ὑπὸ
1963 1697 2178 1781 ἀμφοῖν
2211 1696 2589 1779 πηγνυμένων
2621 1696 2944 1780 ἐξατμισθῇ
2977 1697 3043 1758 τὸ
3073 1712 3125 1753 15

538 1797 710 1881 ύγρὸν
756 1799 821 1861 τὸ
868 1799 929 1860 ἐν
976 1804 1060 1883 τῷ
1106 1800 1478 1882 πηγνυμένῳ,
1525 1801 1591 1862 τὸ
1632 1800 1856 1884 ψυχρὸν
1905 1798 2050 1880 μετὰ
2094 1803 2275 1862 ταῦτα
2318 1799 2610 1883 συνθλίβει
2655 1822 2716 1862 τε
2761 1798 2902 1862 αὐτὸ
2947 1800 3043 1862 καὶ

436 1919 493 1967 15
534 1901 721 1969 οὕτως
766 1906 991 1975 πυκνοῖ,
1039 1904 1120 1970 ὡς
1166 1902 1316 1985 μηδὲ
1361 1902 1635 1965 διδόναι
1682 1900 1839 1986 μηδ’
1897 1902 2081 1987 ὑγρῷ
2128 1900 2360 1965 δίοδόν
2405 1924 2547 1981 τινα,
2595 1904 2692 1965 καὶ
2737 1903 2832 1965 διὰ
2876 1906 3045 1965 τοῦτο

544 2000 641 2065 ὑπ’
684 2004 901 2087 ἀμφοῖν
953 2002 1136 2067 ἄλυτα
1181 2004 1253 2066 τὰ
1296 2006 1449 2067 οὕτω
1496 2004 1767 2087 παγέντα.
1840 2004 1994 2086 λέγει
2041 2005 2106 2067 δὲ
2149 2006 2242 2067 καὶ
2289 2006 2386 2068 τὸν
2427 2006 2660 2089 σίδηρον
2693 2001 2788 2065 ὑπ’
2832 2004 3048 2088 ἀμφοῖν
3075 2018 3132 2061 2⁰

535 2108 885 2189 πήγνυσθαι,
911 2112 1160 2191 ,πρῶτον
1204 2107 1317 2191 γὰρ
1362 2108 1475 2170 ὑπὸ
1518 2107 1700 2191 πυρὸς
1742 2106 1986 2169 τακέντα
2029 2106 2099 2189 (ἡ
2144 2105 2253 2189 γὰρ
2298 2106 2515 2188 γένεσις
2558 2105 2738 2169 αὐτοῦ
2784 2106 2880 2168 διὰ
2923 2107 3049 2170 τού-

536 2208 695 2291 του),
744 2207 891 2289 μετὰ
935 2213 1115 2272 ταῦτα
1161 2210 1273 2271 ὑπὸ
1320 2214 1549 2293 ψυχροῦ
1595 2210 1950 2292 πήγνυσθαι,
2000 2210 2087 2270 διὸ
2133 2209 2228 2271 καὶ
2273 2210 2384 2292 πρὸ
2432 2209 2624 2291 ὀλίγου
2670 2208 2843 2272 αὐτὸν
2889 2208 3048 2271 εἶπεν

538 2309 605 2371 ού
652 2310 967 2393 τήκεσθαι,
1021 2309 1141 2372 ἀλλ’
1198 2310 1547 2374 ἐλαύνεσθαι
1600 2312 1697 2374 καὶ
1744 2312 2172 2394 μαλάσσεσθαι.
2262 2310 2400 2373 οὐδὲ
2453 2310 2525 2373 τὰ
2571 2311 2709 2380 Εύλα
2753 2312 2818 2373 δὲ
2863 2311 3046 2394 τηκτὰ
3073 2328 3128 2369 25

430 2433 499 2479 20
535 2412 691 2475 εἶπεν
738 2412 904 2487 εἶναι,
948 2414 1100 2475 ἀλλὰ
1145 2414 1397 2481 καυστᾶ.
1454 2413 1595 2477 διότι
1642 2414 1709 2476 ἐκ
1751 2418 1860 2497 γῆς
1906 2414 2058 2475 ἐστιν
2104 2414 2200 2476 καὶ
2246 2412 2438 2497 ἀέρος,
2484 2412 2607 2476 ἀλλ’
2663 2413 2776 2499 οὐχ
2823 2414 3048 2491 ὕδατος,

536 2516 605 2580 οὖ
658 2520 897 2599 σημεῖον
952 2515 1242 2599 παρέθετο
1306 2518 1476 2580 πάλιν
1536 2518 1601 2579 τὸ
1655 2516 2010 2601 ἐποχεῖσθαι
2063 2515 2212 2578 αὐτὰ
2265 2520 2354 2601 τῷ
2412 2516 2600 2579 ὕδατι·
2671 2518 2702 2578 ό
2761 2516 2869 2600 γὰρ
2935 2518 3049 2601 ἀὴρ

535 2624 810 2689 τοιοῦτος.
864 2616 869 2703 Ι

704 2722 933 2803 [Λείπει
979 2721 1104 2784 τινὰ
1160 2724 1239 2792 ὡς
1278 2720 1638 2807 προέγραψεν
1691 2726 1767 2805 τῇ
1816 2722 2105 2805 ἐπιδρομῇ
2153 2726 2267 2783 τῶν
2313 2722 2636 2805 εἰρημένων
2683 2722 2744 2784 ἐν
2798 2727 2872 2805 τῇ
2921 2746 3004 2786 τε·
3050 2730 3153 2786 224

536 2827 717 2908 τᾶρτῃ
764 2830 880 2888 τῶν
930 2823 1465 2909 Μετεωρολογικῶν
1503 2823 1992 2910 Ἀριστοτέλους]

430 3084 496 3134 25
532 3065 667 3130 XV.
760 3066 927 3150 Περὶ
972 3070 1095 3130 τοῦ
1140 3066 1358 3129 οἱονεὶ
1405 3067 1731 3150 ἀμεροῦς.

706 3236 797 3301 Τὰ
840 3238 1015 3300 οἱονεὶ
1070 3238 1261 3322 ἀμερῆ
1316 3238 1467 3300 ἐστιν
1523 3236 1697 3320 ὅμοια
1744 3238 1969 3319 ἀμερεῖ,
2023 3236 2130 3299 οὐκ
2184 3236 2398 3320 ἀμερῆ,
2459 3236 2547 3299 ὅτι
2602 3236 2739 3321 μηδ’
2797 3238 2941 3302 ἄλλο
2997 3265 3050 3303 τι
3101 3256 3129 3297 5

536 3340 736 3423 ὅμοιόν
788 3363 894 3402 τινι
939 3340 1143 3424 ἐκείνῳ
1198 3339 1406 3403 ταύτόν
1462 3340 1635 3419 ἐστιν,
1691 3336 1741 3425 ᾧ
1788 3340 1940 3403 ἐστιν
1987 3338 2207 3422 ὅμοιον.
2299 3342 2424 3403 ἐπεὶ
2471 3339 2670 3423 ὅμοιον
2727 3342 2941 3426 ἀμερές
2983 3368 3048 3406 τε

535 3442 878 3526 φαινόμενον
926 3442 1159 3527 ἀμερές,
1205 3443 1313 3505 οὐκ
1356 3444 1589 3527 ἀμερές,
1637 3446 1719 3511 ὡς
1761 3444 1858 3506 καὶ
1905 3444 1936 3504 ὃ
1983 3441 2332 3526 φαινόμενος
2376 3444 2756 3528 συλλογισμὸς
2801 3443 2868 3506 οὐ
2916 3448 3048 3507 συλ-

534 3546 823 3629 λογισμός.
902 3544 1019 3608 ἀλλ’
1062 3546 1113 3607 εἰ
1162 3546 1241 3629 μὴ
1288 3545 1521 3629 ἀμερές,
1569 3546 1717 3630 μέρη
1764 3548 1942 3629 δῆλον
1983 3544 2072 3607 ὅτι
2115 3545 2250 3619 ἕξει,
2297 3546 2481 3615 οὕτως
2527 3547 2591 3608 δὲ
2633 3546 2800 3609 οὐδὲν
2835 3548 3049 3632 ἀμερὲς
3079 3564 3132 3607 10

430 3668 497 3717 30
534 3646 712 3712 ἔσται.
819 3653 933 3711 πᾶν
987 3650 1095 3732 γὰρ
1152 3648 1215 3710 τὸ
1270 3648 1706 3732 λαμβανόμενον
1770 3651 1945 3732 μέρος
2002 3647 2180 3711 αὐτοῦ
2237 3650 2333 3711 καὶ
2395 3648 2536 3711 αὐτὸ
2597 3650 2770 3712 οἱονεὶ
2833 3652 3048 3734 ἀμερὲς

535 3750 697 3815 ἔσται
741 3755 824 3835 τῷ
874 3752 939 3813 τὸ
986 3750 1131 3813 εἶναι
1184 3754 1271 3835 τῷ
1317 3751 1615 3835 λεγομένῳ
1663 3750 1873 3835 ἀμερεῖ
1915 3751 1974 3813 ἐν
2020 3754 2108 3833 τῷ
2154 3751 2329 3813 οἱονεὶ
2377 3750 2589 3834 ἀμερεῖ
2628 3751 2792 3829 εἶναι,
2839 3772 2880 3813 κ
2926 3775 2965 3814 -x
3011 3774 3052 3813 κ

536 3854 597 3918 εἴ
631 3878 695 3937 γε
742 3853 837 3916 διὰ
877 3853 1081 3916 τούτου
1112 3853 1463 3916 ἀπολύονται
1496 3854 1560 3916 τὸ
1594 3856 1677 3937 μὴ
1721 3854 2058 3935 συγκεῖσθαι
2089 3853 2149 3922 ἐξ
2187 3854 2423 3937 ἀμερῶν
2455 3852 2520 3915 τὸ
2555 3854 2819 3935 μέγεθος.
2896 3857 2950 3919 εἰ
2988 3859 3052 3919 δὲ
3082 3872 3132 3914 15

460 4030 467 4038 ¹
530 3958 687 4040 λέγοι
730 3980 813 4025 τις
857 3956 999 4019 αὐτὸ
1046 3956 1222 4019 οἱονεὶ
1254 3956 1521 4038 μέγεθος,
1566 3957 1736 4019 πάλιν
1783 3956 1852 4019 οὐ
1886 3954 2132 4039 μέγεθος
2179 3953 2362 4019 ἔσται.
2431 3956 2486 4017 εἰ
2530 3958 2594 4018 δὲ
2639 3961 2752 4019 πᾶν
2801 3956 3048 4040 μέγεθος

534 4058 831 4145 μεριστόν,
885 4060 951 4122 τὸ
998 4060 1175 4121 οἱονεὶ
1222 4057 1470 4141 μέγεθος
1514 4059 1729 4143 ἀμερὲς
1774 4056 1934 4122 ἔσται
1979 4063 2056 4141 τῇ
2105 4059 2282 4121 αὑτοῦ
2328 4058 2517 4142 φύσει.
2609 4059 2660 4121 εἰ
2707 4056 2755 4121 δ’
2815 4060 3046 4145 ἀμερές,

426 4180 493 4229 35
529 4160 596 4223 ἐκ
638 4166 745 4245 τῆς
789 4165 905 4223 τῶν
952 4162 1187 4245 ἀμερῶν
1237 4160 1569 4230 συνθέσεως
1614 4160 1776 4224 ἔσται
1821 4161 1896 4223 τὰ
1942 4160 2185 4244 μεγέθη.
2275 4162 2328 4223 εἰ
2374 4162 2439 4224 δὲ
2469 4159 2622 4243 λέγει
2654 4184 2738 4230 τις
2769 4163 2835 4225 τὸ
2869 4165 3044 4227 οἱονεὶ
3072 4181 3128 4223 2⁰

428 4442 459 4493 2
492 4458 569 4511 pr.
606 4440 736 4511 τῶν]
776 4447 821 4493 ὦ
857 4442 915 4494 in
952 4442 1032 4494 lit.
1072 4446 1118 4495 V
1322 4449 1426 4495 τῶν
1464 4458 1565 4495 om.
1602 4462 1635 4495 a
1670 4446 1759 4512 Sp.
1962 4444 1997 4495 4
2033 4445 2121 4496 καὶ
2156 4442 2353 4497 τούτων
2391 4446 2454 4498 τὰ
2481 4446 2616 4499 Vict.
2821 4446 2851 4497 ‘¹1'
2889 4444 3065 4517 θερμῷ
3099 4466 3154 4500 τε

426 4531 511 4582 καὶ
547 4530 729 4602 ψυχρῷ
756 4544 885 4582 corr.
912 4532 967 4583 in
996 4532 1175 4603 ψυχρῷ
1202 4551 1256 4584 τε
1294 4534 1377 4585 καὶ
1402 4530 1581 4602 θερμῷ
1608 4536 1656 4583 V
1825 4530 1857 4582 9
1894 4530 2167 4603 λύθησεται
2191 4537 2242 4584 V
2428 4534 2486 4585 ll
2530 4533 2620 4602 μὲν
2647 4532 2810 4585 Vict.:
2851 4534 2926 4604 μὴ
2961 4534 3084 4587 libri

431 4618 493 4669 18
527 4615 803 4687 πήγνεσθαι
839 4622 890 4669 V
1066 4619 1127 4671 21
1170 4619 1290 4690 ἀὴρ]
1332 4620 1397 4690 ἀη
1437 4621 1495 4671 in
1534 4620 1611 4671 lit.
1640 4624 1688 4671 V
1870 4619 1936 4671 23
1973 4624 2038 4690 τῇ
2077 4619 2344 4693 ἐπιδρομῇ]
2394 4620 2634 4691 ἐπιδρομὴ
2663 4624 2752 4687 Sp.
2933 4623 3000 4675 24
3031 4618 3156 4693 Ἀρι-

428 4704 707 4773 στοτέλους]
748 4704 927 4775 ἀτελής
965 4707 1105 4758 Vict.
1285 4707 1350 4758 27
1390 4706 1517 4775 ἐπεὶ]
1570 4706 1643 4758 ἔτι
1679 4707 1721 4758 εἰ
1759 4709 1896 4759 coni.
1936 4709 2024 4775 Sp.
2065 4710 2196 4761 bene
2374 4708 2552 4778 ἀμερές
2589 4707 2664 4776 τε]
2705 4708 2881 4779 ἀμερεῖ
2911 4708 2971 4761 τὸ
3019 4712 3154 4763 coni.

426 4792 511 4857 Sp.
541 4792 671 4845 bene
815 4792 881 4845 28
922 4793 1145 4847 fortasse
1180 4793 1261 4858 <τὸ
1299 4796 1597 4865 φαινόμενον
1624 4794 1824 4865 ἀμερὲς>
1863 4794 1958 4847 οὒκ
2102 4795 2165 4848 31
2209 4796 2446 4849 lacunam
2486 4796 2717 4849 indicavi
2863 4796 2930 4849 33
2968 4796 3026 4849 οὗ
3053 4816 3086 4849 a

428 4877 493 4931 35
528 4879 677 4933 οἱονεὶ
716 4882 833 4948 Sp.:
880 4880 985 4933 οἶον
1022 4881 1141 4935 libri

2661 4970 2754 5037 8*
