3684 5567
1361 225 1522 282 ΠΕΡΙ
1563 225 2033 284 ΕΙΜΑΡΜΕΝΗΣ
2072 231 2279 284 27—29
3062 234 3183 298 199

567 425 681 464 ται.
769 404 864 465 καὶ
909 402 1006 466 ἐπὶ
1061 403 1164 483 μὲν
1210 406 1326 464 τῶν
1372 401 1543 485 φύσει
1590 406 1824 487 πρώτας
1868 405 1970 472 τὰς
2014 403 2159 473 ἕξεις
2190 407 2544 490 κτησάμενοι
2589 407 2775 476 οὕτως
2819 406 3076 489 ἐνεργοῦ·
3106 421 3158 464 15

569 528 672 586 μεν
719 503 844 568 κατ’
899 505 1080 575 αὐτάς
1120 505 1222 590 (οὐ
1266 505 1376 589 γὰρ
1423 505 1638 576 ἰδόντες
1683 508 1964 576 πολλάκις
2008 508 2114 590 τὴν
2148 510 2419 592 ὁρατικὴν
2451 509 2563 578 ἕξιν
2596 509 2897 590 κτώμεθα,
2942 507 3062 572 ἀλλ’

567 604 804 692 ἔχοντες
847 609 1030 693 αὐτὴν
1075 609 1262 678 οὕτως
1307 607 1590 693 ὁρῶμεν),
1634 610 1732 672 ἐπὶ
1779 611 1845 673 δὲ
1888 614 2003 672 τῶν
2050 609 2119 673 οὖ
2160 611 2330 694 φύσει
2376 611 2443 674 ἐκ
2476 618 2589 674 τῶν
2622 610 2925 694 ἐνεργειῶν
2971 611 3073 678 τὰς

571 709 716 780 ἕξεις
760 712 1062 794 κτώμεθα.
1152 711 1220 774 οὐ
1267 712 1378 796 γὰρ
1426 710 1622 782 ἄλλως
1665 712 1881 776 τέκτων
1924 737 2007 782 τις
2052 712 2143 789 ἂν,
2168 713 2390 795 γένοιτο
2423 715 2505 796 μὴ
2538 715 2813 781 πολλάκις
2843 711 3073 794 ἐνεργή-

489 833 522 880 5
561 833 665 882 σας
710 813 812 883 τὰς
857 819 960 877 τοῦ
1004 815 1270 882 τέκτονος
1315 815 1602 899 ἐνεργείας
1647 815 1796 879 κατὰ
1839 815 1941 884 τὰς
1986 817 2291 900 ὑποθήκας
2321 822 2423 879 τοῦ
2455 817 2842 883 διδάσκοντος.
2917 813 3057 876 ὥστ’
3096 831 3151 872 9⁰

568 916 696 979 ἐπεὶ
742 919 839 980 καὶ
883 917 986 986 τὰς
1033 917 1240 1001 ἀρετὰς
1283 918 1470 986 οὕτως
1515 919 1796 1000 κτώμεθα
1863 918 2256 1002 (ἐνεργοῦντες
2318 919 2426 1002 γὰρ
2482 921 2577 981 καὶ
2621 918 2693 981 τὰ
2739 915 3071 1001 σωφρονικὰ

564 1018 847 1104 γινόμεθα
889 1019 1240 1103 σώφρονες),
1307 1020 1412 1083 οὐκ
1481 1019 1548 1082 ἂν
1594 1023 1734 1104 ἡμῖν
1782 1022 2097 1106 ὑπάρχοιεν
2142 1022 2332 1106 φύσει.
2422 1023 2474 1086 οἱ
2522 1023 2587 1086 δὲ
2638 1023 2957 1106 φάσκοντες
3000 1018 3060 1088 ἐξ
3105 1028 3340 1080 XXVIII

557 1120 813 1206 ἀνάγκης
857 1124 1014 1205 ἡμᾶς
1058 1122 1208 1185 εἶναί
1247 1145 1310 1184 τε
1354 1125 1450 1186 καὶ
1495 1124 1752 1204 γίνεσθαι
1796 1125 2113 1200 τοιούτους,
2181 1126 2276 1188 καὶ
2336 1126 2419 1208 μὴ
2476 1123 2883 1191 καταλιπόντες
2927 1125 3065 1205 ἡμῖν
3094 1140 3149 1182 25

557 1223 660 1305 τὴν
706 1223 966 1294 ἐξουσίαν
1013 1227 1114 1286 τοῦ
1163 1227 1342 1286 ταῦτα
1385 1225 1654 1308 πράττειν
1679 1204 1762 1289 ’τε
1805 1227 1901 1289 καὶ
1950 1227 2054 1308 μή,
2099 1223 2172 1288 δι’
2229 1229 2310 1290 ὧν
2359 1226 2427 1289 ἂν
2458 1230 2705 1289 τοιοῦτοι
2734 1225 3063 1308 γενοίμεθα,

462 1347 528 1394 10
565 1327 662 1390 καὶ
707 1326 801 1389 διὰ
847 1330 1016 1390 τοῦτο
1065 1327 1215 1409 μήτε
1257 1329 1378 1393 τοῖς
1421 1333 1621 1396 κακοῖς
1685 1328 2006 1411 γινομένοις
2058 1328 2266 1397 ἐξεῖναι
2312 1329 2393 1412 μὴ
2454 1333 2629 1392 ταῦτα
2672 1329 2960 1410 πράττειν,
3028 1327 3066 1390 ἃ

557 1431 902 1513 πράττοντες
944 1429 1190 1510 γίνονται
1235 1433 1504 1504 τοιοῦτοι,
1575 1432 1724 1514 μήτε
1767 1435 1889 1498 τοῖς
1934 1431 2196 1511 ἀγαθοῖς,
2263 1435 2389 1500 πῶς
2442 1431 2573 1515 οὐχ·
2602 1429 3060 1513 ὁμολογήσουσιν
3087 1446 3145 1487 ao

556 1533 824 1595 κάκιστον
870 1531 1162 1613 γεγονέναι
1205 1535 1321 1592 τῶν
1369 1527 1538 1616 ζῴων
1586 1532 1856 1595 ἁπάντων
1904 1534 2015 1596 ὑπὸ
2062 1538 2165 1616 τῆς
2210 1534 2439 1618 φύσεως
2472 1536 2567 1597 τὸν
2600 1533 2931 1617 ἄνθρωπον,
2978 1529 3050 1593 δι’

555 1633 618 1697 ὅν
663 1654 840 1717 φασιν
885 1635 1072 1697 πάντα
1115 1632 1300 1696 τᾶλλα
1343 1633 1612 1714 γενέσθαι
1679 1637 1760 1703 ὡς
1806 1636 2225 1699 συντελέσαντα
2278 1638 2421 1721 πρὸς
2474 1637 2578 1718 τὴν
2623 1635 2827 1699 τούτου
2874 1654 3061 1715 σωτη-

550 1738 702 1818 ρίαν;
749 1738 802 1800 εἰ
845 1736 956 1820 γὰρ
999 1737 1038 1819 ἡ
1088 1735 1190 1818 μὲν
1237 1735 1416 1819 ἀρετή
1463 1759 1526 1798 τε
1571 1738 1666 1799 καὶ
1711 1739 1750 1819 ἡ
1797 1738 1971 1801 κακία
2017 1739 2185 1821 μόναι
2214 1738 2342 1802 κατ’
2388 1739 2639 1820 Ιαύτοὺς
2681 1739 2720 1820 ἡ
2770 1737 2873 1818 μὲν
2918 1737 3057 1819 ἀγα·
3094 1743 3166 1798 90

455 1857 518 1906 15
555 1838 682 1912 θόν,
728 1838 767 1921 ἢ
815 1839 880 1902 δὲ
923 1837 1120 1912 κακόν,
1167 1839 1264 1900 καὶ
1308 1837 1476 1900 οὐδὲν
1519 1843 1636 1901 τῶν
1683 1839 1877 1902 ἄλλων
1925 1839 2093 1924 ζῴων
2140 1841 2446 1926 οὐδετέρου
2490 1839 2708 1904 τούτων
2753 1840 2907 1903 ἐστὶν
2939 1839 3057 1901 ἐπι-

555 1943 836 2016 δεκτικόν,
882 1946 998 2004 τῶν
1044 1941 1108 2003 δὲ
1155 1940 1484 2024 ἀνθρώπων
1532 1941 1588 2003 οἱ
1633 1944 1894 2004 πλεῖστοι
1939 1944 2124 2018 κακοί,
2185 1947 2404 2026 μᾶλλον
2452 1943 2515 2005 δὲ
2560 1943 2781 2024 ἀγαθὸς
2828 1941 2930 2024 μὲν
2976 1942 3061 2010 εἷς

549 2045 586 2127 ἢ
634 2044 900 2127 δεύτερος
947 2041 1050 2106 ὑπ’
1105 2042 1297 2105 αὐτῶν
1342 2043 1635 2125 γεγονέναι
1681 2045 2017 2127 μυθεύεται,
2064 2047 2263 2128 ὥσπερ
2308 2069 2360 2108 τι
2408 2045 2728 2128 παράδοξον
2776 2047 2928 2127 ζῷον
2960 2044 3056 2106 καὶ
3110 2061 3137 2104 5

548 2147 703 2230 παρὰ
757 2147 926 2230 φύσιν
995 2147 1388 2228 σπανιώτερον
1433 2150 1536 2208 τοῦ
1582 2148 1835 2229 φοίνικος
1880 2153 1982 2210 τοῦ
2038 2147 2172 2233 παρ’
2234 2147 2527 2231 Αἰθίοψιν,
2594 2147 2647 2208 οἱ
2716 2146 2781 2208 δὲ
2847 2147 3057 2214 πάντες

556 2250 722 2312 κακοὶ
767 2250 862 2312 καὶ
907 2247 1110 2332 ἐπίσης
1155 2247 1430 2330 ἀλλήλοις
1475 2253 1743 2324 τοιοῦτοι,
1791 2253 1871 2318 ὡς
1919 2251 2099 2334 μηδὲν
2146 2251 2435 2334 διαφέρειν
2466 2249 2641 2312 ἄλλον
2673 2247 2877 2322 ἄλλου,
2925 2250 3053 2330 μαί-

438 2373 506 2418 20
543 2354 748 2416 νεσθαι
791 2353 856 2414 δὲ
901 2351 1120 2433 ὁμοίως
1165 2351 1381 2418 πάντας
1450 2349 1578 2413 ὅσοι
1623 2353 1706 2434 μὴ
1755 2355 1948 2434 σοφοί,
2014 2357 2142 2421 πῶς
2186 2352 2293 2415 οὐκ
2340 2351 2407 2415 ἂν
2474 2353 2835 2414 ἀθλιώτατον
2898 2355 3053 2435 ζῴον

543 2457 813 2519 ἁπάντων
861 2457 892 2518 ὁ
940 2453 1250 2536 ἅνθρωπος
1295 2451 1411 2537 εἴη,
1457 2450 1616 2537 ἔχων
1665 2454 1766 2535 τήν
1813 2477 1875 2515 τε
1918 2455 2121 2518 κακίαν
2168 2456 2266 2517 καὶ
2309 2455 2376 2517 τὸ
2425 2455 2733 2538 μαίνεσθαι
2778 2455 3049 2536 σύμφυτα
3079 2471 3133 2513 ιο

543 2559 702 2642 αὑτῷ
752 2559 848 2621 καὶ
894 2555 1450 2639 συγκεκληρωμένα;
1522 2555 1673 2618 ἀλλὰ
1716 2557 1782 2617 τὸ
1831 2557 1935 2636 μὲν
2002 2556 2103 2623 τὰς
2148 2556 2635 2639 παραδοξολογίας
2690 2555 2883 2618 αὐτῶν
2950 2555 3052 2622 τὰς

542 2661 602 2722 ἐν
650 2666 768 2728 τοῖς
813 2659 1090 2742 δόγμασιν
1154 2657 1458 2730 ἐξετάζειν,
1525 2657 1598 2720 δι’
1655 2660 1738 2720 ὧν
1795 2660 1937 2742 πρὸς
2003 2659 2237 2742 τάληθῆ
2306 2661 2717 2742 διαφωνοῦσιν,
2783 2661 3049 2720 πλεῖστον

542 2762 922 2846 παραιτητέον
990 2764 1092 2822 τοῦ
1138 2763 1256 2835 νῦν,
1325 2760 1623 2823 ἐπανιτέον
1670 2762 1733 2824 δὲ
1778 2761 1918 2826 ὅθεν
1964 2759 2420 2846 ἐξετραπόμεθα.
2512 2761 2805 2843 ἐδείξαμεν
2852 2762 2916 2823 δὲ
2962 2759 3049 2821 ὅτι
3078 2777 3129 2817 15
3174 2766 3363 2821 XXIX

433 2885 500 2932 25
542 2866 726 2932 οὕτως
772 2863 864 2926 ἐπ’
920 2849 1083 2946 αὐτῷ
1133 2867 1218 2947 τῷ
1265 2861 1533 2946 φρονίμῳ
1601 2865 1667 2926 τὸ
1713 2863 1861 2927 εἶναι
1906 2864 2173 2948 τοιούτῳ,
2242 2865 2330 2927 ὅτι
2390 2869 2494 2948 τῆς
2564 2864 2827 2945 τοιαύτης
2874 2862 3052 2933 ἕξεως

537 2970 631 3030 καὶ
691 2973 795 3051 τῆς
862 2966 1128 3048 κτήσεως
1192 2965 1375 3049 αὐτῆς
1420 2965 1594 3032 αὐτὸς
1638 2965 1818 3035 αἴτιος
1885 2970 1969 3049 τῷ
2029 2968 2125 3030 καὶ
2176 2971 2277 3030 τοῦ
2334 2967 2417 3048 μὴ
2470 2965 2740 3047 γενέσθαι
2792 2970 3049 3032 τοιοῦτος

535 3067 692 3154 ἔχειν
759 3071 1038 3154 πρότερον
1107 3069 1210 3151 τὴν
1254 3067 1534 3136 ἐξουσίαν.
1625 3069 1729 3150 τὴν
1777 3069 1883 3151 μὲν
1926 3067 2029 3130 οὖν
2074 3069 2186 3137 ἕξιν
2234 3067 2437 3151 μηκέτ’
2494 3066 2624 3152 ἔχει
2668 3072 2748 3136 ὡς
2793 3067 2887 3130 ἐπ’
2942 3067 3043 3132 αι’)-
3071 3084 3129 3126 20
3220 3069 3227 3076 ‘

533 3177 621 3257 τῷ
666 3172 899 3256 (ὥσπερ
944 3171 1080 3235 οὐδὲ
1143 3175 1228 3254 τῷ
1274 3171 1450 3233 αὑτὸν
1497 3171 1613 3234 ἀπὸ
1661 3171 1841 3254 ὕψους
1886 3172 2087 3255 ἀφέντι
2132 3173 2197 3234 τὸ
2257 3176 2457 3255 στῆναι
2506 3171 2689 3234 καίτοι
2733 3177 2836 3233 τοῦ
2883 3172 3049 3256 ῥῖψαί

535 3299 597 3338 τε
639 3275 737 3338 καὶ
785 3275 868 3357 μὴ
914 3274 1018 3356 τὴν
1064 3272 1324 3341 ἐξουσίαν
1368 3270 1614 3358 ἔχοντι),
1683 3273 1776 3336 ἐπ’
1830 3273 1995 3358 αὐτῷ
2044 3275 2109 3337 δὲ
2152 3277 2267 3337 τῶν
2314 3274 2617 3357 ἐνεργειῶν
2664 3273 2746 3336 ὧν
2792 3274 2896 3357 τὴν
2928 3273 3041 3342 ἕξιν

427 3399 498 3446 3ο
535 3378 694 3462 ἔχων
740 3377 964 3460 ἐνεργεῖ
1005 3377 1101 3438 καὶ
1148 3377 1232 3458 μὴ
1266 3377 1510 3460 ποιῆσαί
1534 3398 1676 3438 τινα.
1752 3377 1849 3438 καὶ
1894 3375 2002 3459 γὰρ
2046 3375 2098 3438 εἰ
2142 3375 2230 3438 ὅτι
2278 3377 2525 3456 μάλιστα
2568 3373 2805 3458 εὔλογον
2850 3377 2915 3438 τὸ
2948 3377 3043 3438 τὸν

534 3479 810 3566 φρόνιμον
842 3477 996 3563 <τὰς>
1027 3477 1176 3541 κατὰ
1204 3479 1302 3540 τὸν
1333 3476 1502 3559 λόγον
1549 3479 1643 3540 καὶ
1689 3479 1794 3561 τὴν
1837 3477 2117 3562 φρόνησιν
2162 3478 2449 3561 ἐνεργείας
2494 3479 2765 3562 ἐνεργεῖν,
2814 3483 3042 3561 πρῶτον
3070 3496 3123 3538 25

532 3583 636 3667 μὲν
681 3583 796 3668 οὐχ
841 3580 1177 3665 ὡρισμένως
1222 3579 1354 3644 αἵδε
1397 3580 1546 3648 τινὲς
1589 3584 1848 3642 τοιαῦται
1893 3580 1932 3661 ἢ
1980 3580 2155 3664 μέχρι
2198 3583 2367 3644 τοῦδε
2421 3579 2844 3662 ἐνεργούμεναι,
2910 3578 3032 3642 ἀλλ’

425 3835 448 3884 1
492 3837 697 3900 πρῶτας
739 3831 818 3880 2¹:
874 3828 934 3880 οὒ
971 3835 1176 3900 πρῶτον
1225 3827 1613 3880 Schulthessius
1908 3829 1938 3880 6
1990 3832 2110 3898 post
2158 3828 2250 3899 γὰρ
2303 3828 2420 3880 add.
2468 3829 2530 3880 τὰ
2576 3827 2741 3881 δίκαια
2794 3828 3037 3906 γινόμεθα
3082 3829 3147 3882 δι’-

419 3954 556 3988 καιοι
592 3935 662 3987 13²
880 3934 944 3986 lo
979 3935 1245 4003 γενομένης
1280 3933 1352 3985 8²:
1400 3933 1684 4001 γενομένοις
1720 3933 1835 3985 Cas.
1876 3936 1921 3985 O
2139 3952 2209 4002 μη
2246 3921 2405 3985 ταῧτα
2442 3935 2519 3986 sic
2557 3938 2602 3984 V
2824 3935 2887 3986 13
2924 3933 3150 3986 συντελέ-

419 4039 572 4076 σοντα
609 4026 656 4074 Η
706 4023 863 4089 Casp.
901 4025 946 4075 Ο
1218 4021 1281 4073 17
1337 4021 1556 4073 fortasse
1605 4020 1834 4087 δεύτερός
1876 4023 1992 4084 <τις>
2266 4019 2538 4089 μηθεύεται
2584 4021 2639 4073 a²
2903 4021 2965 4072 21
3024 4023 3147 4074 πάν-

419 4129 525 4163 των
563 4109 640 4162 a¹²
889 4109 956 4160 22
1002 4111 1066 4161 τὰ
1104 4115 1195 4176 μὲν
1237 4108 1292 4159 8²
1539 4110 1674 4176 παρὰ
1713 4107 1720 4176 Ι
1762 4111 1851 4165 τὰς
1900 4107 2183 4176 δοξολογίας
2224 4109 2297 4160 m¹
2342 4124 2469 4161 corr.
2508 4111 2560 4160 in
2601 4108 2691 4164 τὰς
2726 4107 3147 4179 παραδοξολογίας

415 4203 484 4249 v=
539 4198 630 4255 τὰς
675 4196 856 4267 παραδ.
899 4197 1042 4249 113²:
1097 4198 1232 4267 παρὰ
1276 4198 1366 4254 τὰς
1411 4195 1698 4267 δοξολογίας
1745 4196 1847 4249 ⁸¹²:
1904 4197 2040 4266 παρὰ
2086 4215 2130 4248 τ.
2179 4195 2221 4248 δ.
2275 4197 2575 4248 Schulthess
2836 4197 2901 4247 24
2959 4196 3143 4265 ἐπανη-

417 4287 530 4339 τέον
567 4287 623 4338 a²
853 4290 941 4338 τοῦ
987 4288 1100 4351 νῦν]
1143 4286 1310 4338 τοίνυν
1351 4290 1424 4338 Ει
1480 4286 1544 4337 τὰ
1592 4287 1645 4350 (ὰ
1683 4287 1738 4337 in
1777 4285 1875 4346 lit..)
1919 4289 2006 4335 νῦν
2050 4287 2094 4336 Β
2343 4282 2620 4352 ἐδείξαμεν]
2668 4283 2733 4335 cf.
2776 4283 3019 4350 197,2sq.

419 4373 486 4426 25
543 4370 706 4430 οὕτως
753 4373 852 4426 del.
889 4373 962 4425 13²
1245 4375 1390 4437 (ἐστὶ)
1433 4373 1493 4426 τὸ
1535 4371 1606 4425 13²
1856 4370 1954 4440 ὅτι]
2004 4371 2226 4424 fortasse
2266 4371 2336 4428 ὡς
2584 4369 2738 4432 ἕξεως
2784 4372 2855 4422 m¹
2903 4385 3031 4422 corr.
3078 4387 3143 4423 ex
3204 4425 3213 4434 ,

416 4460 687 4520 ἐξετάσεως
726 4464 788 4512 V:
827 4459 1100 4521 ἐξετάσεως
1137 4460 1340 4512 B¹Ka¹²
1377 4461 1493 4512 Cas.
1532 4460 1727 4513 Lond.:
1766 4457 1920 4520 ἕξεως
1955 4459 2175 4512 B²HEO
2393 4459 2457 4509 26
2514 4457 2665 4515 αὐτὸς
2708 4472 2807 4509 om.
2848 4455 2894 4510 Ο

415 4553 506 4600 τοῦ
549 4551 662 4601 HO:
701 4548 758 4600 τὸ
798 4548 904 4601 Va²
1117 4548 1180 4599 27
1239 4548 1394 4619 ἔχειν]
1435 4553 1570 4617 σχεῖν
1611 4548 1809 4600 Gercke
2012 4546 2116 4616 ἔχει
2157 4546 2369 4616 scripsi:
2426 4545 2559 4617 ἔχειν
2604 4545 2723 4596 libri
2940 4543 3011 4602 ὡς
3056 4541 3139 4596 ἐπ’

415 4635 570 4687 Ἴδης
609 4631 686 4688 ἐπ’
725 4636 889 4687 Lond.
930 4638 990 4687 0:
1049 4634 1144 4687 οὐκ
1182 4637 1255 4698 (in
1293 4636 1392 4698 lit.)
1429 4634 1489 4686 ἐπ
1525 4634 1595 4686 13²
1633 4636 1770 4686 coni.
1811 4638 1874 4688 O:
1932 4630 2119 4704 μηκέτ’
2160 4633 2223 4685 ἐπ
2259 4633 2413 4700 Casp.
2451 4635 2496 4686 O
2730 4630 2797 4684 28
2853 4630 2949 4682 ὒπὸ
2989 4635 3033 4685 Ο

417 4722 627 4791 ρίψΙΙΙαι
664 4727 713 4774 V
951 4721 1016 4772 29
1072 4717 1157 4774 ἐπ’
1197 4721 1339 4789 αὐτῷ
1377 4721 1594 4788 scripsi:
1651 4721 1774 4784 (ἐπὶ)
1811 4727 1889 4776 τῶ
1928 4721 2148 4775 Gercke:
2207 4719 2287 4774 ἐπ’
2323 4719 2493 4772 αὐτῶν
2534 4719 2651 4772 libri
2852 4717 2922 4770 30
2958 4720 3144 4789 ἐνεργεῖ

415 4805 498 4866 ἐπ’
543 4807 684 4882 αὐτῷ
730 4810 815 4861 καὶ
864 4809 932 4863 Β2
1130 4809 1192 4860 31
1242 4809 1334 4871 τὰς
1369 4808 1486 4860 add.
1526 4807 1596 4866 13³
