3684 5567
595 241 671 281 XX
1754 236 2147 289 PRAEFATIO

495 406 544 469 G
757 408 905 473 Alia
948 408 1057 474 via
1099 428 1179 475 ex
1224 410 1471 475 Veneto
1519 409 1646 474 258
1690 408 1994 493 descripti
2050 413 2198 474 sunt
2241 407 2637 475 Murmmrsm
2681 409 2985 476 Es‘mnsxs
3029 408 3128 475 111
3173 408 3232 475 G
3259 412 3298 474 6

595 526 735 591 cod.
792 527 1169 595 chartaceus
1219 527 1515 594 foliorum
1572 529 1702 593 400
1762 528 1866 611 (ut
1907 528 2284 595 adnotatum
2329 535 2430 594 est
2481 526 2550 595 in
2593 551 2657 613 p.
2693 530 2762 611 1)
2825 529 3106 595 numeris
3173 550 3298 595 non

594 645 1009 733 signatorum,
1055 668 1221 715 saec.
1253 648 1615 715 XV—XVI
1662 647 1968 733 scriptus;
2013 646 2297 713 continet
2339 654 2488 731 post
2514 648 2868 715 Alexandri
2915 657 3300 715 commenta·

594 764 755 831 rium
798 767 865 831 in
908 767 1273 835 Aristotelis
1319 770 1419 835 De
1462 788 1655 834 sensu
1698 774 1764 833 et
1808 766 2032 833 sensili
2077 774 2144 833 et
2174 767 2384 833 Procli
2429 768 2751 835 elementa
2795 768 3068 854 physica
3097 768 3300 847 Quae-

592 885 833 952 stiones
875 893 943 953 et
985 886 1215 954 librum
1248 888 1342 953 De
1384 887 1541 953 fato.
1640 893 1994 971 sequuntur
2048 887 2153 952 Ps.
2197 886 2550 953 Alexandri
2601 888 3003 972 aliorumque
3054 888 3302 973 proble-

591 1012 769 1071 mata
810 1006 1013 1073 varia.

488 1125 536 1190 F
761 1127 1253 1194 Nsffommrms
1311 1127 1406 1192 111
1462 1128 1519 1192 D
1568 1128 1649 1195 12
1714 1126 2093 1193 chartaceus
2143 1123 2254 1191 fol.
2291 1128 2416 1192 109
2481 1126 2816 1193 absolutus
2881 1134 2980 1193 est
3043 1128 3152 1194 die
3193 1129 3298 1194 27.

586 1246 827 1311 mensis
866 1246 1043 1313 Junii
1076 1246 1261 1330 1523,
1305 1255 1377 1312 ut
1421 1253 1691 1313 testatur
1736 1265 1966 1313 manus
1995 1245 2240 1311 librarii
2267 1246 2499 1329 Angeli
2531 1245 2954 1313 Constantini.
3044 1254 3304 1330 praeter

587 1362 1013 1442 Quaestiones
1054 1366 1215 1433 nihil
1258 1366 1557 1433 continet.
1636 1340 1725 1432 ef.
1772 1366 2055 1452 Cyrinus
2095 1366 2181 1451 11,
2213 1364 2357 1433 384.

486 1484 529 1548 S
756 1486 1052 1551 Vnnn‘rus
1132 1485 1511 1551 MARcusz
1591 1486 1869 1571 append.
1937 1486 2016 1551 A.
2059 1485 2170 1569 IV,
2244 1485 2383 1552 cod.
2431 1484 2496 1549 X
2561 1484 2940 1551 chartaceus
3011 1484 3122 1551 fol.
3176 1488 3296 1553 141

585 1622 753 1670 saec.
809 1604 1235 1671 XVI—XVII
1302 1606 1585 1672 continet
1650 1612 1803 1673 ante
1847 1603 2082 1671 Galeni
2147 1602 2552 1671 definitiones
2617 1602 2900 1669 medicas
2944 1604 3297 1671 Alexandri

586 1721 1010 1801 Quaestiones
1056 1730 1121 1789 et
1164 1726 1264 1790 Do
1315 1725 1469 1791 fate.
1568 1727 1841 1811 scriptus
1896 1731 1994 1791 est
2045 1728 2132 1809 τῷ
2175 1722 2388 1807 εὐφυεῖ
2436 1723 2532 1785 καὶ
2585 1722 2900 1806 ἐλευθέρου
2951 1727 3302 1811 τετυχηκότι

584 1846 817 1929 ἀγωγῆς
860 1844 1140 1930 νεανίσκῳ
1179 1842 1475 1932 Ἀντωνίῳ
1519 1851 1607 1931 τῷ
1656 1850 1759 1910 τοῦ
1805 1847 2281 1929 μεγαλοπρεποῦς
2325 1843 2551 1911 ἱππέως
2575 1841 2902 1907 Ἀλοεισίου
2937 1843 3298 1911 Μοκαινίκοο

580 1964 997 2047 (Mecenigo).
2775 1944 2783 1951 ⁴

480 2082 528 2145 L
756 2084 1278 2149 anononnnffls
1322 2084 1461 2150 cod.
1508 2084 1890 2151 chartaceus
1930 2083 2040 2150 fol.
2075 2085 2219 2149 104.
2317 2082 2636 2163 „Primum
2680 2084 2767 2149 ad
2796 2084 3150 2151 Zenohium
3177 2086 3298 2152 Ac-

582 2202 882 2269 ciaiolum
912 2204 1354 2271 Florentinum
1400 2203 1643 2269 ordinis
1684 2204 2202 2288 praedicatorum
2246 2203 2352 2269 die
2401 2203 2480 2267 14
2519 2204 2802 2269 Ianuarii
2837 2206 3022 2315 14973
3070 2214 3300 2290 postea

580 2331 796 2391 autem
839 2324 926 2390 ad
971 2326 1281 2391 Ioannem
1326 2323 1711 2390 Sambucum
1759 2325 1946 2403 1536,
2000 2333 2070 2390 ut
2111 2323 2236 2408 ipsi
2280 2324 2545 2408 propria
2587 2344 2780 2389 manu
2823 2323 2912 2388 ibi
2957 2333 3297 2412 testantur,

572 2444 735 2509 olim
782 2444 1121 2528 pertinuit“
1172 2445 1251 2510 cf.
1295 2444 1527 2510 Nessel
1574 2444 1680 2527 IV,
1709 2445 1807 2510 18.

748 2563 839 2647 (G
870 2563 1131 2649 passim,
1175 2564 1279 2631 Fs
1312 2581 1551 2645 magna
1593 2581 1677 2629 ex
1706 2570 1892 2647 parte
1935 2564 2076 2649 ipse
2105 2562 2367 2647 contuli,
2411 2562 2464 2627 L
2508 2568 2714 2628 totum
2743 2562 3015 2628 contulit
3043 2564 3296 2631 Mekler

578 2680 1147 2768 vindobonensis.)

747 2801 1127 2869 Communia
1170 2808 1319 2868 sunt
1360 2802 1462 2868 his
1508 2801 1687 2868 libris
1729 2802 1922 2869 haec:
1995 2804 2064 2869 in
2109 2802 2404 2869 omnibus
2451 2801 2919 2887 problematum
2962 2802 3292 2888 inscriptio

576 2928 730 2988 ante
784 2922 1093 2988 moralem
1146 2921 1377 2987 librum
1422 2921 1628 3005 periit.
1716 2922 1952 2989 deinde
2002 2922 2069 2989 in
2121 2922 2310 2989 tertio
2363 2922 2526 2989 libro
2579 2930 2726 3007 post
2771 2922 2958 2992 οὕτως
2999 2924 3296 3009 (103,21)

578 3041 867 3109 inserunt
909 3040 1036 3106 καθ’
1072 3039 1171 3111 οὓς
1213 3041 1276 3124 (ὃ
1321 3042 1405 3110 εἰς
1436 3041 1510 3125 S)
1552 3044 1783 3112 πλείους
1825 3042 2039 3126 (πλείω
2071 3040 2158 3128 G)
2187 3043 2259 3107 τὰ
2303 3043 2512 3127 ἄπειρα
2555 3042 2724 3107 οὐδὲν
2767 3042 2838 3107 ἂν
2881 3044 2978 3129 εἴη
3022 3048 3108 3123 τὸ,
3153 3052 3290 3111 tum

579 3161 815 3228 iterant
858 3160 1059 3227 verba
1102 3164 1183 3229 ὡς
1228 3160 1402 3246 μέρος
1446 3180 1648 3243 usque
1704 3161 1790 3227 ad
1841 3162 2046 3245 αἴτιον,
2102 3182 2272 3245 quae
2329 3164 2730 3246 102‚11--30
2771 3182 2888 3229 suo
2932 3164 3074 3229 loco
3119 3165 3293 3247 lege-

579 3282 831 3347 bantur.
920 3278 1561 3346 animadvertendum
1606 3285 1821 3346 autem
1863 3282 2064 3348 verba
2108 3292 2336 3349 contra
2363 3302 2620 3351 sensum
2649 3281 2884 3347 iterata
2914 3283 3008 3349 eis
3039 3284 3290 3349 mendis

244 3404 539 3468 F⁰G⁸S·L⁸
592 3420 813 3467 carere
866 3399 1095 3482 quibus
1146 3398 1478 3483 inquinata
1519 3408 1669 3466 sunt
1718 3403 1967 3487 eadem,
2020 3403 2126 3469 ubi
2179 3404 2350 3469 iusta
2401 3403 2556 3471 sede
2607 3408 2832 3467 extant
2883 3401 2989 3486 (cf.
3038 3404 3283 3487 102,2Ο.

579 3522 680 3585 21.
706 3519 839 3603 23).
936 3518 1157 3601 itaque
1221 3538 1373 3585 casu
1438 3520 1504 3585 in
1571 3540 1715 3585 eum
1782 3522 2098 3606 codicem,
2166 3543 2249 3589 ex
2299 3543 2427 3607 quo
2479 3522 2784 3606 descripti
2851 3528 3001 3587 sunt
3045 3522 3284 3607 GFSL,

578 3639 835 3724 irrepsit
877 3637 1095 3704 folium
1143 3658 1224 3705 ex
1266 3637 1396 3705 alio
1441 3638 1682 3722 codice,
1727 3641 1834 3723 qui
1867 3641 2182 3708 Venetum
2212 3643 2269 3707 V
2301 3662 2442 3708 cum
2486 3641 2730 3707 maiore
2773 3638 2900 3707 fide
2947 3642 3282 3729 expressit.

580 3779 769 3843 porro
835 3757 1187 3823 communis
1253 3757 1348 3823 eis
1414 3765 1513 3825 est
1576 3778 1813 3842 magna
1879 3759 1944 3825 in
2011 3768 2238 3844 quarto
2290 3761 2455 3827 libro
2519 3762 2771 3846 lacuna,
2839 3781 2967 3843 qua
3032 3761 3284 3847 periere

577 3878 830 3960 integra
874 3878 1087 3962 capita
1131 3878 1318 3962 5-8‚
1372 3886 1667 3961 quartum
1717 3878 1871 3946 inde
1924 3900 1966 3945 a
2018 3881 2231 3947 verbis
2273 3886 2360 3967 τῷ
2406 3881 2642 3965 πλούτῳ
2685 3880 2994 3967 (123,17),
3044 3900 3283 3947 nonum

579 4016 782 4079 usque
822 3997 908 4062 ad
951 3997 1153 4063 verba
1196 3997 1636 4083 προαιρούμενοι
1667 3997 1976 4083 (12933).
2063 4000 2378 4067 accedunt
2423 4000 2702 4067 minores
2733 4000 3134 4085 omissiones,
3180 4020 3279 4065 ex.

577 4135 669 4197 gr.
716 4114 781 4180 in
827 4114 987 4181 libro
1040 4116 1241 4201 primo
1288 4116 1557 4201 physico
1601 4118 2008 4184 τὸ-τοιοῦτον
2054 4120 2373 4205 3,13—--14
2414 4120 2942 4204 τοῦ--κινουμένου
2989 4122 3146 4206 3,18
3197 4124 3278 4190 ὥς

577 4238 849 4319 σώματος
890 4236 995 4318 5‚5
1047 4236 1197 4300 κατὰ
1239 4237 1385 4322 6,32
1431 4236 1790 4325 ὅσα-αὐτῷ
1839 4240 2026 4323 18,12
2083 4241 2342 4326 ἐνεργείᾳ
2391 4241 2580 4325 2933
2625 4242 3014 4328 ’ζῷ’-γίνεται
3068 4242 3282 4325 γίνεται

576 4355 679 4439 38,
704 4356 787 4420 29
850 4354 941 4439 (G
992 4354 1093 4419 hic
1144 4376 1269 4421 non
1330 4338 1609 4441 inspexi)
1676 4358 1772 4425 ἐπὶ
1830 4360 2048 4425 τούτων
2109 4361 2210 4445 39,
2235 4362 2337 4428 28.
2450 4364 2781 4447 exemplar
2838 4369 3054 4429 autem
3113 4364 3282 4427 lace-

582 4494 738 4558 rum,
794 4494 875 4539 ex
917 4494 1044 4557 quo
1094 4474 1355 4560 fluxere,
1422 4498 1536 4560 pro
1590 4477 1759 4543 virili
1812 4487 1998 4562 parte
2048 4481 2317 4565 quisque
2368 4483 2534 4551 ultro
2586 4482 2893 4550 foedavit.
2983 4488 3278 4547 exactam

576 4594 861 4659 tabulam
918 4615 1043 4660 non
1091 4595 1509 4673 desiderabis,
1566 4599 1681 4664 sed
1736 4598 1904 4663 scias
1959 4601 2117 4666 nulli
2172 4602 2400 4668 deesse
2445 4623 2595 4669 suas
2639 4602 2928 4683 lacunas,
2983 4602 3162 4667 velut
3211 4600 3279 4665 in

576 4712 629 4777 F
674 4716 1003 4782 numeravi
1049 4715 1191 4781 libri
1238 4717 1421 4799 primi
1468 4717 1681 4783 hiatus
1712 4718 1794 4783 12
1837 4720 2102 4786 maioris
2129 4720 2427 4787 ambitus.
2513 4721 2831 4788 accedunt
2873 4722 3279 4806 corruptelae

570 4832 669 4897 his
714 4841 1013 4915 quattuor
1060 4835 1435 4920 peculiareS,
1482 4837 1558 4902 cf.
1602 4858 1683 4903 ex
1726 4838 1890 4905 libro
1936 4841 2139 4925 primo
2171 4842 2317 4925 3,18
2362 4842 2510 4927 536
2553 4842 2704 4926 9,10
2745 4841 3169 4924 23‚7.21.23.
3195 4842 3280 4909 30
