3684 5567
573 264 700 328 194
1455 257 1916 316 ΑΛΕΞΑΝΔΡΟΥ
1952 256 2409 315 ΑΦΡΟΔῙΣῙΕΩΣ

681 435 982 505 σώζεσθαι
1026 436 1092 498 τὸ
1139 435 1320 518 μηδὲν
1367 435 1638 502 ἀναιτίως
1681 439 1797 496 τῶν
1868 433 2183 516 γινομένων
2228 433 2487 516 γίνεσθαι
2532 431 2629 494 καὶ
2672 435 2875 494 τοῦτον
2918 432 3017 494 τὸν
3060 432 3184 512 τρό-

678 559 788 600 πον
832 537 1092 621 ἐχόντων
1139 540 1222 605 ὥς
1264 539 1437 620 ἡμεῖς
1481 537 1724 618 λέγομεν
1769 541 1887 600 τῶν
1932 537 2306 620 πραγμάτων.
2398 535 2469 598 ἂν
2535 535 2642 616 γὰρ
2686 535 3045 616 παυσάμενοι
3083 537 3188 615 τῆς

679 639 946 708 ἁλύσεως
1009 645 1126 702 τῶν
1171 639 1370 703 αἰτίων
1415 641 1512 702 καὶ
1559 643 1662 702 τοῦ
1706 643 1826 706 τοῖς
1893 641 2147 722 πρώτοις
2200 638 2532 720 γενομένοις
2587 638 2771 717 λέγειν
2825 636 2885 704 ἐξ
2938 637 3187 718 ἀνάγκης
3238 653 3270 693 ⁵

678 741 928 806 ἕπεσθαι
971 745 1036 806 τὸ
1082 743 1286 811 αἰτίοις
1327 741 1499 825 φύσει
1543 742 1797 826 ὀφείλειν
1865 742 2123 822 γίνεσθαι
2180 744 2261 809 ὥς
2305 741 2377 824 ’ἐν
2422 747 2497 822 τῇ
2545 739 2715 822 οὐσίᾳ
2758 739 2951 802 αὐτῶν
2994 741 3059 801 τὸ
3102 738 3186 801 αἴ·

608 863 639 911 5
678 866 795 906 τιον
842 844 1236 929 περιέχουσιν,
1305 845 1420 907 ἀπὸ
1466 849 1582 906 τῶν
1627 843 1945 926 γινομένων
1992 867 2055 906 τε
2098 845 2197 906 καὶ
2242 842 2498 926 ὑστέρων
2564 844 2669 926 τὴν
2734 841 3011 904 ἀπόδοσιν
3066 847 3182 904 τῶν

677 947 876 1009 αἰτίων
921 949 1233 1030 ποιώμεθα
1277 944 1362 1008 ἔτι
1405 969 1470 1008 τε
1513 951 1630 1007 τῶν
1677 946 1991 1028 γινομένων
2036 948 2249 1029 κυρίως
2318 950 2587 1028 ζητῶμεν
2630 945 2735 1012 τὰς
2786 945 2989 1018 αἰτίας,
3054 943 3189 1009 οὔτε

680 1050 949 1119 ἀναιτίως
992 1072 1044 1112 τι
1088 1055 1204 1112 τῶν
1248 1048 1564 1132 γινομένων
1607 1050 1914 1131 γενήσεται
1958 1047 2091 1110 οὔτε
2158 1049 2255 1112 διὰ
2300 1052 2469 1110 τοῦτο
2510 1047 2573 1115 ἐξ
2620 1047 2873 1130 ἀνάγκης
2916 1045 3053 1109 καθ’
3106 1048 3183 1108 εἱ·
3210 1065 3268 1105 ιο

679 1152 980 1236 μαρμένην
1043 1153 1313 1235 τοιαύτην
1367 1155 1482 1213 πᾶν
1535 1152 1600 1214 τὸ
1660 1151 1959 1234 γινόμενον
2020 1149 2202 1214 ἔσται.
2291 1151 2399 1213 οὐκ
2442 1149 2503 1218 ἐξ
2547 1151 2803 1231 ἀνάγκης
2846 1151 2953 1230 μὲν
2997 1149 3105 1233 γὰρ
3150 1151 3183 1210 ὁ

677 1251 1084 1338 Σωφρονίσκος
1125 1259 1215 1339 τῷ
1259 1253 1406 1318 εἶναι
1449 1253 1566 1336 ἤδη
1611 1255 1710 1315 καὶ
1753 1252 1947 1337 πατήρ
1991 1254 2113 1317 ἐστι
2158 1255 2255 1316 καὶ
2298 1251 2483 1321 αἴτιός
2525 1275 2631 1314 τινι
2676 1256 2793 1314 τῶν
2826 1250 2949 1334 μετ’
2992 1252 3181 1315 αὐτόν.

575 1373 638 1420 10
675 1354 728 1416 εἰ
773 1355 966 1436 μέντοι
1013 1355 1330 1440 Σωκράτης
1373 1354 1468 1437 εἴη
1513 1355 1573 1423 ἐξ
1641 1356 1917 1440 ἀνάγκης,
1984 1357 2150 1440 αὐτῷ’
2196 1361 2303 1440 τῆς
2346 1356 2629 1437 γενέσεως
2675 1354 3080 1439 Σωφρονίσκος
3125 1356 3184 1423 ἐξ

677 1459 932 1541 ἀνάγκης
985 1457 1183 1527 αἴτιος.
1275 1461 1356 1526 ὥς
1422 1458 1532 1542 γὰρ
1587 1456 1867 1540 θεμελίου
1916 1458 2020 1540 μὲν
2067 1456 2229 1524 ὄντος
2273 1458 2380 1520 οὐκ
2442 1457 2749 1538 ἀναγκαῖον
2808 1458 2991 1520 οἰκίαν
3036 1459 3185 1541 γενέ·
3214 1477 3267 1518 15

677 1561 837 1634 σθαι,
883 1562 1066 1631 οἰκίας
1109 1563 1175 1625 δὲ
1221 1560 1401 1642 οὔσης
1445 1559 2034 1644 προκαταβεβλῆσθαι
2080 1561 2176 1623 τὸν
2208 1561 2501 1642 θεμέλιον,
2548 1561 2772 1642 ἀνάγκη
2804 1561 2991 1630 οὕτως
3020 1559 3177 1646 ἔχειν

677 1663 1045 1748 ὑποληπτέον
1113 1665 1207 1726 καὶ
1272 1663 1334 1725 ἐν
1380 1667 1498 1730 τοῖς
1542 1660 1861 1743 γινομένοις
1916 1662 2087 1745 φύσει
2141 1663 2211 1724 τὰ
2268 1662 2421 1725 αἴτια
2476 1662 2535 1729 ἐξ
2590 1664 2863 1747 ἀνάγκης,
2932 1665 3000 1726 οὐ
3064 1669 3185 1732 τοῖς

673 1769 925 1850 πρώτοις
969 1767 1029 1837 ἐξ
1071 1768 1326 1850 ἀνάγκης
1371 1764 1654 1847 ἑπόμενον
1699 1764 1765 1827 τὸ
1811 1764 2011 1832 αἰτίοις
2065 1765 2215 1826 εἶναί
2263 1787 2453 1836 τινων,
2518 1763 2669 1826 ἀλλὰ
2735 1769 2856 1834 τοῖς
2924 1767 3181 1848 ὑστέροις
3204 1785 3263 1827 2⁰

577 1889 634 1936 15
671 1869 992 1952 γινομένοις
1056 1872 1122 1931 τὸ
1169 1868 1229 1937 ἐξ
1273 1869 1529 1950 ἀνάγκης
1573 1865 1731 1951 ἔχειν
1777 1889 1829 1928 τι
1874 1871 1991 1928 τῶν
2060 1867 2171 1950 πρὸ
2225 1867 2417 1929 αὐτῶν
2472 1865 2672 1928 αἴτιον.
2764 1865 2887 1931 ἔστι
2942 1869 3009 1932 δέ
3062 1893 3185 1933 τινα

675 1977 794 2033 τῶν
838 1971 1154 2052 γινομένων
1199 1972 1296 2032 καὶ
1343 1975 1601 2044 τοιαῦτα,
1672 1974 1753 2038 ὡς
1798 1968 1959 2054 ἔχειν
2008 1970 2113 2050 μὲν
2157 1967 2339 2031 αἴτιόν
2383 1993 2456 2042 τι,
2514 1969 2582 2032 οὐ
2631 1971 2747 2054 μὴν
2792 1973 3005 2034 οἰκεῖον
3048 1973 3185 2036 οὐδὲ

673 2074 1130 2158 προηγούμενον,
1197 2071 1320 2134 ἀλλ’
1379 2077 1458 2141 ὡς
1521 2074 1662 2153 ἡμῖν
1719 2070 1859 2140 ἔθος
1924 2071 2113 2154 λέγειν
2158 2071 2307 2133 κατὰ
2374 2073 2764 2157 συμβεβηκός.
2856 2076 2888 2137 ὃ
2942 2076 3052 2159 γὰρ
3094 2077 3183 2138 εὑ·

673 2177 864 2259 ρεθεὶς
908 2175 1205 2258 θησαυρὸς
1249 2175 1362 2237 ὑπὸ
1411 2179 1511 2237 τοῦ
1556 2175 1650 2236 διὰ
1696 2176 1760 2238 τὸ
1807 2174 2071 2258 φυτεύειν
2116 2175 2472 2242 σκάπτοντος
2515 2173 2644 2259 ἔχει
2676 2177 2780 2256 μὲν
2811 2178 2877 2238 τὸ
2910 2179 3179 2240 σκάπτειν
3206 2195 3263 2236 25

675 2277 877 2352 αἴτιον,
949 2277 1071 2340 ἀλλ’
1127 2278 1232 2340 οὐκ
1287 2279 1498 2340 οἰκεῖον
1560 2275 1697 2339 οὐδὲ
1762 2275 2070 2359 γενόμενον
2127 2275 2199 2346 δι’
2254 2275 2447 2338 αὐτόν.
2536 2279 2609 2340 τὰ
2666 2279 2771 2361 μὲν
2815 2280 2925 2362 γὰρ
2971 2281 3183 2363 κυρίως

567 2399 635 2446 20
671 2377 826 2442 αἴτια
871 2381 910 2463 ἢ
957 2379 1017 2448 ἐξ
1062 2380 1318 2463 ἀνάγκης
1364 2379 1536 2461 μόνον
1585 2383 1666 2448 ὡς
1709 2380 1932 2448 τούτοις
1976 2381 2141 2442 δοκεῖ
2180 2380 2276 2442 καὶ
2323 2383 2403 2447 ὥς
2446 2380 2544 2442 ἐπὶ
2589 2381 2655 2443 τὸ
2701 2381 2849 2444 πολὺ
2894 2381 3177 2465 ἑπόμενον

672 2481 800 2567 ἔχει
844 2485 910 2545 τὸ
955 2481 1157 2556 αἴτιον,
1227 2482 1298 2544 τὰ
1345 2485 1410 2544 δὲ
1451 2481 1600 2545 κατὰ
1647 2481 2019 2566 συμβεβηκὸς
2063 2482 2248 2551 οὕτως
2312 2482 2467 2545 αἴτια
2512 2484 2768 2552 σπανίως
2810 2485 3021 2566 γίνεται
3066 2491 3179 2547 τῶν
3205 2502 3262 2544 ω

669 2585 946 2648 τοιούτων
1013 2583 1184 2648 αἴτια.
1273 2587 1427 2648 ὥστε
1487 2589 1609 2653 τοῖς
1651 2589 1852 2648 τοῦτον
1896 2586 1995 2648 τὸν
2039 2586 2251 2667 τρόπον
2318 2585 2583 2667 λέγουσιν
2652 2586 2776 2668 ἅμα
2832 2588 2936 2667 μὲν
2982 2587 3181 2650 ἕπεται

671 2688 737 2751 τὸ
784 2690 963 2770 μηδὲν
1011 2687 1282 2754 ἀναιτίως
1322 2688 1581 2769 γίνεσθαι
1623 2687 1832 2769 λέγειν,
1879 2687 2005 2768 ἅμα
2047 2689 2113 2750 δὲ
2155 2688 2223 2750 τὸ
2268 2690 2477 2758 σώζειν
2522 2687 2587 2750 τό
2618 2712 2681 2750 τε
2712 2689 2829 2751 ἀπὸ
2860 2689 3044 2774 τύχης
3067 2691 3181 2752 ’καὶ

672 2791 1020 2874 αὐτομάτως
1062 2790 1326 2871 γίνεσθαί
1367 2813 1492 2853 τινα
1535 2791 1633 2852 καὶ
1676 2789 1823 2852 εἶναι
1891 2791 1987 2852 καὶ
2036 2790 2043 2872 1
2094 2791 2157 2852 τὸ
2204 2789 2299 2872 ἐφ’
2356 2792 2493 2873 ἡμῖν
2538 2792 2635 2853 καὶ
2680 2793 2746 2853 τὸ
2798 2792 3179 2876 ἐνδεχόμενον
3218 2799 3285 2855 78

565 2911 631 2960 25
670 2891 732 2954 ἐν
777 2897 897 2962 τοῖς
941 2894 1268 2977 πράγμασιν
1314 2889 1433 2956 ἀλλ’
1490 2891 1558 2955 οὐ
1605 2893 1808 2976 φωνὴν
1856 2891 2049 2975 μόνον.
2140 2898 2265 2960 πῶς
2310 2893 2417 2977 γὰρ
2462 2893 2531 2956 οὐ
2570 2898 2833 2978 φανερῶς
2876 2895 2943 2956 τὸ
2988 2895 3173 2976 λέγειν
3208 2905 3363 2958 XXV

673 2998 884 3080 ψεῦδος
953 3001 1064 3058 πᾶν
1123 2997 1188 3058 τὸ
1257 2993 1541 3078 ἑπόμενόν
1599 3018 1701 3057 τινι
1747 2994 1808 3062 ἐξ
1855 2995 2077 3057 ἐκείνου
2143 2997 2248 3078 τὴν
2301 2996 2483 3057 αἰτίαν
2540 3001 2643 3059 τοῦ
2688 2995 2835 3060 εἶναι
2880 2995 3041 3082 ἔχειν
3086 3001 3181 3061 καὶ
3232 3016 3260 3058 5

676 3103 790 3161 πᾶν
850 3100 914 3161 τὸ
969 3096 1400 3182 προηγούμενόν
1456 3121 1602 3164 τινος
1669 3096 1850 3160 αἴτιον
1906 3097 2189 3181 ὑπάρχειν
2245 3097 2478 3180 ἐκείνως
2548 3099 2777 3182 ὁρῶμεν
2824 3101 2933 3182 γὰρ
2978 3101 3065 3164 ὅτι
3110 3100 3181 3163 τὰ

676 3200 884 3284 ἐφεξῆς
930 3202 1204 3283 ἀλλήλοις
1249 3198 1386 3262 ὄντα
1429 3205 1514 3282 τῷ
1562 3197 1763 3284 χρόνῳ
1810 3199 1879 3261 οὐ
1926 3202 2111 3262 πάντα
2156 3199 2250 3262 διὰ
2294 3201 2365 3261 τὰ
2410 3198 2741 3284 ἔμπροσθεν
2785 3203 2881 3264 καὶ
2926 3204 3037 3285 πρὸ
3082 3203 3177 3265 αὐ-

671 3309 786 3366 τῶν
831 3303 1103 3385 γεγονότα
1147 3304 1381 3384 γίνεται.
1473 3301 1608 3365 οὔτε
1653 3303 1760 3385 γὰρ
1807 3303 1875 3364 τὸ
1920 3303 2151 3386 βαδίσαι
2216 3303 2311 3364 διὰ
2362 3305 2429 3364 τὸ
2484 3304 2817 3387 ἀναστῆναι,
2883 3303 3018 3367 οὔτε
3084 3304 3180 3373 νὺΕ

562 3425 630 3473 30
667 3406 763 3469 διὰ
807 3407 911 3490 τὴν
957 3406 1202 3489 ἡμέραν,
1247 3404 1380 3468 οὔτε
1427 3406 1459 3467 ὁ
1504 3411 1621 3468 τῶν
1662 3403 1943 3486 Ἰσθμίων
1988 3406 2145 3487 ἀγὼν
2190 3404 2286 3468 διὰ
2312 3407 2429 3488 ,τὸν
2476 3412 2593 3469 τῶν
2632 3404 2987 3489 Ὀλυμπίων,
3044 3406 3163 3470 ἀλλ’
3204 3425 3259 3466 ιο

563 3699 588 3749 1
627 3702 732 3748 τῶν
769 3712 811 3748 ε.
840 3713 884 3747 ν.
914 3713 961 3748 v.
989 3712 1033 3748 e.
1073 3701 1122 3746 V
1354 3697 1386 3748 3
1428 3695 1655 3754 ἁλύσεως
1693 3696 1959 3750 Schultess
1998 3701 2069 3750 O:
2126 3695 2417 3754 ἀναλύσεως
2454 3698 2575 3750 libri
2787 3699 2962 3749 αἰτιων
3000 3701 3049 3748 V

2926 3805 2953 3835 ν
2988 3803 3031 3838 ει

559 3858 680 3906 ante
717 3853 846 3922 λέγει
883 3852 1058 3922 (λέγειν
1097 3869 1223 3906 corr.
1263 3871 1312 3906 v.
1351 3857 1414 3917 c.)
1453 3855 1530 3906 lit.
1569 3856 1602 3906 4
1641 3855 1740 3907 litt.
1769 3860 1816 3906 V
2032 3857 2065 3906 4
2102 3854 2245 3924 φύσει
2282 3853 2496 3922 ὀφείλειν
2535 3874 2579 3924 γ.
2603 3853 2676 3907 13²
2700 3855 2845 3908 Cas:
2882 3857 3032 3926 φησὶν
3070 3842 3279 3924 ὀιρείλειν

557 3960 601 4009 γ.
629 3943 728 4005 (sic
757 3961 783 3992 ν
822 3943 931 3994 sive
957 3961 987 3992 υ
1012 3947 1064 3994 et
1091 3961 1132 3994 ει
1169 3957 1426 4010 supet-scr.
1457 3959 1502 3993 v.
1531 3944 1596 4004 c.)
1617 3947 1682 3994 V:
1721 3946 1871 4012 φησὶν
1906 3941 2121 4010 ὀφεθειν
2151 3962 2198 4011 γ.
2224 3943 2325 3994 2¹²:
2364 3944 2514 4014 φησὶν
2552 3943 2766 4012 ὀφείλειν
2803 3944 2947 4013 φύσιν
2984 3961 3030 4012 γ.
3054 3947 3125 3995 H:
3162 3945 3280 4012 φησὶ

556 4048 600 4097 γ.
641 4027 858 4095 ὀφείλειν
895 4033 967 4080 E:
1005 4045 1127 4082 τισιν
1163 4029 1362 4099 ὄφειλον
1398 4050 1444 4099 γ.
1485 4028 1648 4083 Lond.
1687 4033 1733 4083 Ο
1972 4031 2003 4080 6
2049 4030 2223 4099 κυρίας
2261 4030 2427 4082 Lond.
2466 4033 2511 4083 Ο
2726 4030 2756 4080 7
2802 4031 3031 4099 ἀνάγκης
3065 4031 3276 4098 (ἀνάγκη

557 4117 627 4178 Κ)
663 4116 921 4186 γενήσεται
957 4115 1013 4168 ⁸²
1224 4118 1256 4168 8
1299 4123 1399 4170 πᾶν
1437 4117 1495 4169 τὸ
1533 4117 1628 4170 B2:
1673 4115 1919 4169 πάντοθεν
1957 4117 2077 4169 {ibri
2292 4121 2385 4184 μὲν
2424 4133 2523 4168 om.
2562 4117 2643 4168 ειη
2854 4117 2885 4168 9
2923 4115 3064 4170 ἔσται
3094 4121 3141 4170 Ο

560 4203 626 4254 10
661 4202 738 4271 εἴη
776 4204 894 4255 add.
937 4221 981 4254 v.
1021 4220 1064 4254 c.
1105 4208 1167 4256 V:
1207 4205 1322 4256 exh.
1350 4205 1431 4256 ιῑι12
1614 4205 1668 4256 11
1714 4205 1869 4262 αἴτιος
1906 4211 2029 4256 ante
2066 4203 2420 4274 Σωφρονίσκος
2458 4205 2730 4258 001100.Βῖ
2905 4209 2997 4272 μὲν
3036 4219 3136 4256 om.
3163 4209 3208 4258 Ο

555 4290 744 4342 οἰκεῖον
782 4291 836 4342 ⁸¹
1081 4291 1140 4342 12
1198 4290 1733 4362 προκαταβεβλῆσθαι]
1785 4292 1873 4343 alt.
1914 4291 1944 4360 β
1983 4291 2101 4342 add.
2140 4307 2185 4343 v,
2212 4309 2255 4344 c,
2283 4296 2331 4343 V
2577 4289 2637 4343 13
2694 4289 2744 4350 ἐξ
2789 4291 3015 4364 ἀνάγκης
3058 4292 3156 4344 del.
3192 4290 3277 4343 13²:

555 4377 775 4430 fortasse
812 4379 917 4442 <τὰ>
953 4377 1005 4438 ἐξ
1044 4379 1090 4430 ἀ.
1279 4379 1355 4430 13.
1387 4381 1446 4430 14
1485 4379 1543 4430 οὐ
1567 4387 1674 4436 τοῖς
1709 4378 1931 4449 πρώτοις
1954 4379 2050 4442 (m¹
2076 4380 2359 4444 scripserat
2381 4379 2551 4436 αὐτοῖς
2574 4379 2779 4448 πρώτης
2804 4380 2935 4443 (sic),
2972 4379 3064 4430 sed
3090 4377 3151 4430 oe»
3175 4386 3277 4434 τοῖς

555 4479 682 4516 corr.
721 4481 766 4516 v,
795 4481 857 4529 e.‚
895 4465 1113 4535 πρώτοις
1149 4465 1244 4528 m¹)
1275 4469 1337 4517 V:
1377 4466 1471 4517 οὐκ
1510 4465 1677 4522 αὑτοῖς
1713 4466 1932 4534 πρώτοις
1968 4463 2039 4516 ³²:
2078 4464 2246 4524 αὐτοῖς
2284 4467 2502 4538 πρώτοις
2538 4467 2616 4518 22¹:
2656 4465 2825 4523 αὐτοῖς
2860 4466 3124 4536 ἠρώτησεν
3161 4468 3205 4516 Ε

563 4551 622 4602 19
674 4548 782 4603 ἀλλ’
823 4551 944 4615 οὐκ]
981 4552 1040 4604 οὐ
1080 4553 1180 4620 μὴν
1220 4557 1264 4604 Η
1483 4553 1700 4604 fortasse
1737 4552 1890 4604 αὑτό
2082 4551 2150 4605 20
2202 4554 2312 4618 καὶ]
2350 4553 2565 4606 fortasse
2604 4552 2635 4622 ἦ
2850 4553 2910 4605 21
2962 4552 3019 4604 τὸ
3056 4551 3274 4604 αἰτιατὸν

553 4638 649 4690 B²z
687 4643 914 4691 τοιοῦτον
951 4639 1142 4691 Lond.:
1181 4639 1400 4692 fortasse
1435 4640 1495 4692 τὸ
1533 4639 1663 4704 (οὔ>
1699 4637 1861 4690 αἴτια
2038 4641 2167 4704 τῶν]
2204 4641 2267 4692 τὰ
2305 4645 2350 4694 Ο
2531 4640 2597 4692 24
2634 4639 2921 4708 αὐτομάτου
2958 4641 3003 4693 Ο
3168 4657 3276 4692 τινα

553 4759 622 4812 13²
659 4759 824 4811 Lond.
865 4763 934 4813 O:
974 4748 1109 4818 τινας
1147 4763 1224 4812 sic
1265 4764 1326 4812 V:
1365 4779 1500 4818 τινας
1537 4761 1616 4812 ⁸¹²
1795 4759 1880 4812 25.
1910 4761 1976 4812 26
2022 4760 2203 4829 ψεῦδος
2238 4760 2297 4812 τὸ
2338 4759 2495 4830 λέγειν
2532 4759 2675 4812 118²:
2714 4761 2771 4812 τὸ
2806 4759 2852 4812 λ.
2889 4761 2949 4813 τὸ
2984 4762 3040 4832 ψ.
3076 4761 3191 4814 Cas-

554 4845 622 4898 28
658 4847 744 4910 τὰ]
781 4846 840 4898 τὸ
881 4851 974 4898 ΚΕ
1190 4846 1257 4899 29
1297 4847 1507 4916 βαδίζειν
1547 4854 1592 4905 Ο
