3684 5567
595 237 724 302 214
1361 207 1374 224 ”
1480 233 1934 294 ΑΛΕΞΑΝΔΡΟΥ
1972 234 2419 293 ΑΦΡοΔιΣιΕΩΣ

706 408 812 473 οὐκ
853 410 1122 494 ἀτόμους,
1169 413 1488 497 ὁμοιομερῆ
1527 411 1591 475 δέ
1623 415 1748 476 τινά
1792 433 1966 497 φασιν
2010 411 2223 497 ἄπειρα
2266 411 2410 476 εἶναι
2455 413 2719 494 σώματα,
2766 409 2825 480 ἐξ
2869 413 2951 476 ὧν
2997 413 3035 496 ἠ
3080 415 3195 475 τῶν

706 513 1004 598 αἰσθητῶν
1047 514 1267 596 γένεσις
1310 518 1599 600 σωμάτων
1641 515 1915 600 γινομένη
1960 515 2108 579 κατὰ
2152 515 2439 599 σύγκρισιν
2470 517 2567 578 καὶ
2598 513 2883 596 σύνθεσιν,
2926 514 2996 599 ἧς
3026 514 3195 597 δόξης

703 613 1090 702 Ἀναξαγόρας
1133 642 1196 682 τε
1241 622 1336 683 καὶ
1371 615 1700 705 Ἀρχέλαος
1744 622 1980 683 δοκοῦσι
2023 617 2339 702 γεγονέναι·
2410 617 2524 702 ἤδη
2571 616 2637 682 δέ
2678 640 2823 686 τινες
2867 621 2963 681 καὶ
3006 617 3195 702 ἀμερῆ

707 743 832 784 τινα
875 724 1122 804 σώματα
1173 721 1276 791 τὰς
1329 722 1519 807 ἀρχὰς
1571 725 1668 786 καὶ
1727 726 1989 806 στοιχεῖα
2053 725 2169 783 τῶν
2235 723 2466 784 πάντων
2531 719 2921 806 προήχθησαν
2984 719 3194 784 εἰπεῖν·
3224 734 3281 776 10

639 843 670 891 5
709 821 832 886 ἔστι
876 825 942 887 δέ
985 849 1068 894 τις
1112 823 1250 895 δόΕα
1295 829 1390 888 καὶ
1434 824 1493 895 ἐξ
1537 825 1824 890 ἐπιπέδων
1868 825 1973 908 τὴν
2016 823 2233 906 γένεσιν
2299 828 2545 888 ποιοῦσα
2596 828 2715 887 τῶν
2768 826 3056 906 σωμάτων
3101 826 3200 887 καὶ

711 925 772 996 ἐξ
815 926 1081 1010 ἀριθμῶν
1125 952 1208 998 τις
1252 927 1450 1014 ἄλλη),
1507 927 1574 992 οὐ
1619 929 1693 1012 δὴ
1739 928 1883 1012 πρὸς
1926 927 2216 1011 ἀλλήλους
2260 927 2455 1009 μόνον,
2513 929 2595 997 ὡς
2638 924 2807 1010 ἔφην,
2872 925 3031 990 οὖτοι
3074 928 3197 1009 διη-

709 1029 1006 1114 νέχθησαν
1052 1030 1198 1121 κατὰ
1241 1031 1345 1114 τὴν
1390 1034 1534 1116 πρὸς
1576 1031 1678 1100 τὰς
1724 1030 1914 1116 ἀρχὰς
1958 1029 2276 1115 διαφόρους
2340 1030 2517 1100 οὔσας
2570 1029 2918 1094 ἀκολουθίαν
2962 1032 3057 1092 καὶ
3100 1028 3202 1096 τὰς

714 1133 946 1217 κράσεις
988 1132 1279 1217 διαφόρως
1320 1133 1580 1216 γίνεσθαι
1623 1134 1905 1217 λέγοντες,
1974 1133 2123 1197 ἀλλὰ
2168 1137 2264 1198 καὶ
2330 1133 2521 1197 αὐτῶν
2575 1137 2692 1196 τῶν
2743 1131 3049 1216 ἡνωμένην
3094 1132 3197 1216 τὴν
3226 1147 3282 1190 15

711 1237 854 1319 ὅλην
883 1234 1165 1317 λεγόντων
1211 1239 1306 1299 καὶ
1344 1238 1512 1299 πάλιν
1543 1235 1616 1300 αὖ
1661 1240 1778 1300 τῶν
1808 1236 2188 1322 διωρισμένην
2229 1259 2292 1300 τε
2335 1241 2431 1300 καὶ
2474 1235 2909 1322 κεχωρισμένην
2952 1235 3078 1299 ἐστί
3116 1257 3199 1303 τις

615 1360 679 1407 10
715 1339 857 1423 πρὸς
899 1339 1188 1422 ἀλλήλους
1232 1341 1538 1424 διαφωνία.
1627 1339 1780 1403 αἰτία
1825 1337 1879 1404 δ’
1934 1338 2130 1408 αὐτοῖς
2172 1346 2277 1425 τῆς
2320 1343 2677 1408 διαστάσεως
2718 1345 2824 1423 τῆς
2864 1341 3115 1424 τοσῆσδε
3158 1339 3197 1421 ἡ

705 1441 1039 1528 χαλεπότης
1107 1447 1209 1506 τοῦ
1283 1443 1584 1526 δόγματος.
1715 1441 1857 1528 (τῷ)
1922 1442 2025 1525 μὲν
2090 1443 2197 1526 γὰρ
2274 1443 2509 1529 ἐναργές
2592 1443 2738 1507 εἶναι
2809 1442 3115 1527 κιρνᾶσθαί
3186 1437 3197 1525 Ι

714 1568 836 1608 τινα
881 1549 997 1608 τῶν
1043 1546 1331 1627 σωμάτων
1398 1547 1541 1630 πρὸς
1585 1545 1812 1630 ἄλληλα
1879 1547 2087 1614 πάντες
2144 1547 2357 1632 σχεδὸν
2402 1549 2455 1610 οἱ
2502 1551 2634 1632 περὶ
2678 1548 2911 1633 φύσεώς
2954 1569 3019 1610 τε
3062 1547 3160 1608 καὶ
3204 1549 3299 1607 5⁹1

712 1651 829 1711 τῶν
871 1649 1185 1731 γινομένων
1232 1648 1402 1733 φύσει
1443 1651 1895 1733 φιλοσοφοῦντες
1960 1649 2145 1735 ἧλθον
2212 1650 2307 1712 ἐπὶ
2360 1651 2425 1713 τὸ
2482 1654 2673 1735 ζητεῖν
2728 1651 2834 1735 τὴν
2877 1648 3061 1713 αἰτίαν
3108 1646 3201 1711 αὐ-

713 1753 835 1827 τοῦ,
902 1755 988 1835 τῷ
1033 1749 1085 1814 δ’
1141 1749 1286 1814 εἶναι
1351 1753 1616 1836 χαλεπήν
1663 1775 1726 1814 τε
1768 1750 1947 1814 αὐτοῦ
2012 1753 2117 1836 τὴν
2183 1751 2405 1836 εὕρεσιν
2464 1755 2560 1816 καὶ
2612 1753 2834 1836 ἑκάστη
2888 1755 3003 1815 τῶν
3059 1750 3197 1814 ἀπο·

619 1874 676 1922 15
716 1854 1032 1939 διδομένων
1077 1853 1274 1917 αἰτιῶν
1319 1854 1532 1922 οἰκείας
1577 1854 1729 1922 τινὰς
1795 1853 2039 1918 ἕπεσθαι
2094 1855 2433 1940 δυσχερείας
2498 1855 2673 1924 ἄλλος
2736 1855 2889 1940 άλλη
2958 1855 3202 1938 ἀπετρά-
3253 1868 3283 1911 ⁵

627 1966 672 2020 11
710 1981 866 2020 πετο.
957 1957 1061 2020 Διὸ
1105 1955 1173 2020 οὐ
1217 1960 1417 2042 χεῖρον
1461 1957 1557 2021 καὶ
1602 1957 1759 2040 ἡμᾶς
1803 1961 1933 2042 περὶ
1995 1957 2176 2042 αὐτῆς
2231 1959 2519 2043 διαλαβεῖν
2566 1962 2660 2024 καὶ
2704 1963 2953 2044 μηνῦσαι
2994 1957 3066 2022 τὰ
3108 1959 3201 2020 δο·

716 2065 926 2124 κοῦντα
969 2062 1110 2144 ἡμῖν
1157 2059 1521 2144 εὐλογώτερα
1564 2059 1838 2142 λέγεσθαι
1884 2063 2000 2123 τῶν
2047 2064 2176 2146 περὶ
2220 2061 2482 2145 κράσεως
2526 2061 2847 2147 εἰρημένων
2876 2065 2980 2124 τοῦ
3010 2062 3199 2124 δοκεῖν

716 2163 900 2231 οὕτως
944 2161 1104 2248 ἔχειν
1148 2160 1585 2248 παρεχόμενους
1627 2163 1729 2231 τὰς
1772 2163 1974 2232 αἰτίας.
2051 2163 2409 2248 Δημόκριτος
2440 2165 2544 2246 μὲν
2590 2162 2689 2228 οὖν
2732 2165 3049 2248 ἡγούμενος
3095 2163 3199 2246 τὴν

711 2265 1024 2350 λεγομένην
1089 2269 1288 2349 κρᾶσιν
1353 2263 1614 2348 γίνεσθαι
1675 2265 1824 2330 κατὰ
1870 2267 2189 2350 παράθεσιν
2256 2268 2566 2350 σωμάτων,
2620 2267 3028 2352 διαιρουμένων
3086 2270 3201 2329 τῶν
3230 2281 3285 2324 ιο

609 2391 677 2438 20
713 2368 1068 2454 κιρναμένων
1135 2368 1217 2436 εἰς
1287 2367 1462 2453 μικρὰ
1506 2371 1602 2431 καὶ
1645 2373 1718 2451 τῇ
1765 2368 1901 2454 παρ’
1956 2369 2185 2454 ἄλληλα
2248 2370 2410 2434 θέσει
2477 2372 2580 2455 τὴν
2626 2369 2773 2454 μῖξιν
2816 2370 3201 2454 ποιουμένων,

715 2472 850 2536 οὐδὲ
895 2473 1000 2556 τὴν
1047 2471 1238 2556 ἀρχήν
1283 2492 1459 2556 φησιν
1503 2470 1648 2534 εἶναι
1692 2473 1833 2556 πρὸς
1879 2473 2159 2556 ἀλήθειάν
2203 2495 2327 2536 τινα
2368 2473 2714 2556 κεκραμένα,
2761 2469 2879 2536 ἀλλ’
2922 2472 3065 2536 εἶναι
3098 2473 3203 2556 τὴν

715 2578 998 2640 δοκοῦσαν
1043 2579 1241 2658 κρᾶσιν
1287 2574 1607 2657 παράθεσιν
1653 2576 1941 2658 σωμάτων
1988 2576 2261 2660 ἀλλήλοις
2326 2576 2473 2640 κατὰ
2527 2577 2702 2662 μικρὰ
2756 2576 3059 2649 σωζόντων
3102 2575 3203 2639 αὖ·

713 2685 829 2744 τῶν
876 2680 1121 2744 ἑκάστου
1168 2678 1272 2762 τὴν
1317 2677 1529 2742 οἰκείαν
1575 2678 1766 2763 φύσιν,
1811 2679 1882 2761 ἢν
1928 2678 2089 2763 εἶχον
2143 2681 2237 2742 καὶ
2283 2681 2395 2764 πρὸ
2449 2684 2551 2764 τῆς
2597 2680 2836 2764 μίξεως·
2906 2682 3094 2744 δοκεῖν
3138 2678 3190 2744 δ’
3232 2695 3283 2738 1⁵

715 2783 864 2848 αὐτὰ
907 2782 1229 2867 κεκρᾶσθαι
1272 2787 1359 2867 τῷ
1405 2783 1510 2866 τὴν
1554 2781 1828 2866 αἴσθησιν
1876 2781 1969 2844 διὰ
2015 2781 2331 2868 μικρότητα
2382 2787 2498 2846 τῶν
2544 2785 2979 2868 παρακειμένων
3026 2783 3202 2867 μηδε-

607 2911 673 2959 25
713 2889 809 2956 νὸς
873 2886 1065 2952 αὐτῶν
1133 2885 1517 2950 αἰσθάνεσθαι
1583 2883 1865 2947 δύνασθαι
1932 2883 2128 2968 μόνου.
2219 2886 2561 2970 φιλαλήθως
2603 2908 2667 2948 τε
2719 2889 2815 2950 καὶ
2868 2884 3201 2970 φιλοσόφως

717 2992 823 3056 οὐκ
867 2991 1127 3074 ὤκνησεν
1173 2989 1351 3052 εἰπεῖν
1397 2987 1462 3051 τὸ
1508 2984 1790 3070 ἑπόμενον
1835 2989 1955 3053 τοῖς
2018 2985 2173 3048 οὕτω
2219 2988 2319 3056 τὰς
2364 2990 2595 3074 κράσεις
2648 2988 2883 3071 λέγουσι
2924 2988 3201 3070 γίνεσθαι.

714 3091 1036 3179 παραθέσει
1083 3094 1148 3156 δὲ
1191 3091 1429 3174 τοιαύτῃ
1475 3089 1575 3158 τὰς
1619 3091 1853 3174 κράσεις
1900 3089 2213 3152 ἀνάπτουσι
2258 3094 2353 3154 καὶ
2394 3093 2448 3154 οἱ
2504 3090 2603 3160 τὰς
2634 3091 3033 3175 ὁμοιομερείας
3064 3091 3204 3173 ὃλην

714 3196 859 3260 εἶναι
903 3199 1017 3258 τῶν
1062 3193 1375 3278 γινομένων
1419 3193 1698 3276 λέγοντες.
1780 3188 2127 3276 Ἐπίκουρος
2193 3193 2258 3254 δὲ
2312 3193 2541 3278 φεύγειν
2588 3193 2937 3279 βουλόμενος
2980 3193 3045 3256 τὸ
3092 3192 3204 3256 ὑπὸ
3230 3209 3287 3250 2⁰

710 3299 1078 3384 Δημοκρίτου
1125 3299 1303 3383 ῥηθὲν
1348 3295 1594 3360 ἔπεσθαι
1640 3293 1961 3380 [βούλεται]
2007 3300 2125 3364 τοῖς
2182 3295 2502 3378 παραθέσει
2544 3303 2659 3360 τῶν
2704 3296 3055 3382 κιρναμένων
3100 3297 3204 3381 τὴν

609 3425 676 3474 30
713 3407 914 3489 κρᾶσιν
979 3401 1237 3486 γίνεσθαι
1302 3399 1531 3483 λέγουσι
1597 3397 1920 3483 παραθέσει
1984 3397 2089 3480 μέν
2134 3421 2301 3462 τινων
2369 3402 2657 3484 σωμάτων
2722 3403 2817 3464 καὶ
2872 3400 3041 3469 αὐτὸς
3105 3400 3207 3470 τὰς

713 3509 946 3592 κράσεις
987 3505 1251 3589 γίνεσθαι
1294 3503 1468 3585 λέγει,
1535 3500 1654 3566 ἀλλ’
1711 3501 1816 3566 οὐκ
1860 3501 2052 3564 αὐτῶν
2098 3507 2212 3564 τῶν
2280 3503 2636 3586 μιγνυμένων
2692 3505 2980 3588 σωμάτων
3024 3509 3207 3576 σωζο-

615 3803 634 3854 1
678 3799 773 3854 οὐκ
809 3800 1024 3868 ἀτόμους
1061 3799 1202 3851 Diels
1229 3799 1410 3866 Apelt:
1449 3798 1507 3851 οὐ
1545 3798 1672 3852 κατ’
1698 3797 1881 3857 ἄλλους
1913 3799 2031 3852 libri
2209 3799 2240 3851 2
2278 3803 2397 3868 post
2434 3797 2655 3854 σὺνθεσιν
2692 3801 2917 3854 fenestra
2942 3799 2972 3851 7
3000 3802 3101 3854 litt.
3130 3803 3185 3854 in
3211 3801 3311 3854 fine

609 3904 787 3942 versus
825 3891 874 3939 A
1087 3885 1202 3938 fort.
1239 3882 1362 3956 (ἐφ’)
1398 3885 1458 3956 ἧς
1693 3885 1724 3936 9
1781 3885 1845 3938 αὖ
1891 3893 1995 3939 τῶν
2036 3888 2200 3940 Diels:
2254 3887 2421 3941 αὐτῶν
2462 3889 2579 3942 libri
2804 3888 3101 3961 διωρισμένη
3140 3929 3151 3940 .
3180 3929 3193 3940 .
3230 3907 3311 3942 κε-

607 3976 893 4050 χωρισμένη
943 3977 1022 4027 Ra
1256 3974 1320 4026 10
1374 3973 1602 4043 τοσῆςδε]
1649 3974 1842 4044 τοιῆσδε
1882 3979 1959 4028 Ra
2202 3978 2253 4028 ll
2318 3978 2435 4046 (τῷ)
2482 3977 2572 4044 μὲν
2619 3978 2829 4046 scripsi:
2888 3979 2980 4046 μὲν
3028 3981 3181 4032 Ana:
3239 3975 3313 4031 ὅτι

607 4069 700 4134 μὲν
737 4066 893 4118 BPS:
931 4061 1036 4114 ἐπεὶ
1082 4065 1174 4129 μὲν
1213 4061 1378 4114 Ideler
1587 4061 1732 4130 εἶναι]
1771 4063 1901 4114 ἐστιν
1940 4065 2059 4116 εἶναι
2100 4063 2210 4116 A&
2426 4065 2487 4116 14
2524 4063 2751 4136 χαλεπήν
2790 4083 2845 4118 τε
2882 4065 3047 4118 Diels:
3085 4065 3309 4138 χαλεπὴν

607 4151 847 4226 (χαλεπὸν
886 4153 989 4214 SP)
1036 4148 1088 4202 δὲ
1137 4151 1388 4203 ABSCP:
1444 4149 1670 4222 χαλεπὴν
1717 4155 1792 4204 Ra
1980 4151 2165 4222 ἑκάστη
2206 4157 2254 4203 Α
2440 4153 2499 4205 15
2539 4157 2659 4204 ante
2696 4153 2845 4212 ἄλλος
2881 4156 2923 4208 C
2962 4155 3059 4208 del.
3086 4155 3139 4208 δὲ

609 4239 758 4297 ἄλλος
795 4237 922 4308 ἄλλη
962 4241 1168 4290 ABGP:
1209 4235 1358 4294 ἄλλος
1391 4237 1454 4289 St
1493 4235 1620 4308 άλλη
1659 4235 1816 4306 ἄλλην
1855 4241 1929 4292 Ra
2132 4239 2211 4292 15.
2244 4240 2304 4292 16
2342 4239 2681 4310 ἀπετράπετο]
2718 4241 2956 4310 ἐράπτετο
2994 4245 3073 4296 Ra

615 4329 676 4382 16
717 4325 992 4396 διαλαβεῖν]
1030 4323 1282 4396 διαλαχεῖν
1319 4327 1398 4377 Ra
1648 4325 1708 4377 17
1747 4325 1879 4389 (καὶ)
1914 4331 2003 4380 τοῦ
2032 4326 2197 4380 Ideler
2446 4327 2509 4378 18
2556 4329 2948 4400 παρεχομένους]
2994 4332 3313 4404 παρεχόμενα

605 4419 734 4469 BRa
947 4412 1026 4464 19.
1066 4412 1136 4464 20
1173 4412 1710 4484 κατὰ-κιρναμένων
1747 4429 1847 4465 om.
1883 4417 1964 4465 PS
2150 4413 2208 4466 19
2246 4421 2350 4466 τῶν
2386 4414 2745 4484 διαιρουμένων
2769 4419 2847 4469 Ra
3021 4423 3125 4470 τῶν
3147 4420 3311 4472 ABG:

608 4503 695 4556 καὶ
715 4505 794 4556 Ra
934 4499 1000 4553 24
1025 4499 1428 4570 παρακειμένων]
1451 4500 1807 4571 περικειμένων
1827 4503 1905 4553 Ra
2046 4501 2113 4555 25
2140 4500 2376 4555 δΰνασθαι
2400 4519 2499 4556 om.
2519 4521 2550 4555 a
2692 4503 2757 4557 26
2784 4503 3012 4574 ὤκνησεν
3032 4505 3310 4558 Schwartz:

610 4591 848 4660 ὤκνησαν
885 4589 1008 4642 libri
1218 4587 1283 4640 27
1324 4586 1596 4658 παραθέσει
1631 4587 1682 4641 δὲ
1721 4586 1924 4658 τοιαὺτῃ
1964 4587 2148 4642 Ama:
2187 4587 2458 4658 παράθεσιν
2494 4589 2546 4643 δὲ
2583 4591 2820 4662 τοιαύτην
2845 4592 3105 4646 A¹BCPS

609 4677 795 4749 κρίσεις
832 4677 904 4728 A¹
1083 4676 1170 4728 καὶ
1215 4676 1261 4729 οἱ
1300 4678 1503 4730 ACPS:
1559 4677 1646 4728 καὶ
1687 4673 1714 4728 ὁ
1751 4679 1822 4728 B:
1880 4677 1927 4728 οἱ
1962 4679 2041 4729 Ra
2234 4675 2317 4728 27.
2356 4676 2421 4730 28
2476 4677 2599 4730 εἶναι
2648 4676 2771 4749 ὕλην
2821 4683 2896 4733 Ra
3094 4679 3161 4734 28
3200 4679 3311 4750 βου-

609 4763 818 4832 λόμενος
856 4778 956 4815 om.
992 4765 1170 4818 BCPS
1366 4764 1432 4816 29
1473 4762 1702 4836 βούλεται
1737 4780 1838 4817 om.
1880 4765 1977 4818 A¹:
2036 4762 2220 4838 βουλῆς
2245 4767 2359 4822 CP:
2416 4765 2633 4822 fortasse
2674 4767 2727 4824 δὲ
2929 4767 2990 4824 31
3050 4767 3179 4842 λέγει
3222 4769 3315 4822 A¹=

610 4851 772 4921 λέγων
817 4852 904 4906 rel.
