3684 5567
1418 253 1703 312 BIBAION
1741 251 2000 311 ΤΡῙΤΟΝ
2036 256 2176 309 7-8
3072 255 3156 319 93

544 434 625 513 τῷ
673 430 737 493 δὲ
782 429 907 493 κατ’
950 429 1240 514 ἐνέργειαν
1287 428 1555 513 αἰσθητῷ
1602 424 1714 512 (ἐν)
1758 433 1846 514 τῷ
1895 426 2139 513 ἔχεσθαι
2185 431 2249 492 τὸ
2295 429 2447 497 εἶδος
2491 428 2670 492 αὐτοῦ
2718 427 2899 511 χωρὶς
2945 430 3048 508 τῆς

543 532 699 614 ῦλης.
774 534 827 595 εἰ
856 533 966 616 γάρ
998 532 1149 595 ἐστιν
1179 532 1218 614 ἡ
1249 534 1467 617 κίνησις
1497 529 1589 614 (ἢ)
1621 532 1733 594 ὑπὸ
1763 534 1868 594 τοῦ
1896 536 2185 599 κινοῦντος
2214 530 2483 615 γινομένη
2531 528 2626 614 [ἢ]
2661 529 2720 591 ἐν
2751 533 2834 612 τῷ
2869 550 3048 591 κινου-

544 632 699 717 μένῳ
746 636 845 697 καὶ
889 635 955 697 τὸ
1008 634 1199 703 πάθος
1242 635 1309 697 τὸ
1356 634 1467 696 ὑπὸ
1510 636 1613 695 τοῦ
1658 637 1959 701 ποιοῦντος
2001 632 2298 717 γινόμενον
2343 632 2406 695 ἐν
2447 638 2532 716 τῷ
2573 630 2906 714 ποιουμένῳ
2953 631 3048 693 καὶ
3075 644 3130 687 25

538 736 851 820 πάσχοντι,
902 736 908 821 Ι
957 736 1181 819 ἀνάγκη
1226 736 1321 799 καὶ
1364 736 1469 818 τὴν
1524 734 1639 798 ἀπὸ
1695 738 1797 797 τοῦ
1839 734 2126 817 αἰσθητοῦ
2181 735 2400 818 κίνησιν
2453 735 2547 796 καὶ
2602 736 2667 796 τὸ
2713 724 3006 815 γινόμενον
3052 737 3148 795 177

470 856 499 903 5
538 836 635 897 ὑπ’
690 836 869 902 αὐτοῦ
914 841 1107 908 πάθος
1148 839 1209 901 ἐν
1253 844 1329 921 τῇ
1376 838 1524 902 κατὰ
1568 836 1809 916 δύναμιν
1857 836 2131 920 αἰσθήσει
2175 835 2478 919 γενόμενον
2524 840 2707 899 ποιεῖν
2751 836 2857 919 τὴν
2901 832 3030 897 κατ’

539 939 824 1025 ἐνέργειαν
877 941 1179 1025 αἴσθησιν·
1214 944 1325 1009 -ὡς
1377 941 1485 1024 γὰρ
1540 941 1578 1021 ἡ
1633 937 1864 1021 ποίησις
1917 940 2015 1002 καὶ
2069 941 2108 1023 ἡ
2163 939 2419 1023 πάθησις
2484 939 2543 1000 ἐν
2597 943 2682 1022 τῷ
2739 938 3042 1021 πάσχοντι,

538 1040 658 1105 ἀλλ’
713 1042 821 1106 οὐκ
866 1044 927 1107 ἐν
972 1049 1059 1129 τῷ
1107 1047 1363 1105 ποιοῦντι
1413 1041 1515 1126 (ἦν
1558 1041 1670 1125 γὰρ
1714 1042 1781 1103 τὸ
1826 1045 2028 1103 ποιοῦν
2075 1043 2334 1125 πάσχον,
2389 1040 2486 1104 καὶ
2530 1040 2702 1103 ταύτὸ
2748 1040 2813 1102 τὸ
2861 1044 3044 1102 ποιεῖν
3097 1054 3125 1095 5

534 1166 596 1206 τε
639 1144 736 1207 καὶ
780 1149 1053 1231 πάσχειν,
1100 1150 1181 1215 ὡς
1226 1144 1439 1215 ἔδειξεν
1484 1144 1545 1207 ἐν
1578 1144 1815 1225 Φυσικῇ
1863 1141 2190 1226 ἀκροάσει),
2238 1142 2421 1210 οὕτως
2471 1142 2562 1204 καὶ
2607 1142 2646 1223 ἡ
2691 1146 2794 1204 τοῦ
2840 1142 3046 1225 αἰσθη-

449 1285 467 1295 ›·
537 1250 637 1308 τοῦ
685 1249 779 1310 καὶ
825 1250 865 1331 ἡ
912 1252 1013 1311 τοῦ
1044 1248 1407 1329 αἰσθητικοῦ.
1476 1244 1693 1309 τούτων
1738 1246 1804 1308 δὲ
1849 1249 2052 1307 τοῦτον
2093 1243 2350 1327 ἐχόντων
2396 1244 2492 1305 τὸν
2538 1243 2750 1327 τρόπον
2795 1245 2893 1308 καὶ
2939 1248 3044 1326 τῆς

436 1368 499 1414 10
535 1344 659 1412 κατ’
715 1348 1001 1432 ἐνέργειαν
1055 1350 1395 1433 αἰσθήσεως
1449 1348 1751 1431 γινομένης
1802 1353 1881 1431 τῇ
1939 1351 2056 1409 τῶν
2109 1345 2281 1407 εἰδῶν
2337 1349 2452 1408 τῶν
2512 1346 2813 1429 αἰσθητῶν
2869 1348 3044 1431 λήψει
3069 1361 3126 1403 ιο

532 1452 716 1537 χωρὶς
756 1456 861 1535 τῆς
907 1452 1069 1535 ὕλης,
1114 1450 1333 1533 γένοιτο
1378 1448 1447 1513 ἂν
1489 1452 1629 1533 ἡμῖν
1676 1450 1931 1532 εὐλόγως
1978 1448 2101 1530 ἅμα
2146 1451 2224 1530 τῇ
2257 1447 2530 1531 αἰσθήσει
2574 1453 2692 1511 τῶν
2738 1449 3040 1531 αἰσθητῶν

530 1554 624 1617 καὶ
670 1554 1046 1638 συναίσθησις
1097 1559 1198 1617 τοῦ
1243 1553 1631 1616 αἰσθάνεσθαι
1681 1552 1831 1615 κατὰ
1885 1552 1987 1634 τὴν
2040 1550 2220 1634 αὐτὴν
2267 1549 2560 1633 αἴσθησιν.
2649 1554 2738 1634 τῷ
2786 1551 2891 1632 μὲν
2935 1550 3042 1635 γὰρ

530 1656 645 1719 ἀπὸ
689 1660 806 1719 τῶν
852 1656 1155 1740 αἰσθητῶν
1202 1652 1419 1725 ἔξωθεν
1467 1654 1648 1718 ὄντων
1694 1654 2006 1738 λαμβάνειν
2052 1655 2118 1716 τὸ
2165 1653 2314 1722 εἶδος
2359 1654 2398 1735 ἡ
2439 1652 2671 1715 ἐκείνων
2717 1652 3037 1739 ἀντίληψις,
3068 1670 3120 1711 15

526 1761 611 1842 τῷ
659 1758 723 1821 δὲ
768 1759 829 1821 ἐν
887 1759 1069 1843 ἑαυτῇ
1117 1760 1221 1842 τὴν
1267 1757 1539 1841 αἴσθησιν
1583 1758 1649 1819 τὸ
1680 1755 1835 1826 εἶδος
1879 1754 2036 1840 ἔχειν
2081 1759 2197 1818 τῶν
2237 1756 2537 1839 αἰσθητῶν
2585 1756 2681 1819 καὶ
2726 1757 2819 1821 διὰ
2863 1761 3029 1820 τοῦτο

428 1879 488 1927 15
525 1860 621 1923 καὶ
672 1860 886 1944 ταύτης
938 1884 1063 1929 πως
1120 1857 1507 1925 αἰσθάνεσθαι
1560 1860 1597 1942 ἡ
1657 1858 2050 1941 συναίσθησις.
2143 1858 2196 1920 εἰ
2245 1858 2354 1941 γὰρ
2410 1858 2476 1922 τὸ
2533 1859 2673 1942 ὁρᾶν
2730 1860 2876 1922 κατὰ
2931 1860 3036 1942 τὴν

528 1967 626 2026 τοῦ
670 1962 862 2032 εἴδους
915 1967 1016 2027 τοῦ
1061 1963 1350 2046 αἰσθητοῦ
1406 1965 1579 2045 λῆψιν
1634 1962 1880 2042 γίνεται,
1938 1958 2140 2044 ὅμοιος
2193 1961 2256 2023 δὲ
2315 1962 2346 2021 ὁ
2403 1961 2572 2041 λόγος
2626 1962 2721 2024 καὶ
2776 1962 2871 2025 ἐπὶ
2916 1967 3032 2024 τῶν
3064 1980 3121 2021 ει)

527 2063 719 2128 ἄλλων
765 2066 1134 2149 αἰσθήσεων,
1190 2066 1451 2149 λαβοῦσα
1504 2065 1569 2126 τὸ
1616 2064 1770 2131 εἶδος
1824 2064 1936 2147 6ρᾷ
1993 2064 2087 2126 καὶ
2147 2063 2326 2145 αὑτὴν
2381 2064 2506 2145 ἅμα
2558 2064 2792 2147 ὁρῶσαν
2837 2065 3038 2148 ὁρῶσα

527 2168 753 2248 γίνεται.
845 2166 1034 2250 ἠμὲν
1090 2168 1163 2250 δὴ
1209 2166 1589 2250 συναίσθησις
1642 2169 1744 2228 τοῦ
1798 2165 2184 2228 αἰσθάνεσθαι
2241 2165 2510 2250 γινομένη
2570 2165 2630 2227 ἐν
2675 2172 2760 2251 τῷ
2804 2166 2910 2248 τὴν
2955 2164 3038 2228 αἴ-

526 2269 732 2352 σθησιν
778 2268 913 2351 ἅμα,
932 2292 996 2331 τε
1028 2267 1160 2352 [τῇ]
1202 2273 1303 2331 τοῦ
1335 2268 1623 2351 αἰσθητοῦ
1655 2266 1753 2331 καὶ
1796 2271 1903 2351 τῆς
1949 2268 2095 2336 ἰδίας
2139 2268 2268 2351 περὶ
2315 2267 2380 2330 τὸ
2426 2268 2708 2351 αἰσθητὸν
2754 2269 3042 2352 ἐνεργείας
3067 2282 3122 2326 25

420 2390 487 2437 20
522 2371 924 2435 αἰσθάνεσθαι.
1002 2373 1091 2434 διὸ
1138 2370 1196 2439 ἐξ
1243 2372 1500 2455 ἀνάγκης
1544 2371 1745 2434 ἕπεται
1787 2371 1955 2432 παντὶ
1984 2374 2070 2453 τῷ
2103 2369 2513 2454 αἰσθανομένῳ
2549 2372 3039 2436 συναισθάνεσθαι

502 2476 596 2537 καὶ
648 2474 861 2537 ἑαυτοῦ
919 2472 927 2559 Ι
985 2473 1411 2556 αἰσθανομένου
1466 2477 1551 2556 τῷ
1617 2472 1868 2535 ἕπεσθαι
1926 2477 2004 2554 τῇ
2061 2472 2334 2555 αἰσθήσει
2395 2474 2792 2558 αἰσθανομένῃ
2853 2478 3003 2545 τινὸς
3049 2482 3143 2539 178

522 2581 635 2638 τῶν
678 2575 981 2660 αἰσθητῶν
1026 2573 1140 2645 ἔξω
1186 2573 1349 2643 ὄντος
1392 2572 1457 2637 τὸ
1505 2574 1630 2658 ἅμα
1674 2575 1769 2637 καὶ
1817 2574 2031 2657 ἑαυτῆς
2073 2574 2480 2638 αἰσθάνεσθαι.

520 2861 689 2925 VIII.
782 2860 863 2926 Εἰ
906 2863 1246 2947 αἰσθητὸν
1302 2862 1333 2925 ὃ
1380 2865 1634 2931 πάσαις
1686 2865 1839 2932 ταῖς
1887 2862 2313 2946 αἰσθήσεσιν
2358 2864 2534 2927 κατὰ
2579 2867 3039 2953 συμβεβηκὸς
3090 2884 3118 2927 5

1589 2964 1959 3048 αἰσθητόν.

414 3178 480 3227 25
688 3158 762 3223 Εἰ
808 3165 913 3245 μιᾷ
956 3161 1230 3243 αἰσθήσει
1274 3160 1421 3224 κατὰ
1465 3159 1835 3245 συμβεβηκός
1882 3159 2035 3223 ἐστιν
2081 3158 2366 3243 αἰσθητὸν
2413 3162 2477 3224 τὸ
2523 3160 2663 3246 ἔχον
2708 3170 2824 3227 τῶν
2872 3166 3030 3228 ἰδίων

518 3262 797 3345 τιταότῃ
852 3268 927 3345 τῇ
975 3264 1249 3347 αἰσθήσει
1301 3264 1601 3347 αἰσθητῶν
1650 3263 2026 3346 συμβεβηκὸς
2077 3264 2275 3348 ἑαυτῷ
2330 3264 2458 3347 (διὰ
2501 3266 2609 3349 γὰρ
2653 3272 2758 3351 τῆς
2802 3274 2904 3331 τοῦ
2948 3268 3031 3331 αἰ-

519 3364 741 3447 σθητοῦ
786 3364 1150 3449 ἀντιλήψεως
1191 3365 1409 3448 γίνεται
1453 3367 1550 3429 καὶ
1595 3367 1633 3448 ἡ
1681 3369 1783 3428 τοῦ
1828 3364 1978 3428 κατὰ
2019 3365 2414 3449 συμβεβηκός·
2463 3368 2618 3430 οὕτω
2662 3370 2772 3454 γὰρ
2817 3372 2854 3453 ἡ
2905 3369 3033 3455 ὄψις
3062 3388 3117 3429 ιο

515 3465 754 3547 γλυκέος
796 3465 883 3529 ὅτι
928 3471 1014 3553 τῷ
1050 3470 1234 3552 ὠχρῷ
1284 3468 1649 3553 συμβέβηκεν
1695 3466 1840 3530 εἶναι
1879 3471 2085 3549 γλυκεῖ
2123 3490 2186 3529 τε
2230 3469 2326 3531 καὶ
2359 3468 2598 3551 μέλιτι),
2645 3470 2709 3533 εἴ
2743 3495 2827 3541 τις
2872 3473 3029 3556 λέγοι

518 3592 569 3631 τι
622 3571 833 3638 πάσαις
884 3574 1011 3640 ταῖς
1076 3569 1390 3652 αἰσθήσεσι
1445 3571 1593 3634 κατὰ
1647 3570 2014 3655 συμβεβηκὸς
2077 3569 2221 3633 εἶναι
2278 3570 2587 3655 αἰσθητόν,
2619 3573 2823 3649 ωοῦτος
2875 3576 3032 3659 λέγοι

411 3690 479 3738 30
517 3671 607 3747 ἄν,
651 3676 843 3747 τοῦτο,
888 3672 924 3735 ὅ
960 3694 1104 3757 φησι
1135 3674 1350 3741 πάσαις
1394 3673 1543 3736 κατὰ
1582 3673 1952 3757 συμβεβηκὸς
1997 3676 2122 3740 ταῖς
2151 3673 2494 3757 αἰσθήσεσιν
2539 3676 2821 3760 αἰσθητὸν
2867 3676 3030 3753 εἶναι,
3062 3696 3114 3737 15

518 3772 677 3859 ἔχειν
720 3774 847 3837 τινὰ
890 3774 1303 3860 συμβεβηκότα
1348 3780 1614 3849 τοιαῦτα,
1669 3775 1751 3837 ὧν
1794 3774 1862 3836 τὸ
1917 3774 2020 3855 μὲν
2067 3776 2143 3856 τῇ
2191 3776 2318 3858 ἁφῇ
2375 3775 2512 3839 καθ’
2567 3776 2708 3840 αὑτό
2755 3779 2904 3844 ἐστιν
2949 3782 3032 3845 αἰ-

516 3876 763 3959 σθητόν,
820 3876 885 3939 τὸ
930 3878 996 3940 δὲ
1039 3880 1117 3960 τῇ
1162 3878 1383 3960 γεύσει,
1436 3877 1501 3940 τὸ
1548 3877 1613 3940 δὲ
1658 3880 1734 3960 τῇ
1781 3876 2095 3961 ὀσφρήσει,
2147 3876 2214 3938 τὸ
2259 3878 2324 3940 δὲ
2369 3884 2442 3961 τῇ
2491 3880 2678 3962 ἀκοῇ,
2733 3882 2798 3944 τὸ
2845 3884 2910 3946 δὲ
2951 3889 3029 3968 τῇ

416 4148 442 4207 1,
480 4145 731 4218 αἰσθητῷ]
769 4150 847 4217 τῷ
883 4164 924 4201 ε.
964 4166 1010 4201 v.
1052 4153 1097 4199 V
1278 4150 1331 4202 ἐν
1367 4148 1483 4202 add.
1521 4149 1611 4217 Sp.
1789 4148 1940 4218 εἶδος]
1977 4148 2100 4202 εἶναι
2137 4167 2169 4202 a
2328 4148 2360 4200 2
2397 4150 2486 4203 alt.
2525 4152 2557 4221 ἠ
2595 4152 2712 4205 add.
2752 4154 2840 4223 Sp.
3019 4160 3136 4209 tert.

410 4234 443 4303 ἡ
481 4234 578 4287 del.
616 4234 708 4303 Sp.
921 4237 955 4288 4
993 4236 1115 4305 ἀπὸ]
1156 4236 1254 4289 ὑπὸ
1291 4238 1427 4289 coni.
1467 4236 1554 4303 Sp.
1751 4237 1785 4289 8
1830 4234 2033 4309 Φυσικῇ
2079 4235 2336 4308 ἀκροάσει]
2393 4237 2484 4303 111,
2518 4238 2568 4291 3.
2619 4239 2828 4293 202n21
2861 4257 2975 4310 sqq.

412 4322 442 4372 9
479 4319 777 4392 αἰσθητικοῦ
800 4322 936 4375 vict.
955 4322 1069 4391 Sp.:
1105 4322 1549 4393 αἰσθητικωτάτου
1584 4323 1703 4377 libri
1889 4323 1950 4376 12
1989 4320 2304 4394 συναίσθησις
2342 4324 2454 4391 Sp.:
2506 4325 2820 4398 συναισθήσει
2857 4329 2976 4382 libri

416 4406 475 4457 17
519 4408 741 4461 fortasse
784 4410 891 4473 (καὶ
926 4410 959 4479 ἡ
998 4408 1133 4480 ὄψις>
1177 4410 1399 4480 λαβοῦσα
1682 4409 1841 4481 αὐτὴν
1881 4416 1930 4464 V
2190 4410 2254 4463 19
2292 4430 2346 4464 τε
2385 4412 2600 4466 damnat
2638 4414 2726 4483 Sp.
2967 4415 3032 4467 19
3068 4420 3136 4487 τῇ

409 4494 788 4563 circumscripsi
1025 4494 1271 4566 αἰσθητοῦ
1309 4497 1457 4569 λήψει
1496 4498 1583 4551 καὶ
1621 4497 1759 4549 Vict.
1798 4498 1888 4565 Sp.
2113 4498 2172 4551 τὸ
2211 4497 2451 4569 αἰσθητὸν
2489 4502 2561 4553 Sa
2597 4500 2714 4568 Spa
2763 4505 2854 4555 τοῦ
2892 4500 3132 4574 αἰσθητὸν

410 4576 743 4650 (αἰσθητῶνῖ)
780 4586 831 4633 V
1043 4582 1107 4635 21
1165 4586 1239 4653 τῷ
1284 4587 1325 4636 F
1368 4583 1483 4651 Sp.:
1538 4588 1629 4637 τοῦ
1667 4584 1787 4637 libri
2005 4585 2072 4637 22
2122 4585 2327 4655 ἑαυτῆς]
2367 4586 2544 4639 ἑαυτοῦ
2583 4586 2670 4654 Sp.
2922 4590 2989 4642 23
3026 4598 3135 4648 ταῖς

410 4680 508 4717 om.
546 4684 575 4719 a
806 4668 873 4722 25
931 4669 996 4739 εἰ]
1044 4672 1150 4723 ἐπεὶ
1197 4672 1331 4723 coni.
1379 4670 1469 4738 Sp.
1684 4671 1750 4723 26
1806 4670 2064 4742 αἰσθητῶν
2112 4676 2230 4727 FSa
2273 4674 2392 4741 Sp.:
2442 4671 2683 4743 αἰσθητὸν
2721 4666 2766 4724 V
2983 4676 3050 4727 29
3087 4694 3135 4728 τι

411 4754 615 4821 scripsi:
654 4753 731 4807 ὅτι
766 4755 885 4810 libri
1080 4755 1325 4827 αἰσθητόν
1366 4762 1412 4809 V
1606 4756 1754 4816 οὗτος
1800 4760 1960 4811 Vict.:
2000 4756 2164 4818 οὕτως
2201 4760 2320 4812 libri
2489 4759 2591 4811 .32
2629 4763 2696 4832 τῇ
2733 4766 2858 4813 ante
2896 4760 3134 4831 ὀσφρήσει

418 4838 549 4892 infra
583 4856 785 4894 versum
822 4842 868 4893 V
