3684 5567
493 268 580 333 84
1470 262 1777 321 ΑΠΟΡΙΩΝ
1816 261 1940 317 ΚΑΙ
1978 261 2244 318 ΛΥΣΕΩΝ

602 438 663 501 ἐν
710 438 967 503 ἐπιδόσει
1010 438 1283 522 γενέσθαι
1327 443 1404 522 τῇ
1452 440 1603 502 καθὸ
1650 436 1777 523 ἔχει
1824 437 1937 501 ὑπὸ
1983 442 2084 501 τοῦ
2129 438 2384 521 ἐνεργείᾳ
2431 434 2592 505 ὄντος
2635 438 2732 499 καὶ
2778 436 3002 519 ὁμοίου.
3073 437 3196 518 ἡιε

600 540 708 622 γὰρ
754 540 901 606 κατὰ
945 543 1050 624 τὴν
1080 541 1193 611 ἕξιν
1240 541 1335 603 καὶ
1380 541 1648 622 τοιαύτην
1693 540 1932 621 δύναμιν
1967 539 2224 622 ἐνέργεια
2268 537 2560 621 τελειότης
2604 536 2752 601 οὖσα
2796 543 2903 621 τῆς
2931 538 3107 608 ἕξεως

598 644 667 705 οὐ
714 643 862 707 κατὰ
904 644 1009 727 τὴν
1055 644 1135 713 εἰς
1180 642 1503 717 τούναντίον
1552 643 1877 726 μεταβολὴν
1923 644 2186 725 γίγνεται,
2236 640 2385 705 ἀλλὰ
2428 642 2578 705 κατὰ
2621 641 2726 722 τὴν
2777 645 2878 704 τοῦ
2923 640 3102 704 αὐτοῦ

601 744 662 813 ἐξ
707 746 906 829 ἀργίας
950 746 1031 815 εἰς
1074 745 1390 828 ἐνέργειαν·
1439 744 1505 807 τὸ
1549 744 1659 827 γὰρ
1704 742 1845 828 ἔχον
1890 744 1994 827 τὴν
2034 746 2360 827 ἐπιστήμην
2405 742 2670 828 ἐνεργοῦν
2713 742 2924 826 γίνεται
2970 740 3096 806 κατ’
3133 760 3191 801 ω

527 864 557 912 5
596 843 799 930 αὐτήν,
845 848 877 911 ὃ
922 848 1003 918 εἰς
1049 848 1113 910 τὸ
1159 845 1301 911 αὐτὸ
1347 848 1443 911 καὶ
1488 845 1687 929 ὅμοιον
1733 846 1988 915 ἐπίδοσίς
2031 847 2204 911 ἐστιν.
2293 846 2510 926 ὁμοίως
2552 845 2620 908 δὲ
2665 846 2846 907 εἰπὼν
2893 849 2974 915 ὡς
3018 846 3110 909 δύ·

596 969 766 1033 ναμις
809 948 938 1036 ἔχει
984 951 1129 1034 πρὸς
1170 948 1556 1033 ἐντελέχειαν,
1602 954 1728 1019 πῶς
1759 950 1856 1013 καὶ
1902 950 2040 1013 ποία
2084 950 2321 1031 δύναμις
2365 950 2461 1011 καὶ
2507 948 2650 1033 πρὸς
2695 948 2863 1010 ποίαν
2897 947 3110 1011 ἐντελέ-

595 1072 760 1135 χειαν
792 1050 1002 1122 ἔδειξεν
1033 1052 1328 1137 προσθείς.
1398 1052 1711 1135 θεωροῦν
1741 1052 1868 1135 γὰρ
1899 1053 2168 1135 γίνεται
2198 1050 2273 1112 τὸ
2305 1048 2470 1135 ἔχον
2517 1051 2638 1133 τὴν
2684 1050 3108 1134 ἐπιστήμην,

596 1153 722 1236 ἥτις
767 1156 1058 1240 μεταβολὴ
1106 1154 1215 1217 οὐκ
1267 1152 1423 1217 ἔστιν
1470 1154 1806 1230 ἀλλοίωσις,
1861 1152 2025 1237 εἴγε
2080 1155 2117 1237 ἡ
2165 1154 2270 1236 μὲν
2326 1152 2636 1219 ἀλλοίωσις
2689 1151 2751 1220 ἐξ
2795 1150 2978 1214 ἄλλου
3025 1153 3186 1221 sices

595 1254 741 1318 ἄλλο
785 1258 882 1321 καὶ
928 1257 988 1326 ἐξ
1032 1256 1287 1320 ἐναντίου
1343 1256 1465 1318 ἐστὶ
1520 1256 1845 1341 μεταβολή,
1903 1258 1941 1339 ἡ
1989 1255 2044 1321 δ’
2099 1256 2168 1318 ἐκ
2222 1258 2322 1317 τοῦ
2375 1254 2530 1318 οὕτω
2584 1256 2825 1337 δυνάμει
2871 1254 2954 1322 εἰς
2997 1254 3102 1335 τὴν

493 1379 555 1425 ιο
592 1358 879 1443 ἐνέργειαν
912 1360 1023 1443 (εἰς
1054 1359 1194 1422 αὐτὸ
1232 1358 1341 1442 γὰρ
1372 1356 1526 1421 τοῦτ’
1568 1358 1740 1434 ἐστίν,
1787 1357 1819 1420 ὃ
1852 1356 1980 1443 ἔχει
2011 1359 2106 1421 καὶ
2137 1357 2290 1420 καθὸ
2339 1353 2346 1441 1
2397 1354 2552 1441 ἔχει)
2600 1356 2855 1424 ἐπίδοσίς
2890 1354 3063 1418 ἐστιν.
3111 1361 3211 1420 158

592 1461 653 1544 ἤ,
698 1464 751 1524 εἰ
795 1462 888 1525 δεῖ
926 1462 1022 1525 καὶ
1068 1466 1235 1524 τοῦτο
1283 1461 1590 1524 ἀλλοίωσιν
1630 1460 1837 1543 λέγειν,
1885 1461 2081 1544 ἕτερον
2127 1459 2198 1523 ἄν
2243 1483 2296 1522 τι
2340 1458 2432 1543 εἴη
2477 1459 2640 1541 γένος
2684 1459 2781 1521 καὶ
2827 1456 2976 1541 ἄλλη
3022 1480 3107 1527 τις

591 1564 762 1642 φύσις
813 1565 1204 1632 ἀλλοιώσεως.
1297 1562 1385 1625 ὅτι
1438 1564 1502 1625 δὲ
1556 1563 1621 1625 τὸ
1684 1565 1934 1648 πάσχειν
1991 1566 2072 1631 ὡς
2133 1562 2255 1626 ἴσον
2311 1560 2518 1647 ἔλαβεν
2578 1565 2664 1645 τῷ
2723 1558 3106 1623 ἀλλοιοῦσθαι

588 1664 797 1736 ἔδειξεν
827 1668 1007 1729 εἰπὼν
1042 1664 1210 1749 ὅπερ
1257 1662 1383 1727 οὐκ
1426 1662 1612 1729 ἔστιν
1659 1664 2156 1728 ἀλλοιοῦσθαι·
2207 1668 2289 1734 ὡς
2331 1664 2439 1748 γὰρ
2487 1662 2610 1728 ἴσον
2647 1662 2694 1745 †
2721 1662 2814 1746 εἴη
2846 1662 2908 1724 ἐν
2940 1663 3102 1746 αὐτῷ
3155 1680 3184 1721 5

584 1767 759 1851 <ὅπερ
814 1766 921 1832 οὐκ
976 1766 1097 1831 ἔστι
1150 1764 1463 1852 πάσχειν’.
1563 1766 1595 1829 ὃ
1651 1766 1836 1836 δείξας
1889 1768 2277 1851 προσέθηκεν,
2345 1765 2434 1829 ὅτι
2479 1767 2560 1849 μὴ
2607 1768 2726 1850 χρὴ
2772 1764 2960 1847 λέγειν
3003 1766 3101 1827 τὸν

487 1890 547 1938 15
586 1872 911 1955 φρονοῦντά
952 1892 1007 1931 τι
1050 1870 1145 1931 καὶ
1201 1872 1445 1931 νοοῦντα
1490 1868 1900 1943 ἀλλοιοῦσθαι,
1958 1869 2010 1931 εἰ
2053 1869 2118 1931 δὲ
2165 1870 2246 1952 μὴ
2292 1868 2702 1942 ἀλλοιοῦσθαι,
2757 1866 2893 1931 οὐδὲ
2935 1871 3100 1931 κινεῖ·

584 1973 739 2037 σθαι.
831 1972 882 2035 εἰ
926 1972 1035 2056 γὰρ
1082 1972 1166 2054 μὴ
1210 1970 1546 2043 ἀλλοίωσις,
1594 1972 1769 2053 δῆλον
1816 1974 1900 2039 ὡς
1943 1969 2080 2033 οὐδὲ
2125 1971 2270 2033 κατὰ
2316 1970 2492 2033 τόπον
2539 1970 2675 2033 οὐδὲ
2720 1970 2885 2033 ποιὸν
2932 1992 3098 2053 μετα-
3129 1986 3182 2027 ιο

585 2075 751 2160 βολή.
834 2074 1069 2156 τοιαύτη
1116 2072 1181 2135 δὲ
1226 2073 1319 2135 καὶ
1364 2074 1402 2155 ἡ
1448 2076 1551 2135 τοῦ
1596 2074 1837 2155 δυνάμει
1884 2070 2309 2153 αἰσθανομένου
2355 2072 2437 2141 εἰς
2480 2073 2546 2135 τὸ
2591 2072 2849 2155 ἐνεργείᾳ
2893 2072 3098 2135 αἰσθά-

583 2176 787 2239 νεσθαι
841 2176 1097 2243 ἐπίδοσίς
1150 2197 1213 2237 τε
1267 2176 1362 2237 καὶ
1418 2174 1734 2259 μεταβολή.
1824 2174 1913 2236 διὸ
1967 2172 2288 2259 κοινότερον
2344 2175 2382 2257 ἡ
2439 2173 2712 2258 αἴσθησις
2767 2175 3090 2243 ἀλλοίωσις.

586 2278 768 2341 εἰπὼν
814 2279 879 2342 δὲ
924 2282 1104 2340 ταῦτα
1150 2276 1408 2346 διέξεισιν
1454 2275 1548 2340 ἐπ’
1604 2276 1819 2355 αὐτοῖς,
1868 2278 2044 2339 ὁποία
2098 2276 2204 2358 μὲν
2251 2276 2544 2361 μεταβολὴ
2589 2277 2657 2340 ἐκ
2707 2281 2811 2340 τοῦ
2856 2278 3098 2360 δυνάμει

478 2399 545 2445 20
580 2382 663 2449 εἰς
706 2382 772 2443 τὸ
818 2380 1075 2465 ἐνεργείᾳ
1120 2380 1428 2448 ἀλλοίωσίς
1473 2380 1621 2455 ἐστι,
1675 2380 1813 2441 ποία
1859 2379 1924 2441 δὲ
1967 2377 2056 2441 οὔ.
2145 2379 2184 2461 ἡ
2233 2378 2338 2461 μὲν
2382 2378 2492 2465 γὰρ
2535 2380 2605 2442 ἐκ
2645 2384 2751 2463 τῆς
2797 2379 2970 2449 ἕξεως
3013 2381 3096 2447 εἰς
3125 2395 3176 2436 15

579 2482 685 2565 τὴν
731 2482 1015 2567 ἐνέργειαν
1063 2484 1165 2566 τὴν
1212 2483 1306 2544 διὰ
1349 2482 1594 2565 ταύτην,
1650 2486 1731 2551 ὡς
1775 2482 1841 2544 τὸ
1887 2484 2036 2545 νοεῖν
2083 2479 2240 2567 ἔχειν
2285 2485 2382 2546 καὶ
2425 2484 2492 2546 τὸ
2535 2488 2787 2567 φρονεῖν,
2834 2482 2961 2545 ἐπεὶ
3008 2482 3090 2565 μὴ

580 2584 677 2647 διὰ
723 2585 1092 2653 διδασκαλίας
1134 2584 1375 2667 γίνεται,
1422 2583 1529 2648 οὐκ
1573 2584 1884 2653 ἀλλοίωσις
1929 2584 2066 2647 οὐδὲ
2109 2584 2358 2669 κίνησις,
2415 2584 2535 2648 ἀλλ’
2593 2584 2790 2669 ἕτερόν
2835 2606 2886 2646 τι
2931 2583 3096 2665 γένος

586 2688 913 2771 μεταβολῆς
956 2685 1099 2769 (ὑπὸ
1146 2685 1253 2770 γὰρ
1300 2687 1404 2769 τὴν
1442 2685 1661 2769 γένεσιν
1708 2686 1801 2770 εἴη
1851 2686 1919 2749 ἂν
1960 2688 2198 2771 τοιαύτη
2246 2688 2560 2771 μεταβολή,
2607 2687 2768 2769 εἴγε
2811 2688 2876 2749 τὸ
2921 2688 3096 2749 τελει-
3119 2701 3177 2743 2⁰

575 2788 789 2851 οῦσθαι
833 2789 930 2852 καὶ
974 2790 1013 2871 ἡ
1060 2789 1143 2857 εἰς
1188 2792 1357 2851 τοῦτο
1404 2788 1661 2856 ἐπίδοσις
1690 2789 1991 2872 γινομένου
2036 2792 2164 2859 πώς
2208 2790 2379 2873 ἐστι),
2423 2790 2528 2873 τὴν
2565 2788 2682 2873 (δὲ)
2727 2790 2794 2853 ἐκ
2835 2793 2940 2871 τῆς
2985 2789 3101 2851 ὑλι-

468 2910 533 2958 25
572 2896 682 2975 κῆς
725 2891 1027 2975 δυναμέως
1070 2892 1155 2961 εἰς
1200 2892 1304 2973 τὴν
1350 2890 1461 2959 ἕξιν
1510 2892 1870 2977 μεταβολήν,
1924 2893 2050 2975 ἥτις
2091 2893 2306 2975 γίνεται
2361 2892 2509 2956 κατὰ
2553 2892 2921 2955 διδασκαλίαν
2966 2890 3095 2953 τινὰ

573 2994 670 3055 καὶ
694 2994 1003 3089 1μάθησιν,
1074 2992 1204 3076 ἤτοι
1248 2992 1372 3057 οὐδ’
1428 2992 1611 3077 αὐτὴν
1656 2994 1751 3057 διὰ
1796 2994 2027 3063 πάθους
2069 2995 2327 3077 γίνεσθαι
2374 2994 2606 3079 ῥητέον,
2677 2994 2839 3077 εἴγε
2881 2994 3095 3077 γίνεται
3120 3008 3177 3051 εὖ

574 3097 671 3159 καὶ
716 3094 863 3179 αὐτὴ
911 3096 996 3164 εἰς
1040 3096 1105 3157 τὸ
1154 3095 1411 3180 ἐνεργείᾳ
1455 3097 1559 3180 τὴν
1605 3096 1717 3165 ἕξιν
1764 3094 1921 3181 ἔχειν
1967 3098 2064 3160 καὶ
2109 3096 2447 3182 τελειότητα
2491 3097 2558 3161 ἐκ
2601 3102 2707 3180 τῆς
2753 3098 2958 3181 ὑλικῆς
2999 3098 3092 3159 δυ-

572 3200 802 3281 νάμεως
852 3196 858 3281 Ι
906 3196 1155 3279 (γένεσις
1198 3199 1307 3282 γάρ
1352 3222 1477 3267 πως
1522 3200 1619 3262 καὶ
1664 3200 1703 3281 ἡ
1744 3198 1982 3283 τοιαύτη
2039 3200 2384 3285 μεταβολή),
2428 3200 2522 3285 (ἢ)
2565 3201 2616 3262 εἰ
2655 3200 2754 3263 καὶ
2799 3200 2902 3282 τὴν
2948 3221 3057 3262 τοι·
3103 3204 3198 3261 159

534 3300 753 3383 ,αύτην
814 3301 1141 3386 μεταβολὴν
1196 3299 1352 3382 λέγοι
1407 3324 1488 3370 τις
1541 3302 1850 3365 ἀλλοίωσιν
1905 3308 1989 3385 τῷ
2055 3304 2137 3386 μὴ
2199 3307 2448 3387 φυσικοῦ
2511 3324 2662 3372 τινος
2715 3300 2908 3369 εἴδους
2959 3302 3092 3363 ἀνά-

470 3422 537 3469 30
575 3406 747 3483 ληψιν
802 3401 976 3477 εἶναι,
1032 3402 1135 3465 δύο
1188 3404 1306 3486 χρὴ
1364 3402 1614 3487 τρόπους
1652 3404 2043 3473 Ιἀλλοιώσεως
2095 3404 2240 3469 εἶναι
2293 3405 2508 3487 λέγειν,
2564 3405 2668 3488 τήν
2723 3427 2785 3467 τε
2839 3403 2936 3467 ἐπὶ
2987 3401 3092 3469 τὰς

572 3504 717 3573 ἕξεις
746 3505 1047 3587 γινομένην
1094 3506 1193 3567 καὶ
1236 3505 1340 3587 τὴν
1372 3504 1541 3587 φύσιν
1588 3529 1651 3568 τε
1691 3508 1791 3569 καὶ
1838 3508 1904 3570 τὸ
1944 3507 2090 3570 κατὰ
2137 3508 2304 3592 φύσιν
2346 3507 2448 3589 (τὸ
2479 3511 2614 3588 γοῦν
2661 3506 2885 3591 βέλτιον
2919 3505 3094 3587 μέρος
3145 3520 3175 3561 5

572 3606 654 3668 ὧν
700 3606 933 3669 δύναται
994 3606 1059 3669 τὸ
1107 3608 1420 3690 δυνάμενον
1465 3607 1613 3671 κατὰ
1660 3609 1829 3693 φύσιν
1877 3609 2090 3693 αὐτῷ),
2144 3610 2248 3693 τὴν
2297 3610 2360 3673 δέ
2403 3631 2527 3672 τινα
2571 3606 2674 3671 ἀπ’
2731 3607 2924 3670 αὐτῶν
2970 3606 3094 3691 βελ-

578 3707 781 3771 τιόνων
827 3708 1003 3777 ἕξεων
1058 3710 1141 3777 εἰς
1185 3710 1287 3779 τὰς
1332 3712 1673 3795 στερητικάς
1730 3694 2040 3780 διαθέσεις.
2130 3712 2312 3773 εἰπὼν
2359 3712 2425 3774 δὲ
2469 3716 2648 3773 ταῦτα
2693 3710 2791 3774 καὶ
2837 3710 3090 3793 διορίσας

582 3810 871 3893 μετῆλθεν
917 3809 1014 3873 ἐπὶ
1060 3811 1162 3893 τὴν
1193 3810 1486 3895 αἴσθησιν,
1534 3815 1631 3876 καὶ
1676 3811 1905 3889 ἔδειξεν,
1950 3814 2035 3881 τίς
2079 3814 2182 3897 μὲν
2216 3815 2256 3897 ἡ
2287 3816 2491 3897 πρώτη
2539 3812 2776 3893 δύναμίς
2807 3813 2948 3887 ἐστι,
2993 3814 3089 3875 καὶ
3121 3827 3174 3869 1⁰

467 3933 533 3982 35
572 3919 700 3982 πῶς
754 3912 852 3975 καὶ
906 3913 1019 3975 ὑπὸ
1074 3913 1227 3982 τίνος
1280 3914 1363 3984 εἰς
1408 3917 1510 3998 τὴν
1568 3915 1680 3985 ἕξιν
1738 3916 2087 4000 μεταβάλλει
2141 3917 2178 3998 ἡ
2232 3915 2468 3998 τοιαύτη
2525 3914 2789 3997 δύναμις,
2843 3918 2972 3983 πῶς
3025 3914 3092 3977 δὲ

575 4016 673 4078 καὶ
718 4015 832 4077 ὑπὸ
876 4015 1026 4084 τίνος
1070 4016 1109 4098 ἡ
1156 4016 1395 4099 δευτέρα
1440 4018 1523 4086 εἰς
1563 4018 1667 4101 τὴν
1714 4017 2023 4101 ἐνέργειαν,
2075 4017 2172 4079 καὶ
2216 4016 2371 4099 λέγει
2416 4018 2519 4101 τὴν
2565 4018 2668 4098 μὲν
2715 4016 2783 4079 ἐκ
2825 4022 2930 4101 τῆς
2976 4016 3090 4078 ὑλι-

571 4123 680 4201 κῆς
724 4118 1027 4199 δυνάμεως
1056 4118 1384 4202 μεταβολὴν
1417 4119 1500 4187 εἰς
1529 4120 1632 4201 τὴν
1664 4120 1810 4182 κατὰ
1856 4121 1961 4203 τὴν
1993 4118 2104 4189 ἕξιν
2139 4118 2409 4199 γενέσθαι
2454 4120 2589 4182 ὑπὸ
2634 4124 2752 4183 τοῦ
2796 4124 3091 4202 γεννῶν·
3117 4136 3172 4177 ιε

572 4244 685 4290 τος
748 4219 1012 4303 δηλονότι
1056 4220 1121 4283 τὸ
1186 4224 1341 4305 ζῷον
1395 4219 1492 4302 (τὸ
1538 4219 1648 4305 γὰρ
1692 4223 2048 4304 γεννώμενον
2093 4220 2327 4285 οὐδέπω
2371 4222 2476 4305 τὴν
2522 4220 2634 4291 ἕξιν
2679 4220 2808 4306 ἔχει
2852 4223 2959 4305 τὴν
3005 4222 3085 4285 αἰ-

466 4412 497 4461 9
536 4410 567 4479 ἡ
608 4408 775 4463 S²G²a
812 4412 929 4476 Spa
969 4407 1011 4461 εἰ
1046 4410 1325 4463 VS¹FBG¹
1490 4410 1551 4461 ll
1592 4406 1856 4468 ἀλλοίωσις
1891 4428 1925 4462 a
1961 4409 2049 4477 Sp.
2215 4410 2279 4462 12
2318 4408 2394 4464 ὅτι
2417 4412 2580 4463 vict-z
2619 4408 2691 4461 ἔτι
2725 4410 2846 4463 libri
3019 4409 3082 4463 13
3118 4410 3192 4481 εἴη

465 4498 517 4548 ἐν
556 4496 641 4562 (ἂν
672 4496 833 4563 vict.)
860 4494 1023 4565 αὐτῷ]
1061 4495 1281 4550 fortasse
1318 4498 1489 4550 εἶπεν
1528 4496 1681 4551 αύτὸ
1719 4498 1866 4566 (τῷ)
2046 4498 2108 4551 18
2145 4497 2466 4556 ἀλλοιώσεως
2505 4499 2638 4551 coni.
2677 4497 2766 4566 Sp.
2933 4497 2996 4549 ‘21
3038 4496 3193 4571 ἔχειν]

464 4582 681 4637 fortasse
719 4584 823 4656 ἔχει
982 4583 1050 4636 24
1086 4583 1187 4636 ἐστι
1224 4584 1317 4653 τὴν
1354 4584 1407 4637 δὲ
1444 4584 1559 4653 Sp.:
1598 4584 1678 4637 ἐπὶ
1712 4586 1805 4654 τὴν
1844 4586 1964 4638 libri
2119 4585 2186 4639 25
2225 4585 2508 4656 μεταβολήν
2549 4586 2668 4653 Spa
2706 4584 2964 4655 μεταβολὴ
3005 4586 3124 4639 libri

466 4670 533 4723 26
569 4687 684 4741 ητοι
722 4674 769 4719 V
947 4670 1107 4739 αὐτὴν
1142 4674 1303 4723 vict.=
1351 4670 1411 4723 ἂν
1448 4673 1540 4742 τἠν
1578 4673 1701 4725 libri
1881 4690 1936 4741 γε
1971 4673 2135 4725 Vict.:
2175 4692 2229 4725 τε
2265 4674 2384 4727 libri
2561 4672 2626 4725 27
2667 4671 2792 4742 αὐτὴ
2837 4672 2995 4725 vict.=
3034 4670 3194 4741 αὐτὴν

462 4757 589 4809 libri
766 4755 833 4808 28
870 4757 903 4824 ἢ
943 4758 1059 4809 add.
1099 4757 1186 4845 Q).
1369 4760 1436 4813 29
1481 4759 1555 4828 τῷ
1594 4762 1635 4811 F·
1675 4759 1809 4811 vict.
1848 4758 1964 4827 Sp:
2012 4760 2070 4812 τὸ
2110 4762 2233 4814 VSa
2409 4759 2476 4813 32
2514 4759 2658 4830 αὐτῷ·
2693 4759 2978 4813 Schwartzz
3023 4758 3194 4810 αὐτῶν

458 4843 581 4895 libri
756 4860 850 4912 την
888 4842 940 4895 δε
980 4847 1025 4894 V
1202 4844 1293 4900 ἀπ’
1332 4846 1529 4916 αὐτῶν]
1568 4844 1666 4898 ἀπὸ
1702 4851 1809 4897 τῶν
1848 4848 1986 4899 coni.
2023 4846 2138 4914 Sp.:
2177 4846 2400 4903 fortasse
2435 4846 2531 4901 ἀπ’
2573 4848 2742 4901 αὐτῶν
2781 4848 2982 4911 (τῶν)
