3684 5567
518 255 639 322 182
1396 250 1854 309 ΑΛΕΞΑΝΔΡΟΥ
1895 250 2342 308 ΑοΡοΔιΣιΕοΣ

628 428 885 511 ἀνάγκης
950 431 1213 511 παρεῖναι
1278 432 1458 492 ταῦτα
1514 428 1585 491 τὰ
1628 426 1802 504 αἴτια,
1871 427 1946 493 δι’
2002 428 2041 491 ἃ
2086 432 2320 492 κινεῖται
2376 430 2528 506 τότε,
2575 465 2656 475 -
2701 428 2769 491 οὔ
2815 428 2988 512 μόνον
3034 430 3118 512 μὴ

624 532 939 614 δυνάμενον
988 534 1070 615 μὴ
1116 532 1400 595 κινεῖσθαι
1442 531 1661 595 τούτων
1708 532 1847 616 [μὴ]
1895 531 2215 615 παρόντων,
2283 531 2434 596 ἀλλὰ
2499 533 2598 595 καὶ
2641 531 2702 601 ἐξ
2745 532 2996 615 ἀνάγκης
3044 556 3122 594 κι-

622 634 849 697 νεῖσθαι
892 634 1042 714 τότε,
1112 636 1207 697 καὶ
1251 636 1513 718 γίνεσθαι
1558 636 1662 717 τὴν
1729 636 1998 719 τοιαύτην
2057 636 2278 719 κίνησιν
2325 635 2439 697 ὑπὸ
2483 640 2589 717 τῆς
2633 635 2984 719 εἱμαρμένης
3027 635 3122 697 διὰ
3147 651 3206 693 ω

622 741 723 799 τοῦ
766 738 963 799 λίθου·
1014 740 1045 801 ὁ
1093 736 1144 800 δ’
1200 738 1373 807 αὐτὸς
1418 740 1515 801 καὶ
1560 738 1654 801 ἐπὶ
1698 742 1817 801 τῶν
1861 738 2057 801 ἄλλων
2103 736 2288 820 λόγος.
2363 742 2446 807 ὡς
2476 739 2541 801 δὲ
2573 737 2668 800 ἐπὶ
2713 740 2828 799 τῶν
2873 736 3120 821 ἀψύχων

556 862 585 908 5
624 838 773 926 ἔχει,
845 841 1031 909 οὕτως
1074 842 1139 904 δὲ
1185 844 1282 905 καὶ
1328 842 1421 904 ἐπὶ
1466 846 1583 904 τῶν
1630 840 1805 926 ζῴων
1851 839 2010 927 ἔχειν
2055 841 2244 926 φασίν.
2333 840 2480 903 εἶναι
2523 842 2630 923 γάρ
2697 863 2820 902 τινα
2865 840 2961 902 καὶ
3005 842 3121 907 τοῖς

624 942 800 1030 ζῴοις
866 946 1085 1029 κίνησιν
1132 946 1299 1008 ’κατὰ
1363 946 1553 1029 φύσιν,
1620 946 1829 1029 ταύτην
1895 944 1944 1009 δ’
2001 944 2147 1008 εἶναι
2201 944 2303 1027 τὴν
2363 940 2498 1006 καθ’
2557 943 2772 1027 ὁρμήν·
2837 946 2950 1005 πᾶν
3013 940 3121 1025 γὰρ

626 1053 781 1133 ζῷον
848 1050 929 1117 ὡς
975 1052 1129 1133 ζῷον
1176 1048 1509 1128 κινούμενον
1578 1049 1860 1112 κινεῖσθαι
1917 1046 2076 1132 (τὴν)
2130 1045 2267 1110 καθ’
2325 1048 2511 1131 ὁρμὴν
2581 1046 2798 1130 κίνησιν
2853 1046 2967 1107 ὑπὸ
3020 1048 3204 1127 τῆςῆ

626 1150 981 1233 εἱμαρμένης
1024 1151 1119 1213 διὰ
1166 1149 1328 1236 ζῴου
1374 1150 1697 1235 γινομένην.
1786 1153 1972 1221 οὕτως
2039 1152 2106 1214 δὲ
2149 1150 2367 1213 τούτων
2433 1148 2712 1235 ἐχόντων,
2755 1149 2853 1212 καὶ
2903 1148 3122 1231 γινομέ-

624 1276 737 1315 νων
786 1254 898 1315 ύπὸ
942 1258 1045 1335 τῆς
1110 1254 1462 1339 εἱμαρμένης
1527 1257 1809 1339 κινήσεών
1877 1278 1941 1317 τε
1995 1255 2092 1317 καὶ
2145 1254 2448 1337 ἐνεργειῶν
2503 1252 2565 1314 ἐν
2623 1256 2710 1337 τῷ
2753 1251 2961 1335 κόσμῳ
3007 1255 3122 1313 τῶν

527 1377 587 1421 10
626 1356 729 1438 μὲν
774 1356 871 1419 διὰ
912 1361 1040 1439 γῆς,
1085 1354 1155 1418 ἄν
1201 1357 1353 1419 οὕτω
1384 1358 1558 1443 τύχῃ,
1605 1362 1721 1420 τῶν
1768 1358 1833 1420 δὲ
1877 1356 1950 1420 δι’
2007 1356 2198 1441 ἀέρος,
2245 1360 2358 1419 τῶν
2403 1356 2468 1418 δὲ
2513 1354 2608 1418 διὰ
2651 1357 2851 1438 πυρός,
2897 1360 3012 1417 τῶν
3057 1355 3122 1416 δὲ

626 1457 698 1522 δι’
752 1458 933 1522 ἄλλου
977 1458 1147 1534 τινός,
1211 1459 1524 1544 γινομένων
1572 1459 1637 1522 δέ
1680 1483 1850 1524 τινων
1895 1462 1990 1523 καὶ
2035 1460 2129 1523 διὰ
2175 1455 2345 1545 ζῴων
2387 1458 2675 1539 (τοιαῦται
2727 1457 2792 1519 δὲ
2857 1459 2917 1520 αἱ
2977 1456 3112 1520 καθ’
3151 1474 3208 1516 ω

627 1563 813 1645 ὁρμὴν
880 1562 1182 1645 κινήσεις),
1248 1562 1349 1631 τὰς
1416 1562 1510 1626 διὰ
1562 1568 1677 1626 τῶν
1739 1560 1912 1647 ζῴων
1970 1562 2081 1626 ὑπὸ
2141 1567 2244 1645 τῆς
2287 1560 2640 1644 εἱμαρμένης
2683 1559 2986 1643 γινομένας
3029 1559 3126 1621 ἐπὶ

623 1668 744 1732 τοῖς
792 1663 965 1747 ζῴοις
1008 1663 1154 1728 εἶναι
1196 1665 1478 1747 λέγουσιν,
1547 1667 1763 1749 ὁμοίως
1828 1668 1892 1729 δὲ
1948 1668 2030 1733 ὡς
2082 1664 2224 1747 πρὸς
2280 1664 2346 1725 τὸ
2403 1662 2708 1745 ἀναγκαῖον
2767 1666 2887 1731 τοῖς
2931 1661 3126 1730 ἄλλοις

622 1767 921 1849 γινομένας
964 1766 1197 1837 ἅπασιν,
1244 1772 1329 1852 τῷ
1376 1770 1491 1831 δεῖν
1538 1770 1634 1831 καὶ
1677 1774 1795 1838 τοῖς
1840 1768 1900 1837 ἐξ
1946 1768 2200 1850 ἀνάγκης
2233 1762 2240 1849 l
2273 1765 2347 1827 τὰ
2399 1763 2618 1836 ἔξωθεν
2669 1764 2822 1829 αἴτια
2863 1770 3122 1850 παρεῖναι
3157 1772 3232 1829 46

525 1890 584 1937 15
622 1868 775 1945 τότε,
842 1871 997 1934 ὥστε
1056 1870 1203 1933 αὐτὰ
1268 1872 1373 1954 τὴν
1430 1870 1489 1939 ἐξ
1544 1873 1771 1934 ἑαυτῶν
1816 1894 1880 1933 τε
1925 1873 2019 1934 καὶ
2065 1868 2204 1933 καθ’
2262 1869 2446 1953 ὁρμὴν
2507 1870 2724 1952 κίνησιν
2769 1867 2830 1937 ἐξ
2873 1869 3127 1951 ἀνάγκης

626 1972 778 2035 οὕτω
823 1996 947 2041 πως
990 1974 1257 2057 ἐνεργεῖν.
1348 1972 1436 2036 ὅτι
1481 1974 1545 2036 δὲ
1589 1973 1758 2037 αύται
1826 1974 1930 2055 μὲν
1987 1972 2059 2037 δι’
2117 1973 2306 2056 ὁρμῆς
2357 1995 2420 2034 τε
2465 1972 2560 2035 καὶ
2620 1970 3128 2053 συγκαταθέσεως,

626 2075 863 2139 ἐκείνων
929 2077 994 2139 δὲ
1038 2078 1097 2139 αἱ
1145 2076 1249 2157 μὲν
1304 2076 1399 2139 διὰ
1455 2077 1747 2161 βαρύτητα
1810 2077 2078 2159 γίνονται,
2139 2077 2199 2138 αἱ
2265 2076 2330 2137 δὲ
2385 2075 2481 2138 διὰ
2540 2074 2892 2159 θερμότητα,
2955 2076 3016 2137 αἱ
3061 2076 3126 2139 δὲ
3179 2090 3208 2132 ε

624 2178 748 2242 κατ’
783 2178 962 2261 ἄλλην
990 2180 1113 2241 τινά
1158 2201 1199 2239 -κ
1243 2200 1284 2240 512
1328 2201 1388 2255 ει,
1422 2179 1631 2262 ταύτην
1664 2181 1768 2263 μὲν
1792 2180 1890 2242 ἐπὶ
1913 2183 2035 2247 τοῖς
2060 2176 2232 2263 ζῴοις
2262 2178 2541 2261 λέγοντες,
2574 2177 2765 2241 οὐκέτι
2794 2179 2860 2241 δὲ
2892 2178 3125 2241 ἐκείνων

630 2282 899 2362 ἑκάστην,
966 2283 1068 2363 τὴν
1116 2281 1219 2362 μὲν
1264 2281 1359 2344 ἐπὶ
1404 2287 1488 2365 τῷ
1538 2282 1709 2366 λίθῳ,
1777 2284 1882 2365 τὴν
1929 2283 1994 2345 δὲ
2038 2282 2134 2345 ἐπὶ
2179 2286 2264 2367 τῷ
2309 2282 2462 2365 πυρί.
2554 2282 2648 2343 καὶ
2715 2282 2950 2365 τοιαύτη
3019 2282 3124 2365 μὲν

522 2404 589 2451 20
624 2384 817 2447 αὐτῶν
862 2386 900 2467 ἡ
947 2386 1075 2467 περὶ
1120 2389 1222 2447 τοῦ
1266 2382 1359 2470 ἐφ’
1416 2387 1555 2467 ἡμῖν
1602 2384 1737 2453 δόξα
1784 2389 1864 2455 ὡς
1909 2384 1980 2448 δι’
2038 2386 2245 2467 ὀλίγων
2311 2385 2512 2447 εἰπεῖν.
2601 2382 2786 2447 ἔνεστι
2841 2384 2892 2446 δ’
2949 2386 3109 2468 ὁρᾶν,
3139 2403 3194 2445 ιο
3237 2396 3374 2447 xlv

632 2489 685 2550 εἰ
728 2492 907 2549 ταῦτα
950 2487 1211 2568 λέγοντες
1256 2490 1541 2560 σώζουσιν
1588 2486 1690 2555 τὰς
1734 2488 1926 2557 κοινὰς
1970 2489 2099 2571 περὶ
2143 2492 2243 2550 τοῦ
2291 2484 2384 2571 ἐφ’
2441 2488 2580 2571 ἡμῖν
2627 2488 2856 2550 πάντων
2901 2488 3124 2572 ἀνθρώ·

628 2615 753 2653 πων
798 2592 1135 2674 προλήψεις.
1225 2592 1280 2652 οἱ
1324 2590 1433 2674 γὰρ
1480 2592 1859 2658 ἀπαιτοῦντες
1901 2589 2130 2665 αύτούς,
2199 2596 2324 2659 πῶς
2390 2590 2512 2652 οἷόν
2557 2612 2620 2652 τε
2666 2591 2895 2654 πάντων
2941 2590 3124 2657 ὄντων

628 2691 762 2756 καθ’
818 2692 1169 2777 εἱμαρμένην
1216 2694 1280 2755 τὸ
1326 2692 1420 2779 ἐφ’
1476 2697 1613 2780 ἡμῖν
1662 2693 1977 2767 σώζεσθαι,
2046 2692 2153 2755 οὐκ
2219 2690 2403 2775 ὄνομα
2472 2692 2646 2774 μόνον
2692 2697 2794 2756 τοῦ
2840 2690 2932 2777 ἐφ’
2989 2695 3127 2777 ἡμῖν

626 2796 879 2866 τιθέντες
923 2795 1079 2859 τοῦτ’
1136 2798 1491 2872 ἀπαιτοῦσιν,
1560 2798 1709 2862 ἀλλὰ
1752 2797 1850 2859 καὶ
1921 2797 2344 2879 σημαινόμενον
2401 2796 2587 2859 ἐκεῖνο
2632 2796 2698 2859 τὸ
2743 2794 3128 2867 αὐτεξούσιον.
3159 2814 3212 2857 ιε

520 2920 585 2968 25
626 2900 719 2962 διὰ
766 2899 877 2983 γὰρ
922 2900 987 2962 τὸ
1034 2904 1289 2961 τοιοῦτον
1332 2898 1479 2963 εἶναι
1522 2901 1586 2963 τὸ
1632 2896 1725 2982 ἐφ’
1796 2902 1934 2982 ἡμῖν
2003 2902 2424 2964 πεπιστεῦσθαι
2489 2900 2830 2964 εὐθύνουσιν
2883 2900 3014 2969 τοὺς
3071 2898 3130 2968 ἐξ

636 3004 887 3085 ἀνάγκης
932 3004 1120 3066 πάντα
1162 3002 1421 3084 γίνεσθαι
1464 3002 1754 3084 λέγοντας.
1847 3004 1900 3065 οἱ
1968 3003 2033 3066 δὲ
2081 3002 2210 3067 δέον
2277 3001 2526 3067 αὐτόθεν
2573 3004 2656 3086 μὴ
2701 3004 2997 3074 σώζεσθαι
3041 3003 3128 3066 λέ·

630 3130 749 3188 γειν
816 3107 909 3170 καὶ
980 3111 1081 3168 τοῦ
1150 3108 1231 3189 μὴ
1280 3106 1576 3177 σώζεσθαι
1642 3109 1835 3191 ζητεῖν
1891 3127 1956 3168 τε
2009 3107 2103 3169 καὶ
2151 3106 2514 3191 παρέχεσθαι
2567 3106 2670 3174 τὰς
2733 3106 2936 3180 αἰτίας,
3003 3106 3129 3169 ἐπεὶ
3157 3124 3214 3165 ει)

631 3214 799 3272 τοῦτο
832 3210 1035 3293 ἑώρων
1070 3211 1425 3271 παντάπασιν
1456 3204 1657 3277 ἄδοξόν
1688 3231 1751 3270 τε
1798 3208 1861 3271 ὃν
1907 3209 2002 3271 καὶ
2033 3209 2219 3271 πολλὰ
2263 3213 2377 3271 τῶν
2423 3210 2518 3271 καὶ
2563 3208 2759 3276 αὐτοῖς
2802 3206 2847 3289 †
2893 3213 2994 3271 τοῦ
3027 3206 3118 3292 ἐφ’

632 3314 767 3394 ἡμῖν
814 3314 1006 3375 πᾶσάν
1052 3336 1115 3375 τε
1158 3310 1335 3373 ταύτὸ
1381 3310 1603 3378 δεικνὺς
1650 3312 1952 3374 συνοδεῦον
1999 3316 2083 3395 τῷ
2129 3317 2234 3395 τῆς
2263 3310 2614 3395 εἱμαρμένης
2645 3310 2823 3394 λόγῳ,
2869 3309 3007 3396 <τῷ>
3035 3310 3130 3374 διὰ

528 3434 595 3481 3ο
634 3422 738 3499 τῆς
783 3416 1117 3498 ὁμωνυμίας
1162 3414 1633 3499 παρακρούεσθαι
1678 3413 1811 3483 τοὺς
1858 3414 2174 3483 ἀκούοντας
2219 3416 2491 3497 ἡγοῦνται
2537 3413 2764 3497 φεύγειν
2811 3414 2882 3477 τὰ
2921 3412 3128 3489 ἄτοπα,

564 3504 743 3581 ’ὅσα
810 3518 1007 3581 ἕπεται
1074 3521 1195 3585 τοῖς
1238 3516 1419 3599 μηδὲν
1465 3514 1559 3599 ἐφ’
1615 3517 1752 3599 ἡμῖν
1812 3516 1958 3580 εἶναι
2001 3516 2278 3598 λέγουσιν.
2369 3520 2550 3579 ταῦτα
2605 3516 2670 3579 δὲ
2723 3516 2991 3600 λέγοντας
3033 3514 3130 3578 αὖ·
3155 3534 3212 3575 2⁵

632 3622 764 3689 τοὺς
809 3626 1034 3705 πρῶτον
1082 3622 1185 3703 μὲν
1231 3618 1302 3682 ἂν
1348 3620 1667 3702 ἀπαιτήσαι
1712 3642 1791 3687 τις
1838 3616 2113 3701 εὐλόγως,
2166 3618 2223 3681 τί
2263 3619 2336 3701 δή
2393 3640 2534 3680 ποτε
2579 3616 2757 3683 ἄλλου
2803 3618 2881 3682 δι’
2937 3619 3130 3683 ἄλλων

525 3968 556 4018 2
595 3964 863 4034 δυνάμενον
902 3966 1003 4018 8¹²:
1042 3914 1331 4033 δυναμενωύ
1370 3966 1445 4016 sic
1484 3964 1581 4015 V¹:
1620 3964 1912 4032 δυναμένων
1938 3966 2129 4018 B¹ES:
2169 3964 2448 4034 δυναμένου
2484 3968 2556 4020 B²
2767 3965 3001 4035 κινῆσθαι
3036 3967 3090 4018 a'

525 4056 597 4124 μὴ
638 4072 735 4107 om.
774 4056 823 4106 ε’
1077 4054 1107 4105 5
1146 4053 1197 4104 δὲ
1236 4069 1335 4105 om.
1375 4057 1444 4107 O:
1504 4052 1565 4122 δὴ
1604 4056 1689 4107 ES
1930 4054 1957 4104 Ἰ
1995 4054 2088 4122 τὴν
2128 4054 2244 4106 add.
2282 4056 2353 4107 13²
2587 4054 2706 4123 υπὸ]
2754 4054 2832 4107 διὰ
2878 4058 2924 4107 Ο

532 4144 595 4195 10
630 4142 796 4210 πυρός,
836 4148 961 4205 (τῶν
1000 4142 1051 4194 δὲ
1089 4138 1157 4194 δι’
1198 4139 1399 4205 ὕδατος)
1440 4141 1571 4193 coni.
1602 4145 1646 4193 O
1854 4141 1916 4193 13
1953 4142 2250 4211 ἀναγκαῖον]
2287 4160 2316 4209 γ
2352 4144 2410 4195 in
2445 4144 2524 4195 lit.
2562 4148 2611 4193 V
2866 4144 2928 4194 14
2966 4144 3242 4211 γινομένοις

526 4248 789 4299 Schwartz
998 4248 1054 4297 16
1112 4245 1277 4316 ὁρμησ
1314 4250 1359 4295 V
1548 4244 1959 4314 συγκαταθέσεως
1995 4248 2097 4298 ³¹²:
2135 4235 2418 4300 νυνθέσεωσ
2455 4248 2531 4299 sic
2559 4252 2620 4299 V:
2660 4246 2937 4306 συνθέσεως
2963 4248 3172 4301 HBES¹

531 4336 593 4387 18
650 4336 887 4387 lacunam
936 4335 1158 4385 indicavi
1396 4334 1455 4385 21
1516 4336 1626 4403 περὶ
1663 4334 1753 4386 13²:
1812 4334 1894 4385 ἐπὶ
1941 4334 2058 4387 libri
2327 4336 2391 4387 26
2449 4334 2676 4402 λέγοντες
2711 4338 2798 4389 ES
2837 4336 3001 4389 Lond.

524 4421 651 4485 (ὅτε)
687 4422 797 4473 δέον
836 4422 997 4473 Lond.
1038 4426 1081 4474 O
1296 4420 1530 4486 αὐτόθεν]
1586 4419 1754 4477 αύτοῖς
1799 4421 1968 4475 Lond.
2199 4422 2265 4475 28
2323 4422 2408 4474 καὶ
2453 4422 2644 4491 αὐτοῖς]
2703 4418 2822 4492 παρ’
2871 4423 3050 4481 αὐτοὺς
3098 4422 3240 4493 λεγό-

527 4528 650 4576 μενα
698 4509 1001 4578 (λεγομένων
1041 4512 1109 4572 O)
1156 4510 1265 4579 περὶ
1304 4510 1468 4561 Lond.
1512 4513 1556 4563 Ο
1805 4512 1920 4574 τοῦ]
1967 4510 2076 4579 περὶ
2121 4516 2210 4562 τοῦ
2248 4510 2340 4562 13²:
2390 4518 2466 4563 τῶ
2503 4514 2589 4565 Es
2838 4510 2904 4563 29
2958 4516 3077 4579 post
3121 4513 3244 4582 ἡμῖν

523 4596 593 4649 13²
630 4597 747 4650 add.
785 4596 1075 4649 δοκούντων
1112 4597 1419 4669 ἀναιρετικόν
1667 4596 1851 4665 πᾶσαν]
1913 4596 1984 4655 ὡς
2031 4596 2090 4649 ἂν
2138 4597 2302 4651 Lond.
2563 4604 2724 4651 πᾶσαν
2747 4628 2808 4635 -
2833 4598 3120 4668 συνοδεῦον]
3169 4602 3242 4670 μὴ

526 4683 850 4736 συνοδεύοντα
898 4686 1033 4736 coni.
1082 4688 1127 4737 Ο
1388 4683 1633 4736 δεικνύναι
1680 4684 1842 4736 Lond.
2081 4684 2243 4753 λόγῳ,
2297 4686 2596 4756 πειρώμενοί
2639 4704 2692 4739 τε
2727 4684 2799 4739 13²
3011 4690 3086 4755 τῷ
3123 4687 3242 4739 add.

527 4773 783 4823 Schwartz
981 4774 1048 4823 30
1086 4771 1282 4840 φεύγειν
1318 4775 1415 4836 (τε)
1454 4772 1615 4825 Lond.
1657 4776 1702 4825 O
1884 4772 1943 4823 31
2000 4771 2260 4845 λέγοντασ]
2310 4790 2403 4829 τασ
2449 4775 2506 4827 in
2553 4774 2630 4826 lit.
2674 4780 2716 4827 V
2941 4774 3008 4827 32
3061 4772 3242 4840 ἄλλου]

526 4857 693 4917 ἄλλως
732 4876 776 4909 v.
805 4874 848 4910 c.
876 4862 921 4909 V
