3684 5567
1701 1409 1770 1482 II

1001 1598 1134 1672 DE
1193 1594 1705 1672 CODICIBUS
1769 1597 2468 1689 QUAESTIONUM

549 1901 899 1969 Alexandri
931 1901 1358 1981 Quaestiones
1403 1902 1574 1968 edidi
1619 1902 1704 1968 ad
1744 1923 2033 1970 normam
2079 1904 2218 1969 eius
2262 1904 2521 1989 codiciS,
2566 1924 2692 1989 quo
2740 1927 2865 1971 uno
2909 1906 3097 1972 nobis

373 2033 679 2090 servatae
721 2031 890 2109 sunt,
936 2023 1183 2090 Vsnmu
1227 2023 1557 2090 Murcum
1602 2023 1747 2090 258.
1829 2023 1913 2089 de
1956 2044 2083 2106 quo
2129 2023 2388 2108 copiose
2434 2022 2535 2107 egi
2581 2023 2644 2088 in
2690 2025 3092 2108 praefatione
3140 2027 3193 2088 V

378 2143 728 2210 voluminis
774 2143 1004 2228 prioris
1046 2166 1108 2230 p.
1141 2145 1303 2228 Vsq.
1349 2165 1519 2210 nune
1562 2144 1726 2209 baec
1769 2150 1834 2210 et
1878 2149 2101 2228 repeto
2148 2150 2213 2208 et
2254 2143 2450 2209 addo.

547 2263 1084 2330 Membranaceus
1128 2271 1226 2330 est
1269 2263 1509 2330 saeculi
1557 2261 1806 2347 decimi,
1852 2259 2023 2329 foliis
2068 2269 2322 2328 constat
2354 2263 2482 2328 324
2524 2261 2769 2330 formae
2814 2264 3097 2350 minoris,

380 2383 504 2448 hoc
550 2381 774 2448 ordine
823 2383 1286 2463 Quaestionum
1331 2383 1530 2448 libros
1573 2383 1884 2450 continet:
1940 2382 2048 2449 fol.
2086 2383 2319 2448 1-36v
2368 2383 2599 2449 librum
2642 2385 2886 2468 vulgati
2936 2385 3098 2450 ordi-

377 2503 480 2568 nis
525 2510 842 2587 quartum,
889 2505 1192 2571 372-69r
1222 2501 1450 2567 librum
1485 2500 1777 2587 priinum,
1845 2503 2235 2570 mili—'290v
2266 2503 2638 2588 seeundum,
2709 2506 3096 2571 291r-324v

373 2622 654 2688 tertium.
723 2621 1170 2690 intermediam
1217 2628 1468 2709 partem
1503 2623 1602 2688 De
1631 2623 1850 2688 anima
1894 2623 2035 2689 libri
2083 2624 2212 2688 duo
2259 2621 2366 2705 qui
2409 2621 2699 2687 feruntur
2738 2631 2804 2689 et
2834 2625 2932 2690 De
2962 2624 3096 2690 fato

375 2742 834 2807 commentatio
883 2751 1218 2827 occupant.
1308 2741 1517 2826 quarti
1563 2747 1780 2807 autem
1823 2742 2070 2825 vulgati
2129 2740 2369 2807 ordinis
2429 2740 2573 2807 libri
2619 2743 2844 2808 titulus
2888 2750 2987 2809 est
3029 2744 3096 2809 in

373 2860 626 2926 Veneto
673 2864 968 2947 σχολικῶν
989 2863 1038 2946 ¹)
1081 2864 1307 2948 ἠθικῶν
1353 2863 1782 2947 προβλημάτων
1839 2863 2056 2948 βιβλίον
2115 2874 2173 2938 ᾶ,
2234 2881 2373 2926 cum
2430 2861 2713 2944 capitum
2768 2882 3097 2929 enumera-

374 2980 534 3044 tioni
591 2979 792 3046 verba
846 2984 1220 3067 praeposita
1271 2983 1398 3048 sint
1453 2985 1745 3067 σχολικῶν
1799 2983 2025 3066 ἠθικῶν
2072 2981 2331 3066 ἀποριῶν
2387 2983 2483 3044 καὶ
2537 2981 2761 3045 λύσεων
2806 2985 3095 3066 κεφάλαια

372 3100 609 3166 iterata
675 3100 740 3165 in
797 3103 974 3167 calce
1017 3101 1216 3187 libri,.
1247 3101 1348 3168 cui
1402 3108 1743 3185 praeterea
1794 3101 2011 3168 littera
2053 3099 2101 3165 Z
2146 3099 2508 3184 subscripta
2561 3107 2679 3184 est,
2735 3121 2900 3185 quae
2944 3101 3095 3184 quid

373 3220 693 3303 significet
737 3241 869 3286 non
914 3221 1103 3288 video
1125 3221 1192 3308 ¹).
1279 3219 1494 3286 differt
1536 3218 1949 3305 physicorum
1994 3219 2299 3284 librorum
2345 3239 2609 3286 nomen:
2652 3225 2914 3305 φυσικῶν
2961 3244 3095 3308 σχο-

371 3340 625 3427 λικῶν’)
681 3343 938 3424 ἀποριῶν
984 3343 1079 3406 καὶ
1123 3342 1348 3406 λύσεων
1393 3355 1433 3407 ᾶ
1479 3327 1514 3427 β’
1557 3355 1608 3424 ἵ.
1696 3339 1849 3405 inde
1893 3347 2075 3425 patet
2118 3361 2247 3404 non
2294 3361 2515 3422 unum,
2560 3338 2676 3405 sed
2721 3339 2846 3406 duo
2894 3361 3097 3425 opera

373 3460 876 3539 Quaestionibus
931 3459 1270 3545 contineri,
1336 3481 1606 3544 quorum
1664 3458 1897 3544 prioris
1953 3463 2212 3542 praeter
2265 3457 2538 3542 primum
2592 3460 2787 3524 ceteri
2843 3459 3095 3543 periere

375 3582 540 3664 libri,
587 3581 852 3647 alterius
895 3587 1028 3646 tres
1072 3586 1314 3647 extant.
1405 3585 1828 3647 servaverunt
1865 3577 2202 3663 pristinam
2242 3577 2410 3646 hanc
2451 3579 2926 3644 distinctionem
2972 3579 3094 3644 soli

375 3699 692 3767 Marciani
738 3699 864 3765 258
909 3706 974 3765 et
1017 3699 1161 3764 261.
1230 3698 1456 3782 reliqui
1503 3719 1580 3764 eo
1627 3705 1889 3764 utuntur
1934 3697 2179 3781 ordine,
2224 3717 2349 3781 quo
2382 3697 2599 3763 Victor
2629 3698 3091 3783 Trincavellus‚

377 3821 676 3905 princeps
721 3820 947 3904 editor,
994 3819 1192 3886 libros
1235 3817 1568 3902 disposuit.

550 3939 795 4006 Eadem
849 3939 1208 4023 diligentia,
1265 3957 1394 4022 qua
1447 3959 1529 4004 ex
1581 3945 1836 4004 vetusto
1894 3937 2190 4022 exemplo
2238 3938 2338 4002 De
2398 3935 2617 4001 anima
2672 3937 2901 4002 librum
2958 3958 3099 4003 cum
3148 3939 3231 4002 V1

376 4061 688 4126 mantissa
729 4059 1068 4145 descripsit
1111 4059 1411 4125 librarius
1455 4058 1695 4125 codicis
1725 4059 1803 4137 V,
1852 4079 2004 4124 usus
2048 4065 2148 4124 est
2189 4057 2253 4156 in
2286 4055 2802 4134 Quaestionibus.
2893 4059 3090 4124 mino-

377 4179 462 4245 ris
507 4179 766 4264 quidem
811 4179 1153 4245 voluminis
1207 4179 1557 4263 particulas
1610 4185 1682 4243 ut
1725 4177 1851 4262 μέν,
1904 4177 1989 4256 δέ,
2044 4180 2152 4263 γάρ
2206 4175 2440 4241 similia
2491 4196 2690 4262 saepe
2741 4184 2855 4242 aut
2898 4198 3096 4262 supra

375 4307 486 4364 aut
541 4299 708 4364 infra
760 4318 1015 4366 versum
1075 4297 1344 4381 addidit,
1411 4298 1527 4363 sed
1597 4315 1743 4361 raro
1799 4295 2209 4362 inveniuntur
2274 4316 2486 4380 voceS,
2561 4316 2721 4380 quas
2784 4296 2848 4361 in
2913 4304 3094 4363 textu

375 4419 646 4484 omissas
684 4418 749 4484 in
781 4419 1068 4501 margine
1100 4416 1378 4483 debebat
1407 4416 1727 4502 supplere,
1773 4415 1852 4480 cf.
1888 4415 2114 4500 123‚27
2159 4415 2343 4498 128,1
2394 4415 2577 4500 131,9
2628 4416 2855 4499 140,13
2905 4417 3092 4500 146‚3

523 4591 562 4654 ¹)
599 4588 902 4660 Ζ(ητητέον)
939 4589 1288 4658 supplendum
1325 4605 1438 4642 esse
1472 4590 1769 4656 suspicatur
1793 4588 1957 4651 Diels,
1992 4589 2027 4640 i.
2047 4605 2091 4640 e.
2118 4589 2400 4655 quaerendi
2438 4593 2565 4640 sunt
2600 4587 2719 4640 libri
2746 4588 2962 4640 morales
3002 4590 3091 4654 qui

379 4681 496 4744 post
543 4679 764 4745 primum
803 4677 1006 4730 desunt.
1091 4679 1331 4730 similiter
1369 4678 1464 4730 hoc
1503 4683 1710 4746 signum
1757 4678 1814 4728 in
1853 4677 2055 4728 lacunis
2103 4676 2180 4728 vel
2229 4675 2428 4728 mendis
2483 4687 2515 4727 a
2559 4676 2783 4728 librariis
2828 4677 3085 4728 interdum

377 4765 614 4819 adbiberi
651 4771 830 4818 notum
870 4771 965 4818 est.

515 4852 558 4920 ²)
597 4852 816 4926 σχολίων
851 4859 975 4906 ante
1012 4853 1298 4906 secundum
1336 4859 1386 4906 et
1421 4853 1630 4906 tertium
1679 4853 1885 4906 librum.
