3684 5567
1263 217 1522 274 ,ΗΘΙΚΩΝ
1562 216 2094 275 [ΙΡΟΒΛΗΜΑῚῺΝ
2134 220 2340 274 21-23
3035 222 3158 302 143

555 395 659 479 μὲν
706 396 964 478 ἡντινοῦν
1021 395 1230 480 ἀρετὴν
1277 395 1489 478 ἠθικὴν
1543 392 1754 480 ἔχοντα
1797 394 2073 479 φρόνησιν
2127 394 2310 481 ἔχειν,
2371 393 2433 458 εἴ
2466 394 2532 477 γέ
2577 396 2728 458 ἐστιν
2781 396 2820 478 ἡ
2867 394 3047 478 ἠθικὴ
3077 410 3132 451 20

552 498 731 581 ἀρετὴ
778 498 1064 582 πρακτικὴ
1109 502 1223 560 τῶν
1271 496 1607 582 ὡρισμένων
1661 500 1938 582 φρονήσει
1989 522 2052 561 τε
2097 500 2191 561 καὶ
2237 502 2322 583 τῷ
2371 498 2536 583 ὀρθῷ
2585 497 2774 582 λόγῳ,
2827 498 3047 581 ἀνάγκη

554 601 619 663 δὲ
664 602 761 664 καὶ
803 602 899 664 τὸν
953 602 1229 685 φρόνησιν
1284 598 1496 685 ἔχοντα
1538 598 1699 685 ἔχειν
1756 602 1971 685 ἠθικὴν
2024 603 2265 687 ἀρετήν,
2323 600 2386 664 εἴ
2418 625 2483 684 γε
2528 602 2740 664 οἰκεῖον
2793 605 2868 683 τῇ
2915 623 3050 685 φρο-

550 704 716 786 νήσει
760 704 825 766 τὸ
873 708 1084 787 ζητεῖν,
1139 709 1266 773 πῶς
1320 702 1442 766 οἷόν
1488 727 1549 766 τε
1592 708 1793 788 τυχεῖν
1839 708 1943 766 τοῦ
1987 704 2215 773 δέοντος
2268 708 2516 782 σκοποῦ,
2580 702 2642 765 ὃν
2687 709 2789 787 τῆς
2836 703 3048 788 ἠθικῆς

482 826 512 875 5
550 806 760 890 ἀρετῆς
814 808 1027 890 ὁρίσαι·
1089 808 1236 890 αὕτη
1296 807 1406 891 γὰρ
1468 813 1571 890 τῆς
1633 807 1935 890 ὀρεκτικῆς
1993 806 2292 889 δυνάμεως
2352 808 2556 890 ἀρετή·
2626 802 2633 891 Ι
2699 806 2880 889 ταύτῃ
2941 806 3049 890 γὰρ
3075 823 3130 865 25

551 911 828 995 φρόνησίς
878 934 941 973 τε
985 912 1080 973 καὶ
1134 908 1389 993 δεινότης
1442 910 1841 995 διαφέρουσιν,
1894 905 1940 994 ᾗ
1987 913 2024 993 ἡ
2074 911 2176 993 μὲν
2230 909 2508 994 φρόνησις
2561 915 2675 972 τῶν
2722 910 2865 992 πρὸς
2909 912 3006 973 τὸν
3051 917 3154 973 274

554 1014 730 1095 ὀρθὸν
776 1014 991 1077 σκοπὸν
1022 1012 1315 1099 φερόντων
1355 1014 1509 1077 ἐστὶν
1541 1014 1810 1098 εὑρετική
1856 1037 1920 1077 τε
1965 1014 2060 1077 καὶ
2105 1013 2405 1098 ζητητική,
2451 1016 2490 1097 ἡ
2537 1014 2600 1077 δὲ
2633 1011 2888 1096 δεινότης
2932 1017 3048 1075 τῶν

550 1117 693 1201 πρὸς
736 1118 832 1179 τὸν
877 1115 1133 1201 τυχόντα
1176 1138 1217 1178 ³⁵
1261 1139 1303 1179 x-
1347 1138 1389 1178 ss·

546 1378 777 1444 XXIII.
868 1379 1024 1450 Πῶς
1077 1382 1139 1443 εἰ
1190 1380 1299 1465 <ἡ>
1354 1381 1570 1465 ἡδονή
1625 1382 1774 1444 ἐστι
1828 1380 2003 1444 κατὰ
2049 1374 2502 1465 Ἀριστοτέλη
2558 1380 2874 1465 ἐνέργεια
2927 1384 3050 1464 τῆς
3101 1395 3129 1437 5

449 1503 511 1550 ιο
546 1483 718 1546 κατὰ
772 1483 978 1568 φύσιν
1033 1483 1243 1554 ἕξεως
1303 1483 1852 1567 ἀνεμπόδιστος,
1917 1482 2042 1547 οὐκ
2108 1480 2304 1545 ἔσται
2369 1486 2481 1546 καὶ
2538 1486 2578 1567 ἡ
2631 1482 3048 1567 εὐδαιμονία

1444 1585 1590 1651 κατ’
1645 1586 1857 1649 αὐτὸν
1908 1586 2148 1670 ἡδονή.

716 1756 789 1821 Εἰ
834 1756 934 1821 οὖν
968 1760 1118 1821 ἐστιν
1164 1761 1202 1842 ἡ
1236 1759 1381 1823 κατὰ
1425 1759 1595 1843 φύσιν
1640 1760 1870 1843 ἑκάστῳ
1915 1757 2173 1842 ἐνέργεια
2204 1756 2622 1842 ἀνεμπόδιστος
2664 1757 2868 1843 ἡδονή,
2915 1758 3042 1821 ταό-
3073 1774 3126 1816 ιο

543 1884 645 1945 της
688 1863 753 1925 δὲ
794 1864 980 1925 πάντα
1025 1862 1265 1946 ἐφίεται,
1318 1860 1438 1947 <οὐ>
1485 1863 1580 1926 διὰ
1621 1867 1792 1926 τοῦτο
1836 1862 1953 1946 ἤδη
2010 1863 2107 1924 καὶ
2151 1861 2314 1931 τέλος
2357 1864 2396 1946 ἡ
2444 1863 2625 1946 ἡδονὴ
2683 1865 2778 1925 καὶ
2821 1862 2887 1923 τὸ
2936 1865 3040 1945 ζῆν

445 1984 505 2033 15
544 1966 745 2034 οὕτως.
822 1965 956 2049 παρ’
990 1964 1059 2029 οὔ
1090 1964 1199 2050 γὰρ
1230 1967 1423 2029 καὶτὸ
1456 1966 1910 2048 ἀνεμποδίστως,
1957 1964 2141 2028 ἐκεῖνο
2187 1962 2368 2027 αἴτιον
2414 1970 2516 2030 τοῦ
2565 1970 2668 2050 ζῆν
2715 1966 2917 2034 οὕτως.
2993 1964 3044 2027 εἰ

547 2069 651 2152 μὲν
696 2066 796 2131 οὖν
837 2070 1021 2152 ἡδονὴ
1068 2074 1168 2132 τοῦ
1216 2068 1342 2133 κατ’
1385 2070 1595 2154 ἀρετὴν
1641 2069 2074 2151 ἀνεμποδίστως
2118 2068 2366 2152 ἐνεργεῖν
2409 2068 2582 2148 αἰτία,
2628 2068 2689 2130 ἐν
2735 2068 2928 2151 ἐκείνῃ
2976 2065 3044 2130 ἂν

544 2171 615 2257 ἧν
660 2173 725 2235 τὸ
771 2156 1124 2256 κυριώτατον
1171 2170 1413 2255 ἀγαθόν,
1457 2172 1511 2235 εἰ
1555 2172 1619 2235 δὲ
1666 2172 1746 2254 μὴ
1794 2170 2008 2255 ἡδονή,
2055 2170 2200 2234 ἄλλο
2245 2170 2310 2234 δέ
2355 2195 2434 2246 τι,
2480 2171 2668 2235 ἐκεῖνο
2713 2169 2782 2233 ἂν
2827 2170 2898 2254 ἧν
2943 2174 3045 2234 τοῦ
3072 2187 3128 2230 15

541 2274 801 2337 τοιούτου
849 2275 1004 2358 βίου,
1064 2273 1207 2337 ὥστ’
1262 2275 1314 2337 εἰ
1358 2279 1459 2337 τοῦ
1505 2274 1691 2341 οὕτως
1744 2273 1994 2357 ἐνεργεῖν
2049 2278 2168 2342 τοῖς
2214 2274 2544 2358 ἀνθρώποις
2598 2275 2753 2336 αἰτία
2799 2276 3045 2355 μάλιστα

543 2378 581 2460 ἢ
629 2376 806 2462 ἀρετή
863 2377 1181 2461 (συντελεῖν
1226 2378 1333 2462 γάρ
1391 2400 1443 2439 τι
1487 2375 1639 2447 δόξει
1689 2378 1832 2460 πρὸς
1883 2377 1950 2439 τὸ
2007 2377 2445 2460 ἀνεμποδίστως
2500 2378 2596 2441 καὶ
2650 2376 2722 2440 τὰ
2777 2379 2892 2441 ἀπὸ
2939 2382 3046 2462 τῆς

438 2500 507 2547 20
545 2480 787 2566 τύχης),
843 2482 1036 2565 ἐκείνη
1084 2481 1152 2544 ἄν
1196 2482 1301 2564 τὴν
1347 2481 1529 2545 αἰτίαν
1584 2478 1715 2565 ἔχοι
1762 2481 2012 2563 μάλιστα
2064 2480 2124 2543 ἐν
2169 2485 2288 2550 τοῖς
2332 2480 2666 2565 ἀνθρώποις
2717 2485 2820 2543 τοῦ
2864 2480 3042 2544 τοιού·
3070 2497 3126 2540 2⁰

541 2608 645 2647 του
703 2585 851 2669 βίου.
941 2586 1029 2648 διὸ
1074 2585 1125 2647 εἰ
1178 2586 1276 2648 καὶ
1328 2585 1392 2647 τὸ
1449 2584 1806 2667 εὐδαιμονεῖν
1863 2589 1947 2667 τῷ
2005 2583 2304 2668 ἀνθρώπῳ
2359 2584 2555 2668 τεθείη
2611 2584 2670 2647 ἐν
2724 2590 2852 2653 ταῖς
2896 2586 3044 2649 κατὰ

544 2687 713 2773 φύσιν
743 2688 929 2772 αὐτῷ,
977 2687 1114 2751 καθ’
1154 2688 1225 2767 ἣν
1257 2688 1308 2749 εἰ
1338 2672 1647 2771 ἅνθρωπός
1678 2687 1822 2764 ἐστι,
1867 2686 2100 2750 κεῖσθαι
2145 2686 2470 2770 ἐνεργείαις,
2514 2688 2567 2749 εἰ
2613 2687 3044 2769 ἀνεμποδίστως

544 2792 839 2873 γίγνοιντο,
898 2792 937 2874 ἡ
984 2791 1163 2875 ἀρετὴ
1217 2789 1285 2853 ἂν
1332 2792 1429 2853 καὶ
1489 2792 1737 2873 μάλιστα
1785 2788 1791 2875 Ι
1840 2790 2050 2871 γίνοιτο
2103 2795 2208 2873 τῆς
2261 2790 2626 2873 εὐδαιμονίας
2676 2792 2852 2868 αἰτία,
2907 2795 3004 2855 καὶ
3047 2800 3149 2857 275

544 2899 646 2957 τοῦ
692 2894 792 2963 τὰς
839 2894 1053 2963 οἰκείας
1082 2895 1329 2978 ἐνεργεῖν
1375 2894 1662 2977 ἐνεργείας
1706 2898 1807 2957 τοῦ
1839 2894 2156 2978 ἀνθρώπου
2203 2891 2349 2957 οὖσα
2391 2894 2544 2957 αἰτία
2587 2894 2684 2957 καὶ
2728 2898 2830 2957 τοῦ
2873 2896 3044 2978 ἀνεμ·

434 3016 499 3066 25
540 2998 843 3066 ποδίστως.
933 2996 1017 3061 ἔτι
1060 2995 1162 3080 <εἰ>
1206 3000 1245 3081 ἡ
1290 2998 1474 3080 ἡδονὴ
1520 2997 1775 3082 ἐνέργεια
1833 3002 1916 3067 ὥς
1961 2997 2215 3079 ἑπομένη
2260 3002 2336 3080 τῇ
2381 3000 2580 3060 τοῦτον
2626 2998 2897 3081 γινομένῃ
2943 3000 3041 3062 τὸν

539 3099 748 3185 τρόπον
795 3100 1082 3185 ἐνεργείᾳ,
1128 3104 1210 3169 ὡς
1254 3099 1464 3169 ἔδειξεν
1510 3101 1569 3165 ἐν
1615 3106 1700 3186 τῷ
1745 3102 2058 3185 τελευταίῳ
2103 3106 2219 3163 τῶν
2259 3097 2534 3175 Ἠθικῶν,
2591 3100 2846 3186 ἑπομένη
2893 3103 2958 3165 δὲ
3001 3104 3038 3186 ἡ
3094 3116 3122 3159 5

538 3205 718 3288 ἡδονὴ
764 3208 840 3287 τῇ
873 3208 1074 3267 τοῦτον
1118 3204 1389 3287 γινομένῃ
1434 3206 1531 3267 τὸν
1576 3203 1785 3288 τρόπον
1817 3204 2093 3288 ἐνεργείᾳ,
2141 3208 2382 3288 σημεῖον
2430 3203 2498 3266 ἂν
2531 3208 2749 3286 μᾶλλον
2794 3204 2887 3289 εἴη
2932 3209 3035 3269 τοῦ

538 3312 802 3391 παρεῖναι
845 3310 909 3372 τὸ
956 3308 1316 3390 εὐδαιμονεῖν
1362 3313 1481 3377 τοῖς
1524 3308 1708 3376 οὕτως
1749 3309 2092 3393 ἐνεργοῦσιν,
2139 3307 2259 3370 ἀλλ’
2315 3306 2420 3370 οὐκ
2465 3306 2818 3392 εὐδαιμονία.
2888 3307 3037 3392 ἐνέρ·

538 3434 662 3493 γεια
705 3411 814 3495 γὰρ
866 3412 907 3494 ἡ
953 3411 1134 3494 ἡδονὴ
1180 3410 1406 3493 λέγεται
1460 3410 1554 3475 ὑπ’
1603 3410 2070 3496 Ἀριστοτέλους,
2132 3410 2246 3495 οὐχ
2293 3414 2374 3479 ὡς
2417 3411 2565 3494 αὐτὴ
2620 3412 2768 3475 κατὰ
2821 3412 2917 3474 τὸν
2965 3412 3039 3474 οἰ·
3068 3427 3122 3470 ιο

431 3534 501 3582 3ο
539 3518 695 3578 κεῖον
740 3515 909 3595 λόγον
955 3512 1102 3578 οὖσα
1146 3514 1433 3598 ἐνέργεια,
1488 3512 1607 3578 ἀλλ’
1666 3518 1745 3584 ὡς
1790 3514 1884 3578 ἐπ’
1941 3515 2200 3599 ἐνεργείᾳ
2246 3516 2309 3577 τὸ
2355 3513 2499 3577 εἶναι
2543 3511 2768 3599 ἔχουσα
2811 3517 2907 3578 καὶ
2955 3518 3034 3600 μὴ

536 3618 821 3701 δυναμένη
872 3618 1057 3703 χωρὶς
1098 3617 1310 3700 ταύτης
1364 3618 1640 3699 γίνεσθαι.
1731 3620 1817 3681 διὸ
1865 3622 1944 3687 ὡς
2000 3619 2066 3681 τὸ
2112 3618 2372 3725 ἐνέργειᾳ
2423 3616 2569 3680 εἶναι
2614 3617 3036 3701 ἀνεμπόδιστος

538 3720 683 3807 ἔχει,
729 3721 914 3790 οὕτως
967 3720 1035 3783 ἄν
1090 3719 1221 3806 ἔχοι
1265 3722 1360 3783 καὶ
1414 3722 1479 3783 τὸ
1524 3720 1669 3785 εἶναι
1712 3721 2065 3805 εὐδαιμονία.
2157 3720 2412 3805 ἐνέργεια
2467 3721 2532 3785 δέ
2588 3722 2739 3785 ἐστιν
2787 3724 3037 3807 ἀνεμπό·
3066 3741 3118 3784 15

536 3827 727 3893 διστος
770 3829 855 3909 τῷ
901 3823 1139 3907 τοιαύτῃ
1194 3825 1653 3909 παρακολουθεῖν
1700 3825 1986 3910 ἐνεργείᾳ,
2041 3826 2136 3888 καὶ
2182 3825 2517 3907 εὐδαιμονία
2561 3826 2682 3890 ἐστὶ
2728 3832 2812 3913 τῷ
2860 3852 3040 3913 παρα·

432 4126 455 4178 l
496 4125 749 4197 ἡντινοῦν]
789 4143 864 4194 pr.
900 4147 927 4178 ν
965 4129 1022 4180 in
1058 4128 1133 4180 lit.
1161 4130 1209 4179 V
1423 4128 1455 4197 ἡ
1495 4142 1598 4180 om.
1636 4146 1667 4179 a
1704 4130 1793 4195 Sp.
2007 4128 2040 4181 5
2077 4126 2204 4198 αὕτη
2243 4132 2330 4181 M:
2386 4127 2513 4199 αὐτὴ
2555 4129 2686 4195 (erat
2722 4128 2874 4200 αὕτη)
2910 4135 2977 4183 V:
3015 4150 3143 4203 αυτη

426 4218 494 4267 L:
550 4214 677 4285 αὐτὴ
725 4233 757 4267 a
802 4218 889 4283 Sp.
1126 4216 1159 4269 8
1204 4215 1346 4268 δοκεῖ
1392 4233 1477 4284 μοι
1522 4214 1718 4273 ἐλλιπὲς
1760 4216 1883 4268 εἶναι
1930 4220 1977 4270 G
2025 4218 2081 4269 in
2129 4232 2232 4285 mg.
2465 4216 2496 4269 9
2547 4217 2590 4269 εί
2634 4217 2667 4288 ἡ
2715 4218 2888 4271 Υἱοὶ-Ρ
2934 4221 3048 4287 Sp.:
3103 4221 3145 4273 εἰ

428 4306 490 4354 V:
529 4302 561 4372 ἡ
600 4305 673 4356 Sa
848 4302 1065 4375 ἐνεργείᾳ
1101 4322 1133 4355 a
1315 4303 1375 4354 12
1414 4303 1455 4355 εἰ
1492 4302 1580 4355 οὖν
1617 4304 1747 4356 ἐστιν
1784 4323 1817 4356 a
1853 4306 1968 4371 Sp.:
2007 4304 2040 4373 ἢ
2079 4304 2174 4358 οὐκ
2213 4304 2284 4357 ἔτι
2317 4308 2438 4359 VB:
2477 4304 2510 4375 ἦ
2551 4304 2644 4358 οὐκ
2685 4306 2815 4359 ἔστιν
2851 4310 2934 4361 FS

423 4406 567 4459 φυσιν
602 4395 651 4442 V
842 4392 904 4443 14
953 4390 1138 4461 ἐφιεται
1174 4396 1225 4443 V
1402 4390 1463 4444 οὐ
1502 4391 1619 4443 add.
1658 4392 1918 4444 Schwartz
2118 4392 2182 4445 15
2221 4409 2375 4445 αιτιον
2417 4396 2464 4445 V
2655 4394 2716 4446 16
2755 4393 2878 4464 <ἠν>,
2917 4394 2968 4447 ἐν
3009 4396 3142 4448 coni.

424 4480 513 4545 Sp.
676 4478 741 4531 18
776 4479 992 4537 fortasse
1028 4479 1231 4543 (αἴτιον)
1266 4484 1357 4532 τοῦ
1532 4479 1595 4531 21
1638 4481 1725 4532 καὶ
1762 4495 1860 4532 om.
1888 4498 1919 4532 a
1943 4482 2031 4546 Sp.
2210 4480 2276 4532 22
2313 4480 2530 4533 fort-asse
2575 4483 2708 4545 (καὶ)
2745 4480 2906 4535 καθὸ
2946 4481 3140 4554 ἅνθρω-

425 4566 519 4623 πός
552 4566 673 4631 ἐστι,
721 4566 983 4627 οἰκείαις
1031 4568 1097 4620 ἐν.
1276 4566 1319 4620 εί
1358 4583 1457 4620 om.
1495 4586 1527 4619 a
1563 4570 1651 4634 Sp.
1885 4566 1951 4619 23
1998 4568 2177 4639 γίνοιτο
2215 4586 2248 4619 a
2451 4567 2517 4621 25
2557 4568 2627 4621 ἔτι
2661 4569 2748 4633 (εἰ)
2784 4569 2817 4640 ἡ
2856 4569 2992 4623 vict.
3027 4574 3141 4639 Sp.:

424 4652 495 4705 ἔτι
539 4653 571 4723 ἠ
620 4654 880 4708 VSFB²a=
936 4653 1007 4707 ἔτι
1056 4654 1099 4706 εί
1136 4656 1203 4707 13¹
1416 4654 1659 4727 ἐνέργειαζ]
1696 4672 1729 4706 α
1768 4671 1809 4707 s.
1834 4672 1883 4707 v.
1910 4660 1959 4708 'V
2192 4654 2258 4706 26
2294 4654 2500 4725 τρόπον]
2538 4675 2564 4706 ν
2603 4657 2658 4709 in
2695 4656 2775 4709 lit.
2812 4661 2861 4709 V
3090 4660 3143 4712 ἐν

422 4741 501 4811 τῷ
532 4739 829 4813 τελευταίῳ]
866 4743 983 4795 Eth.
1024 4743 1134 4795 Nic.
1160 4742 1229 4806 X,
1258 4744 1305 4794 4.
1334 4742 1383 4796 5.
1426 4742 1676 4795 1174b14
1696 4759 1771 4811 sq.
1954 4744 1986 4813 ἡ
2025 4759 2124 4796 om.
2161 4762 2194 4795 a
2229 4746 2318 4811 Sp.
2497 4744 2563 4796 27
2601 4742 2702 4814 εἴη]
2741 4744 2789 4797 εἴ
2819 4746 2878 4797 in
2912 4745 2992 4798 lit.
3019 4750 3067 4798 V

423 4828 637 4900 ἐνεργείᾳ
672 4830 777 4882 B²a
813 4832 927 4897 Sp.:
966 4830 1214 4900 ἐνεργείας
1249 4832 1367 4883 VB¹
1548 4830 1613 4883 29
1651 4830 1807 4901 ἠδονη
1847 4835 1894 4884 V
2070 4830 2198 4901 αὐτη
2237 4836 2286 4883 V
2463 4831 2527 4884 31
2568 4831 2788 4904 ἐνεργείᾳ
2825 4852 2858 4885 a
