3684 5567
1767 1484 1804 1558 I

1237 1671 1378 1747 DE
1448 1670 2330 1762 QUAESTIONIBUS

598 1979 742 2044 Duo
786 1977 1045 2044 diversa
1089 1979 1566 2045 Problematum
1623 1999 1895 2064 corpora
1948 1979 2257 2045 contineri
2314 1979 2775 2058 Quaestionum
2831 1999 2997 2062 quae
3051 1979 3141 2044 fe-

421 2105 648 2180 runtur
692 2105 990 2182 quattuol·
1035 2097 1214 2163 libris
1259 2083 1468 2164 codei
1511 2099 1798 2164 Venetus
1839 2097 1955 2182 ((16
1999 2119 2125 2182 quo
2172 2097 2249 2164 cf.
2284 2121 2343 2183 p.
2378 2099 2527 2186 XV)
2572 2099 2780 2166 docet.
2872 2121 3135 2184 quorum

419 2217 598 2302 prius
629 2217 877 2302 physici
923 2217 1304 2301 argumenti,
1350 2216 1520 2300 quod
1568 2217 1769 2284 tribus
1801 2216 1979 2282 libris
2010 2223 2281 2301 constat,
2324 2218 2645 2302 integrum
2686 2219 2939 2286 videtur
2969 2240 3134 2305 esse,

416 2337 703 2414 alterius,
771 2357 896 2420 quo
965 2335 1236 2401 moralia
1302 2335 1734 2414 continentur,
1802 2335 2045 2421 primus
2112 2342 2357 2402 tantum
2425 2339 2588 2404 liber
2653 2344 2949 2404 servatus
3016 2345 3133 2405 est.

416 2457 833 2541 inscriptione
877 2455 1200 2540 differunt,
1247 2475 1394 2521 nam
1433 2456 1606 2522 illius
1651 2458 1921 2542 σχολικαὶ
1964 2457 2263 2540 ἀπορίαι
2310 2459 2423 2524 καὶ
2468 2458 2703 2528 λύσεις
2744 2477 2982 2523 nomen
3013 2465 3131 2544 est,

417 2577 605 2642 huius
649 2575 1138 2663 προβλήματα.
1227 2575 1488 2640 moralis
1532 2581 1750 2641 autem
1779 2575 2141 2658 argumenti
2173 2577 2543 2660 conspectui
2584 2577 2636 2643 si
2669 2577 3133 2662 praescriptum

415 2703 518 2763 est
578 2695 642 2761 in
690 2696 938 2762 Veneto
991 2699 1286 2782 σχολικῶν
1341 2698 1598 2780 ἀποριῶν
1657 2697 1754 2759 καὶ
1807 2695 2029 2760 λύσεων
2074 2698 2383 2781 κεφάλαια,
2453 2696 2577 2762 hoc
2640 2697 2918 2764 fortasse
2983 2704 3133 2782 post

413 2817 926 2883 coniunctionem
971 2817 1228 2884 demum
1259 2815 1668 2901 physicorum
1715 2836 1859 2881 cum
1904 2815 2254 2881 moralibus
2297 2814 2535 2880 factum
2582 2822 2699 2881 est.

585 2937 714 3003 Sed
744 2939 1042 3003 nolumus
1074 2935 1156 3003 de
1185 2936 1549 3002 nominibus
1580 2942 1830 3002 certare
1875 2934 2045 3002 idem
2092 2933 2621 3018 significantibus,
2667 2935 2721 2999 si
2754 2933 2836 3000 de
2870 2955 2939 3000 re
2984 2956 3133 3000 con-

409 3064 563 3124 stat.
655 3056 775 3122 hoc
818 3065 1036 3122 autem
1081 3055 1442 3139 quaeritur,
1496 3077 1648 3122 num
1701 3056 1840 3121 iure
1897 3055 2037 3120 sive
2089 3054 2491 3139 problemata
2544 3054 2683 3119 sive
2736 3055 2971 3132 ἀπορίαι
3030 3054 3129 3119 his

413 3175 902 3243 collectionibus
933 3175 1335 3241 inscribatur.
1403 3182 1583 3260 patet
1621 3175 1790 3241 enim
1825 3175 1932 3240 vel
1968 3174 2172 3240 obiter
2202 3172 2567 3258 inspicienti
2605 3178 2899 3257 neutram
2941 3172 3127 3238 unius

407 3296 664 3381 generis
723 3301 1101 3378 argumento
1148 3294 1452 3380 compleri
1497 3301 1562 3360 et
1605 3294 1818 3360 inesse
1872 3293 1936 3358 in
1983 3300 2258 3377 quatuor
2302 3292 2403 3358 his
2447 3291 2628 3358 libris
2684 3298 2943 3376 praeter
2985 3313 3127 3376 pro-

406 3415 693 3482 blemata
761 3417 962 3482 multa
1026 3416 1176 3481 alia.
1295 3435 1494 3499 quare
1549 3413 2024 3480 Fununnnmn,
2085 3412 2230 3478 libri
2314 3463 2339 3493 „
2360 3409 2482 3478 Die
2550 3411 2748 3477 durch
2802 3413 3125 3479 Averroes

405 3536 786 3602 erhaltenen
842 3535 1228 3620 Fragments
1280 3534 1683 3602 Alexanders
1737 3555 1850 3599 zur
1892 3531 2309 3617 Metaphysik
2363 3530 2479 3597 des
2524 3531 2940 3596 Aristoteles“
3014 3552 3125 3616 pa-

403 3655 599 3738 ginae
647 3657 726 3722 13
774 3655 935 3722 haec
977 3655 1337 3721 adnotavit:
1412 3654 1680 3733 „Dieser
1722 3654 1891 3720 Titel
1932 3650 2441 3738 (Quaestiones),
2495 3649 2627 3716 wie
2673 3650 2779 3715 die
2825 3651 3121 3716 Bezeich-

405 3796 586 3859 nung
630 3775 747 3842 der
776 3775 1014 3842 Schrift
1057 3776 1156 3840 als
1201 3774 1379 3840 einer
1420 3773 1798 3856 Sammlung
1841 3794 1966 3839 von
2016 3773 2251 3859 ἀπορίαι
2294 3775 2390 3837 καὶ
2436 3771 2631 3840 λύσεις
2672 3770 2756 3836 ist
2800 3789 2965 3853 ganz
3011 3789 3122 3836 un-

403 3895 779 3977 zutreffend‚
825 3895 912 3961 da
955 3895 1074 3961 wir
1115 3893 1429 3961 vielmehr
1475 3893 1632 3978 hier,
1677 3893 1802 3960 wie
1845 3892 1933 3957 im
1979 3898 2421 3976 sogenannten
2467 3891 2739 3957 zweiten
2780 3889 2957 3955 Buch
3004 3889 3121 3955 der

399 4014 828 4100 Psychologie
882 4015 1028 4081 eine
1083 4014 1261 4080 nicht
1309 4035 1438 4079 von
1482 4013 1855 4080 Alexander
1906 4031 2399 4096 ausgegangene
2450 4010 3118 4093 Zusammenstellung

399 4157 528 4201 von
573 4133 966 4217 Entwttrfen,
1010 4131 1434 4217 Summarien,
1479 4134 1816 4216 Auszflgen
1870 4152 1989 4198 aus
2042 4130 2496 4215 exegetischen
2544 4128 2895 4213 Collegien,
2968 4131 3118 4195 Dia·

401 4255 593 4338 logen
638 4229 772 4320 und
813 4253 1109 4336 wenigen
1154 4274 1286 4319 von
1329 4254 1701 4319 Alexander
1752 4252 1854 4317 fur
1908 4251 2015 4318 die
2061 4250 2653 4333 Veroffentlichung
2704 4248 3115 4316 bestimmten

397 4373 911 4453 Abhandlungen
954 4373 1457 4440 anzuerkennen
1505 4372 1772 4438 haben.“

567 4491 764 4558 Cuius
819 4492 1033 4558 iudicii
1091 4490 1260 4576 parti
1316 4491 1693 4576 adstipulor.
1783 4509 1913 4573 qua
1974 4488 2057 4558 de
2110 4511 2181 4556 re
2246 4489 2621 4556 dissentiam
2688 4508 2731 4553 a
2785 4488 2921 4554 viro
2967 4488 3113 4555 doc-

395 4610 660 4695 tissimo,
706 4610 976 4695 patebit,
1023 4611 1078 4676 si
1123 4611 1411 4694 singulas
1456 4585 1918 4688 Quaestionum
1965 4616 2183 4695 partes
2226 4608 2590 4675 accuratius
2633 4609 3109 4676 examinavero.

395 4729 710 4795 Exordiar
752 4736 968 4796 autem
1013 4728 1098 4794 ab
1143 4728 1237 4794 eis
1295 4729 1704 4814 physicorum
1759 4730 2063 4796 librorum
2109 4729 2447 4814 capitibus,
2514 4741 2682 4812 quae
2736 4748 2893 4794 vera
2945 4750 3111 4813 pro-

393 4847 725 4915 blemata
769 4856 936 4915 sunt.
1035 4847 1260 4914 horum
1319 4847 1402 4936 si,
1458 4867 1586 4936 qua
1634 4849 1842 4917 forma
1894 4848 2252 4938 composita
2303 4848 2459 4932 sint,
2526 4849 2913 4936 quaerimus,
2978 4849 3107 4916 duo
