3684 5567
613 271 740 338 210
1497 269 1954 328 ΑΛΕΞΑΝΔΡΟΥ
1989 270 2441 328 ΑΦΡΟΔῙΣΙΕΩΣ

721 467 816 507 νον
860 451 964 530 τῆς
1006 446 1154 510 κατὰ
1197 447 1295 509 τὸν
1339 445 1528 530 λόγον,
1573 448 1750 531 ἀρετή
1797 471 1861 510 τε
1904 449 2001 510 καὶ
2046 449 2217 510 κακία
2261 450 2357 511 καὶ
2400 449 2467 510 τὸ
2494 447 2645 511 εἷναί
2682 473 2733 512 τι
2776 447 2839 510 ἐν
2882 449 3217 533 ἀνθρώποις
3242 468 3299 509 ε·

719 547 961 634 αἰσχρόν
1005 573 1068 612 τε
1112 550 1207 613 καὶ
1251 550 1427 612 καλὸν
1473 551 1570 612 καὶ
1613 548 1911 612 ἐπαινετόν
1954 574 2019 612 τε
2062 553 2159 613 καὶ
2202 553 2411 636 ψεκτὸν
2455 553 2551 615 καὶ
2592 557 2765 636 τιμῆς
2806 575 2869 614 τε
2912 553 3007 614 καὶ
3050 552 3217 614 κολά-

713 671 864 720 σεως
905 651 1080 721 ἄξιον.
1169 653 1336 716 οὐδὲν
1383 651 1498 736 ἄρα
1545 652 1704 736 μένει
1748 657 1852 716 τοῦ
1899 653 2011 716 ὑπὸ
2058 658 2159 717 τοῦ
2206 655 2353 737 μετὰ
2398 654 2679 738 τοσαύτης
2734 655 2946 740 τέχνης
2988 655 3213 738 ἠρωτη-

717 754 892 838 μένου
936 756 1108 838 λόγου
1153 755 1712 837 κατεσκευασμένου,
1785 755 2183 838 ἀκολουθήσει
2226 780 2290 819 τε
2332 756 2531 825 αὐτοῖς
2574 756 2908 840 ἀρξαμένων
2952 756 3214 820 κάτωθεν

644 877 674 924 5
713 857 1052 933 ἀκολουθία,
1117 858 1189 942 ἣν
1257 857 1506 922 ἔπεσθαι
1573 858 1836 940 λέγουσιν
1904 863 2023 928 τοῖς
2069 859 2319 943 ἀναιρεῖν
2386 859 2763 944 πειρωμένοις
2814 862 2881 922 τὸ
2926 858 3019 944 ἐφ’
3073 860 3211 942 ἡμῖν
3238 875 3295 917 26

713 959 760 1043 †
803 959 948 1023 εἶναι
991 963 1073 1030 ὡς
1138 960 1303 1024 αὐτοὶ
1367 965 1674 1044 τηροῦντες
1739 961 2223 1044 ὁμολογουμένως
2286 960 2431 1024 αὐτὸ
2498 961 2595 1024 διὰ
2661 967 2763 1026 τοῦ
2828 962 3219 1048 προλαβόντας

713 1061 909 1132 ἄλλοις
953 1063 1242 1148 ἐπιφέρειν
1287 1062 1434 1126 αὐτὰ
1479 1065 1545 1126 τὸ
1594 1065 1676 1146 μὴ
1723 1067 1912 1127 δοκεῖν
1957 1061 2205 1148 ἔχεσθαι
2248 1065 2313 1128 τὸ
2359 1066 2455 1128 καὶ
2502 1069 2622 1134 τοῖς
2676 1066 3001 1150 διαφεύγειν
3043 1067 3212 1149 ἡγου·

713 1164 922 1246 μένοις.
1011 1167 1066 1230 εἰ
1107 1167 1215 1251 γὰρ
1262 1169 1344 1250 μή
1391 1168 1506 1231 εἰσι
1549 1168 1710 1249 τιμαὶ
1755 1169 1907 1251 μηδὲ
1950 1169 2235 1236 κολάσεις,
2304 1167 2441 1231 οὐδὲ
2484 1165 2705 1231 ἔπαινοι
2748 1169 2885 1231 οὐδὲ
2926 1167 3112 1252 ψόγοι,
3156 1168 3207 1230 εἰ
3234 1185 3291 1226 εε

711 1268 776 1330 δὲ
821 1271 902 1352 μὴ
951 1274 1149 1345 ταῦτα,
1196 1269 1332 1332 οὐδὲ
1376 1271 1814 1354 κατορθώματά
1858 1293 1920 1332 τε
1965 1271 2060 1334 καὶ
2104 1272 2510 1354 ἁμαρτήματα,
2556 1270 2608 1333 εἰ
2652 1271 2717 1333 δὲ
2748 1270 2829 1354 μὴ
2874 1275 3073 1345 ταῦτα,
3116 1269 3211 1333 οὐ·

609 1391 673 1437 10
709 1372 774 1433 δὲ
818 1372 998 1457 ἀρετὴ
1043 1375 1138 1436 καὶ
1181 1374 1375 1453 κακία,
1423 1373 1474 1436 εἰ
1519 1375 1584 1436 δὲ
1629 1374 1712 1457 μὴ
1759 1377 1958 1452 ταῦτα,
2004 1375 2198 1459 φασίν,
2246 1373 2337 1436 ὅτι
2380 1373 2531 1456 μηδὲ
2576 1373 2721 1436 θεοί.
2788 1373 2939 1436 ἀλλὰ
2982 1374 3098 1457 μὴν
3142 1373 3208 1436 τὸ

710 1480 938 1560 πρῶτον
983 1477 1048 1540 τὸ
1095 1477 1178 1560 μὴ
1225 1475 1368 1540 εἶναι
1417 1480 1565 1560 μήτε
1608 1476 1776 1560 τιμὰς
1822 1477 1973 1560 μήτε
2016 1479 2283 1545 κολάσεις
2326 1477 2529 1538 ἕπεται
2580 1481 2665 1562 τῷ
2700 1477 2887 1539 πάντα
2928 1476 3185 1558 γίνεσθαι
3224 1481 3312 1538 118

708 1577 844 1642 καθ’
899 1579 1270 1664 εἱμαρμένην,
1341 1583 1421 1648 ὡς
1485 1579 1786 1643 δέδεικται.
1877 1579 2026 1664 (καὶ)
2072 1581 2137 1643 τὸ
2182 1584 2507 1643 τελευταῖον
2574 1580 2707 1664 ἄρα,
2773 1579 2806 1642 δ
2852 1579 3065 1642 ἄτοπον
3111 1581 3207 1642 καὶ

705 1681 1003 1746 ἀδύνατον.
1094 1683 1421 1767 ἀναιρετέον
1466 1682 1632 1768 (ἄρα)
1677 1683 1742 1745 τὸ
1788 1685 1977 1746 πάντα
2020 1683 2277 1765 γίνεσθαι
2322 1681 2460 1746 καθ’
2514 1682 2889 1773 εἱμαρμένην,
2945 1679 2997 1768 ᾦ
3040 1679 3194 1745 τοῦτ’

703 1785 916 1848 εἵπετο.
985 1785 1198 1866 ἴδωμεν
1243 1787 1308 1849 δὲ
1337 1788 1432 1849 καὶ
1463 1785 1612 1869 (τὸν)
1641 1785 1736 1848 ἐπὶ
1766 1786 1959 1868 τούτῳ
1992 1788 2158 1868 λόγον
2190 1787 2584 1870 ἠρωτημένον,
2632 1786 2683 1848 εἰ
2728 1786 2811 1869 μὴ
2857 1787 2959 1854 τὰς
3002 1786 3205 1867 ὁμοίας
3255 1803 3284 1844 ὅ
3326 1791 3587 1845 mvn

603 1907 664 1956 15
701 1888 951 1971 ἀνάγκας
996 1886 1140 1974 ἔχει.
1231 1889 1382 1971 λέγει
1427 1891 1490 1952 δὲ
1534 1889 1746 1958 οὕτως·
1805 1887 1907 1951 ὀὐ
1951 1891 2139 1952 πάντα
2184 1891 2287 1971 μὲν
2326 1886 2451 1952 ἔστι
2495 1887 2636 1952 καθ’
2677 1888 3054 1973 εἱμαρμένην,
3098 1889 3205 1950 οὐκ

704 1989 825 2056 ἔστι
870 1993 936 2054 δὲ
979 1993 1277 2060 ἀκώλυτος
1331 1993 1426 2055 καὶ
1473 1990 1978 2076 ἀπαρεμπόδιστος
2021 1993 2061 2074 ἡ·
2107 1995 2209 2054 τοῦ
2256 1993 2477 2074 κόσμου
2524 1991 2819 2075 διοίκησις.
2902 1990 3043 2054 οὐδὲ
3084 1988 3202 2054 ἔστι

699 2095 802 2176 μὲν
849 2098 1038 2170 τοῦτο,
1085 2095 1189 2156 οὐκ
1232 2093 1354 2158 ἔστι
1401 2096 1467 2157 δὲ
1511 2093 1752 2176 κόσμος,
1823 2093 1959 2156 οὐδὲ
2004 2093 2127 2157 ἔστι
2174 2095 2277 2176 μὲν
2321 2095 2559 2176 κόσμος,
2605 2092 2711 2156 οὐκ
2757 2094 2900 2156 εἰσὶν
2944 2094 3009 2158 δὲ
3054 2093 3197 2156 θεοί.

699 2197 752 2260 εἰ
795 2197 860 2261 δέ
907 2197 1020 2260 εἰσι
1064 2197 1208 2272 θεοί,
1263 2196 1406 2260 εἰσὶν
1451 2197 1664 2279 ἀγαθοὶ
1709 2197 1763 2260 οἱ
1809 2196 1960 2273 θεοί,
2006 2197 2155 2258 ἀλλὰ
2200 2199 2253 2260 εἰ
2294 2202 2486 2274 τοῦτο,
2530 2195 2683 2259 ἔστιν
2728 2197 2931 2280 ἀρετή,
2976 2195 3095 2259 ἀλλ’
3148 2197 3199 2258 εἰ
3226 2212 3283 2254 ιο

699 2297 851 2362 ἔστιν
897 2300 1096 2384 ἀρετή,
1143 2297 1266 2362 ἔστι
1311 2298 1616 2384 φρόνησις,
1663 2296 1784 2361 ἀλλ’
1841 2300 1895 2362 εἰ
1939 2302 2128 2374 τοῦτο,
2174 2296 2326 2364 ἔστιν
2384 2303 2425 2384 ἡ
2470 2301 2763 2384 ἐπιστήμη
2808 2299 3094 2382 ποιητέων
3138 2321 3201 2361 τε

593 2423 660 2470 20
697 2405 794 2467 καὶ
839 2403 907 2466 οὐ
952 2403 1262 2486 ποιητέων.
1352 2403 1502 2466 ἀλλὰ
1545 2401 1794 2486 ποιητέα
1825 2401 1931 2485 μέν
1976 2402 2097 2464 ἐστι
2144 2402 2215 2464 τὰ
2258 2404 2707 2486 κατορθώματα,
2752 2401 2821 2465 οὐ
2863 2401 3102 2486 ποιητέα
3132 2402 3197 2464 δὲ

695 2506 770 2569 τὰ
815 2507 1222 2590 ἁμαρτήματα.
1315 2505 1424 2568 οὐκ
1468 2505 1583 2590 ἄρα
1627 2509 1740 2567 πᾶν
1788 2506 1893 2587 μὲν
1938 2506 2151 2588 γίνεται
2195 2503 2335 2569 καθ’
2390 2505 2764 2590 εἱμαρμένην,
2820 2504 2927 2568 οὐκ
2970 2501 3090 2568 ἔστι
3130 2505 3197 2567 δὲ

699 2611 1016 2694 ἁμάρτημα
1061 2611 1158 2672 καὶ
1204 2607 1579 2694 κατόρθωμα.
1671 2607 1819 2670 ἀλλὰ
1864 2607 1936 2670 τὰ
1982 2609 2086 2691 μὲν
2132 2607 2559 2733 κατορθώματα
2604 2611 2773 2686 καλά,
2818 2607 2891 2671 τὰ
2921 2608 2985 2672 δὲ
3016 2610 3195 2692 ἁμαρ·
3224 2625 3279 2666 ιε

694 2736 926 2834 τηματα
971 2713 1210 2797 αἰσχρά,
1258 2712 1353 2775 καὶ
1401 2710 1472 2773 τὰ
1517 2712 1624 2793 μὲν
1670 2711 1819 2774 καλὰ
1864 2709 2294 2784 ἐπαινετά,τᾶ
2338 2711 2403 2773 δὲ
2449 2710 2599 2774 κακὰ
2642 2712 2846 2795 ψεκτά.
2937 2710 3043 2775 οὐκ
3084 2710 3196 2794 ἄρα

691 2817 876 2878 πάντα
924 2815 1028 2898 μέν
1073 2815 1194 2878 ἐστι
1239 2813 1375 2877 καθ’
1431 2813 1804 2897 εἱμαρμένην,
1874 2811 1979 2874 οὐκ
2023 2810 2147 2874 ἔστι
2191 2813 2255 2874 δὲ
2300 2813 2569 2876 ἐπαινετὰ
2626 2815 2721 2876 καὶ
2774 2815 2976 2897 ψεκτά.
3064 2811 3182 2875 ἀλλ’

588 2938 654 2986 25
693 2919 746 2980 εἰ
789 2921 978 2995 τοῦτο,
1027 2918 1170 2980 εἰσὶν
1216 2913 1439 2979 ἔπαινοι
1487 2916 1582 2979 καὶ
1627 2915 1824 3000 ψόγοι·
1896 2913 2025 2976 ἀλλ’
2082 2915 2121 2978 ἃ
2166 2915 2269 2996 μὲν
2316 2915 2661 2999 ἐπαινοῦμεν
2707 2921 2984 2999 τιμῶμεν,
3050 2915 3088 2977 ἃ
3130 2915 3195 2977 δὲ
3220 2931 3279 2973 ευ

696 3021 946 3107 ψέγομεν
993 3022 1336 3102 κολάζομεν,
1403 3020 1500 3083 καὶ
1545 3019 1577 3080 ό
1625 3019 1730 3101 μὲν
1771 3022 1955 3102 τιμῶν
2000 3017 2267 3101 γεραίρει,
2336 3020 2368 3080 ὃ
2416 3019 2481 3081 δὲ
2536 3021 2801 3090 κολάζων
2862 3017 3191 3101 ἐπανορθοῖ.

695 3125 805 3188 οὐκ
847 3123 962 3206 ἄρα
1004 3123 1192 3186 πάντα
1239 3123 1342 3204 μὲν
1373 3125 1585 3204 γίνεται
1614 3120 1750 3184 καθ’
1792 3120 2166 3204 εἱμαρμένην,
2214 3119 2321 3182 οὐκ
2350 3118 2468 3184 ἔστι
2502 3122 2567 3182 δὲ
2610 3124 2889 3206 γεραίρειν
2927 3121 3023 3185 καὶ
3052 3120 3191 3182 ἐπα-

695 3223 991 3311 νορθοῦν’.
1077 3225 1172 3288 καὶ
1217 3224 1385 3292 οὗτος
1429 3226 1501 3306 δὴ
1549 3226 1582 3286 ὁ
1625 3223 1792 3305 λόγος
1837 3223 1954 3285 ἀπὸ
2000 3228 2103 3306 τῆς
2148 3222 2327 3305 αὐτῆς
2371 3223 2722 3308 παλαίστρας
2765 3225 2845 3286 ὢν
2894 3226 3067 3307 δῆλον
3113 3227 3194 3292 ὥς

693 3331 790 3392 διὰ
832 3333 946 3392 τῶν
994 3329 1184 3392 αὐτῶν
1231 3327 1298 3390 ἂν
1345 3328 1565 3411 ψευδὴς
1611 3327 1691 3389 ὢν
1737 3325 2059 3410 ἐλέγχοιτο.
2150 3331 2378 3410 πρῶτον
2426 3327 2529 3408 μὲν
2572 3326 2679 3411 γὰρ
2724 3326 2794 3390 ἄν
2838 3349 2921 3394 τις
2966 3347 3191 3411 συγχω-
3218 3341 3273 3384 εδ

587 3453 655 3502 30
692 3436 888 3520 ρησειε
935 3433 1261 3518 προχείρως
1303 3437 1390 3517 τῷ
1449 3427 1550 3494 οὐ
1595 3431 1780 3493 πάντα
1829 3430 1932 3513 μέν
1978 3429 2101 3493 ἐστι
2146 3427 2282 3492 καθ’
2338 3429 2712 3513 εἱμαρμένην,
2781 3427 2886 3493 οὐκ
2952 3426 3073 3492 ἔστι
3127 3429 3192 3492 δὲ

586 3653 618 3706 2
656 3655 746 3707 alt.
783 3656 868 3706 καὶ
905 3671 945 3705 s.
973 3671 1018 3706 v.
1045 3655 1090 3706 V
1255 3655 1290 3704 4
1325 3655 1800 3721 κατασκευασμένου
1820 3657 1886 3706 V:
1926 3654 2011 3705 καὶ
2049 3652 2513 3720 κατεσκευασμένου
2538 3649 2647 3706 13²8
2674 3665 2797 3720 mga
2836 3651 3293 3719 κατεσκευασμένον

586 3741 700 3796 Cas,
741 3741 893 3809 Casp.
917 3745 962 3794 Ο
1105 3739 1184 3808 τε]
1221 3741 1280 3792 τὸ
1305 3740 1360 3792 ⁸²
1501 3741 1791 3811 ἀρξαμένοις
1817 3739 1887 3793 13²
2028 3741 2060 3792 5
2098 3739 2315 3792 fortasse
2354 3742 2487 3808 (τῆς)
2521 3736 2825 3796 ἀκολουθίας
2983 3738 3014 3790 6
3054 3737 3130 3790 ὥσ
3166 3753 3293 3790 corr.

584 3847 650 3883 ex
685 3845 800 3882 πωσ
827 3829 923 3880 V1:
962 3833 1073 3886 πῶς
1098 3826 1200 3881 ⁸¹²:
1245 3827 1317 3886 ὡς
1353 3829 1518 3882 Lond.
1557 3833 1602 3883 Ο
1779 3833 1871 3881 τοῦ
1916 3827 2254 3898 προλαβόντος
2293 3827 2455 3878 KES:
2510 3825 2569 3878 τὸ
2604 3824 2903 3896 προβάλλειν
2940 3825 3105 3878 Lond.
3142 3827 3187 3879 Ο

584 3917 616 3969 7
654 3917 833 3974 ἄλλους
869 3916 1031 3969 Lond.
1175 3916 1365 3986 ἐφέρειν
1401 3917 1480 3968 ε“;
1519 3917 1744 3988 ἀφαιρεῖν
1782 3915 1947 3969 Lond.
1976 3919 2021 3969 Ο
2188 3913 2311 3966 αὐτὸ
2350 3913 2512 3966 Lond.
2540 3917 2587 3966 Ο
2728 3913 2787 3965 τὸ
2826 3914 2895 3983 μὴ
2924 3911 3074 3964 Van:
3111 3917 3185 3982 τῷ
3220 3913 3289 3982 μὴ

583 4007 634 4056 Η
659 4021 761 4074 mg.
789 4009 832 4058 E
872 4004 1038 4057 Lond.
1075 4006 1148 4056 0:
1185 4021 1244 4056 το
1281 4005 1460 4071 (supra
1485 4023 1534 4056 o:
1575 4005 1641 4070 ω)
1669 4006 1741 4075 μὴ
1765 4007 1803 4058 S
1946 4001 2151 4076 ἔχεσθαι
2186 4002 2245 4054 τὸ
2283 4003 2369 4055 καὶ
2404 4007 2508 4058 τοῖς
2543 4000 2695 4052 Van:
2734 3997 2938 4052 ἔπεσθαι
2972 4001 3033 4053 τὸ
3070 4002 3155 4052 καὶ
3190 4006 3291 4058 τοῖς

583 4094 746 4146 KES:
783 4090 986 4144 ἔπεσθαι
1009 4093 1098 4144 καὶ
1121 4098 1226 4149 τοῖς
1249 4095 1296 4144 H
1325 4107 1453 4160 mg.=
1481 4089 1685 4164 ἔχεσθαι
1709 4091 1736 4143 ὃ
1762 4093 1848 4145 καὶ
1873 4091 2038 4144 Lond.
2059 4094 2104 4143 Ο
2248 4091 2297 4142 7.
2323 4089 2357 4142 8
2392 4090 2625 4159 ἡγοῦνται
2648 4087 2813 4140 Lond.
2832 4090 2879 4141 O
3026 4090 3084 4141 ll
3125 4088 3185 4141 τὸ
3220 4088 3289 4157 μὴ

583 4179 750 4232 ΗΒἘ
777 4179 891 4233 Cas.
931 4183 1002 4232 O:
1039 4179 1112 4248 μὴ
1147 4179 1206 4231 τὸ
1247 4178 1386 4231 Van:
1423 4179 1482 4231 τὸ
1520 4177 1646 4250 μηδὲ
1683 4181 1720 4232 S
1898 4196 1975 4248 pr.
2002 4179 2132 4248 μήτε
2170 4193 2268 4230 om.
2306 4175 2384 4230 ειη
2584 4177 2723 4244 τιμαὶ
2760 4174 2925 4227 Lond.
3106 4174 3171 4228 12
3207 4176 3289 4229 καὶ

581 4267 698 4320 add.
723 4266 794 4319 13²
966 4266 1024 4318 13
1063 4267 1335 4337 ἀναιρεῖται
1363 4269 1502 4320 HES
1673 4265 1769 4338 ἄρα
1805 4266 1924 4319 add.
1945 4265 2015 4318 13²
2200 4265 2259 4316 14
2298 4264 2383 4316 τὸν
2419 4263 2597 4316 addidi
2776 4263 3123 4334 ἠρωτημένων
3146 4261 3225 4316 8¹²

583 4353 646 4407 15
701 4353 850 4406 οὖτοσ
902 4369 1027 4406 corr.
1077 4355 1134 4405 in
1185 4351 1353 4406 οὕτωσ
1391 4356 1487 4406 V¹=
1543 4353 1688 4412 οὗτος
1725 4357 1837 4420 Es,
1894 4354 2109 4405 fortasse
2156 4359 2323 4404 reete:
2374 4350 2537 4411 οὕτως
2582 4353 2672 4404 rel.
2959 4350 3023 4404 16
3076 4367 3153 4419 pr.
3189 4350 3287 4402 lotz

581 4457 624 4494 ε.
649 4457 695 4494 v.
721 4445 770 4494 V
974 4443 1030 4494 17
1072 4459 1162 4510 μεν
1199 4445 1382 4494 ·τοῦτο·
1420 4443 1496 4494 sic
1519 4445 1564 4492 V
1767 4441 1830 4494 18
1866 4440 1994 4493 ἀλλὰ
2028 4441 2071 4493 εἰ
2106 4445 2275 4504 τοῦτο,
2310 4439 2442 4492 ἔστιν
2480 4441 2651 4512 ἀρετή,
2688 4436 2798 4492 ἀλλ’
2837 4455 2885 4493 v.
2911 4455 2956 4491 c.
2985 4437 3127 4491 Van:
3164 4436 3285 4489 ἀλλὰ

579 4529 623 4581 εἰ
658 4547 716 4581 το
753 4529 856 4582 ἔστι
893 4529 988 4600 ἀρα
1024 4524 1132 4580 ἀλλ’
1163 4531 1238 4582 sic
1270 4530 1365 4580 V‘:
1405 4527 1500 4580 ἀλλ
1534 4529 1610 4580 ἀεὶ
1645 4527 1704 4580 τὸ
1740 4528 1790 4580 εἴ
1822 4529 1954 4581 ἐστιν
1992 4529 2091 4601 ἄρα
2126 4525 2233 4580 ἀλλ’
2276 4530 2355 4581 sic
2390 4531 2453 4582 S:
2496 4527 2625 4580 ἀλλὰ
2662 4529 2705 4580 εἰ
2740 4546 2797 4580 το
2834 4545 2878 4579 ει
2913 4527 3093 4596 (supra
3130 4543 3186 4578 το
3220 4541 3282 4577 ez:

576 4611 763 4682 θεοίδε)
800 4617 930 4670 ἐστὶν
967 4617 1116 4687 ἀρετη
1156 4615 1268 4668 ἀλλ’
1305 4618 1380 4668 sic
1417 4620 1490 4669 E:
1549 4615 1679 4668 ἀλλὰ
1727 4621 1881 4668 τοῦτο
1916 4616 2019 4669 ἔστι
2062 4617 2241 4687 ἀρετή,
2292 4615 2403 4668 ἀλλ’
2442 4620 2491 4668 Κ
2702 4621 2818 4669 tert.
2856 4616 2900 4668 εἰ
2934 4631 3036 4668 om.
3071 4613 3154 4667 ⁸¹²

584 4703 646 4756 19
683 4721 832 4757 τουτο
874 4709 919 4756 V
1132 4705 1163 4773 ἡ
1202 4703 1300 4756 del.
1340 4703 1538 4758 Gercke
1714 4705 1781 4757 24
1826 4721 1903 4773 pr.
1941 4702 2068 4772 ἐστι]
2106 4705 2196 4756 εἰσι
2232 4703 2312 4756 ⁸¹²
2488 4703 2556 4758 25
2592 4701 2733 4771 εἰσιν]
2772 4702 2867 4756 οὔκ
2903 4704 3023 4756 εἰσιν
3060 4704 3134 4756 0:
3190 4701 3281 4754 οὐκ

579 4789 638 4841 ἂν
663 4789 830 4844 Lond.
1007 4791 1076 4844 28
1111 4789 1248 4844 οὗτοι
1272 4793 1339 4845 εέ
1377 4811 1515 4846 ουτοι
1541 4792 1596 4844 a’
1773 4793 1856 4846 29.
1883 4791 1953 4846 30
1978 4793 2315 4863 συγχωρήσειε
2334 4791 2420 4846 13²:
2460 4792 2774 4864 συγχωρήσει
2799 4791 2945 4844 Va¹²=
2982 4791 3281 4864 συγχωρήσῃ

579 4880 664 4930 Es
825 4876 895 4930 30
929 4878 988 4931 τὸ
1026 4878 1141 4932 Cas.
1182 4880 1346 4933 Lond.
1367 4884 1411 4936 O
