3684 5567
544 252 629 316 64
1518 247 1823 305 ΑΠΟΡΙΩΝ
1864 248 1984 305 ΚΑΙ
2023 246 2288 306 ΛΥΣΕΩΝ

652 422 804 505 λέγει
829 422 1238 508 Ἀριστοτέλης
1268 424 1363 486 ἐπὶ
1396 429 1495 487 τοῦ
1528 424 1771 506 κόσμου,
1803 424 1857 486 εἰ
1893 424 2133 507 γενητὸς
2163 422 2281 506 εἴη·
2317 424 2411 487 διὰ
2440 427 2610 486 τοῦτο
2640 425 2747 507 γάρ
2777 444 2950 507 φησιν
2981 424 3152 486 αὐτὸν

648 527 744 589 καὶ
789 528 1220 612 φθαρήσεσθαι.
1296 528 1364 591 οὒ
1410 528 1519 612 γὰρ
1564 528 1747 597 οὕτως
1791 525 2005 612 ἔχοντα
2049 528 2252 610 ὁρᾶται
2297 528 2370 590 τὰ
2413 527 2707 610 γινόμενα·
2755 524 2890 589 οὔτε
2933 526 3044 609 γὰρ
3089 526 3153 586 τὸ

650 630 870 713 βάθρον
915 632 979 693 τὸ
1026 630 1093 693 ἐκ
1137 634 1239 693 τοῦ
1269 633 1497 693 τοιοῦδε
1543 629 1994 712 Εὑλου·γεγονὸς
2031 632 2314 713 φυλάσσει
2359 632 2464 713 τὴν
2493 631 2726 713 δύναμιν
2774 627 2856 692 ἔτι
2901 632 3002 693 τοῦ
3047 652 3154 691 τοι·
3207 644 3236 685 τι

567 804 573 811 ,
646 736 783 795 οῦτο
827 732 1095 815 γενέσθαι
1141 732 1324 807 ξύλον,
1372 731 1494 797 οὐδ’
1537 734 1621 802 εἰς
1663 733 1834 796 ταύτὸ
1881 734 1920 814 ἡ
1970 733 2262 817 μεταβολή
2309 757 2370 795 τε
2415 734 2509 795 καὶ
2555 734 2769 816 φθορά,
2816 730 2952 794 οὔθ’
3010 734 3041 796 ὁ
3087 730 3152 793 ἔκ

577 857 607 903 5
648 860 814 899 τινων
862 836 1008 899 κατὰ
1054 837 1383 920 μεταβολὴν
1428 836 1723 918 γινόμενος
1766 836 2076 920 ἄνθρωπος
2135 838 2303 900 πάλιν
2346 838 2430 906 εἰς
2473 837 2668 900 ἐκεῖνα
2711 836 3039 920 φθείρεται,
3096 835 3154 904 ἐξ

648 942 730 1003 ὧν
786 942 824 1022 ἢ
880 941 1101 1021 γένεσις
1162 940 1356 1024 αὐτῷ,
1414 938 1549 1003 τόδε
1604 941 1669 1003 τὸ
1724 937 1985 1023 ἔμμηνον
2041 942 2138 1003 καὶ
2190 939 2324 1003 τόδε
2375 942 2441 1003 τὸ
2499 940 2748 1023 σπέρμα.
2838 939 2877 1021 ἢ
2934 938 3003 1001 τὰ
3049 940 3152 1021 μὲν
3183 956 3238 997 ιο

645 1044 792 1106 κατὰ
836 1043 939 1111 τὰς
982 1043 1193 1128 τέχνας
1235 1042 1504 1125 γινόμενα
1559 1043 1666 1107 οὐκ
1712 1045 2074 1127 ἀνακάμπτει
2128 1046 2297 1107 πάλιν
2355 1044 2452 1106 ἐπὶ
2496 1044 2597 1109 τὰς
2645 1044 2811 1113 ὕλας,
2871 1044 2957 1106 ὅτι
3004 1045 3154 1125 μηδὲ

646 1145 718 1229 ἧν
764 1152 869 1231 τῆς
911 1147 1123 1231 τέχνης
1166 1144 1329 1229 ἔργον
1383 1149 1421 1229 ἡ
1470 1148 1611 1230 ὕλη,
1664 1146 1724 1215 ἐξ
1769 1148 1841 1230 ἧς
1885 1148 2069 1209 ἐποίει
2123 1148 2186 1209 τὸ
2233 1145 2429 1230 ἔργον.
2488 1146 2636 1210 ἀλλὰ
2696 1146 2832 1229 μηδ’
2887 1146 2958 1231 ἧν
3007 1148 3155 1209 ἀντι-

646 1250 883 1333 κειμένη
930 1253 1016 1333 ‘trgi‘
1062 1248 1215 1334 ἔργῳ
1260 1250 1573 1335 γινομένῳ,
1626 1252 1707 1320 εἰς
1754 1250 1785 1313 ὃ
1831 1253 1869 1333 ἢ
1920 1252 2209 1335 μεταβολὴ
2257 1256 2340 1336 τῷ
2389 1250 2704 1335 γινομένῳ.
2795 1248 2934 1334 ἔχον
2981 1252 3046 1312 δὲ
3087 1252 3152 1312 τὸ
3183 1267 3236 1309 15

546 1374 606 1420 10
648 1354 1021 1435 ὑποκείμενον
1052 1352 1293 1437 φυσικόν
1334 1377 1397 1415 τε
1444 1353 1505 1415 δν
1539 1354 1774 1435 δύναμιν
1820 1358 1924 1417 τοῦ
1970 1354 2250 1422 δέξασθαί
2288 1378 2351 1417 τε
2389 1359 2561 1417 τοῦτο
2608 1355 2673 1415 τὸ
2707 1353 2858 1420 εἶδος
2902 1354 2998 1415 καὶ
3049 1356 3150 1435 μή,

643 1457 751 1521 κᾶν
796 1456 1043 1539 δέξηται,
1088 1458 1383 1539 φυλάσσον
1425 1457 1531 1540 τὴν
1578 1458 1814 1539 δύναμιν
1859 1460 1964 1539 τὴν
2009 1461 2110 1519 τοῦ
2156 1458 2519 1541 χωρίζεσθαι
2571 1462 2672 1520 τοῦ
2719 1454 2906 1525 εἴδους
2951 1456 2982 1518 ὃ
3030 1456 3148 1518 ἐδέ-

645 1562 796 1634 ξατο,
842 1560 1156 1645 χωρίζεταί
1192 1584 1254 1621 τε
1298 1560 1474 1622 αὐτοῦ
1522 1561 1614 1622 καὶ
1654 1561 1974 1644 φθείρεται,
2019 1561 2114 1623 καὶ
2159 1561 2370 1642 γίνεται
2415 1560 2576 1645 αὐτῷ
2623 1584 2662 1642 η
2709 1559 2904 1643 φθορὰ
2949 1560 3149 1642 ὥσπερ

642 1662 740 1727 οὖν
787 1666 881 1726 καὶ
924 1666 962 1745 ἡ
994 1663 1210 1743 γένεσις
1254 1664 1366 1726 ὑπὸ
1408 1662 1625 1732 ἔξωθέν
1670 1687 1820 1732 τινος
1865 1662 1906 1747 ἥ
1949 1687 2098 1731 τινος
2139 1663 2423 1736 τοιούτου,
2471 1664 2522 1725 εἰ
2570 1667 2652 1731 ὡς
2681 1664 2942 1747 τεχνικὸν
2988 1663 3150 1746 φθεί-
3177 1678 3236 1719 ει)

644 1791 818 1851 ροιτο,
864 1768 902 1849 ἢ
950 1768 1062 1830 ὑπὸ
1109 1767 1360 1850 φύσεως,
1406 1769 1460 1829 εἰ
1503 1772 1579 1849 τῇ
1626 1772 1727 1829 τοῦ
1762 1767 2144 1845 ὑποκειμένου
2191 1769 2461 1849 σώματος
2503 1772 2723 1851 φυσικῇ
2769 1770 2966 1850 φθορᾷ
3015 1786 3150 1848 συμ-

542 1890 600 1939 15
640 1870 937 1954 φθείροιτο
992 1872 1087 1933 καὶ
1140 1872 1205 1933 τὸ
1252 1876 1354 1954 τῆς
1408 1871 1619 1955 τέχνης
1671 1868 1855 1953 ἔργον.
1949 1870 2044 1931 ἐπὶ
2092 1870 2156 1931 δὲ
2205 1870 2360 1953 [τῆς]
2421 1874 2535 1932 τῶν
2595 1871 2768 1954 φύσει
2811 1868 3148 1951 γινομένων,

641 1976 839 2057 ὥσπερ
886 1971 985 2035 οὖν
1032 1974 1095 2035 τὸ
1140 1974 1455 2055 γινόμενον,
1504 1975 1657 2035 οὕτω
1702 1976 1799 2036 καὶ
1845 1974 1909 2036 τὸ
1957 1973 2328 2052 ὑποκείμενον
2373 1973 2564 2057 φύσει,
2611 1973 2705 2036 καὶ
2751 1970 2873 2036 ἔστι
2919 1978 3147 2057 πρῶτον
3175 1988 3230 2030 25

644 2078 746 2159 μὲν
794 2077 1167 2158 ὑποκείμενον
1214 2100 1251 2159 η
1300 2076 1429 2157 ὕλη,
1475 2078 1602 2159 ἥτις
1645 2075 1924 2139 οὐδέποτέ
1973 2076 1979 2159 l
2029 2076 2182 2139 ἐστιν
2229 2076 2484 2159 ἐνεργείᾳ
2527 2072 2665 2139 καθ’
2717 2078 2917 2159 αὑτήν,
2963 2078 3114 2159 ἐνερ·
3162 2083 3258 2139 120

640 2181 763 2262 γείᾳ
812 2180 876 2242 δὲ
922 2178 1269 2261 ὑποκείμενα
1316 2180 1387 2241 τὰ
1434 2184 1724 2263 στοιχεῖα,
1780 2179 1817 2241 ἃ
1865 2179 1978 2263 ἤδη
2027 2182 2175 2263 μετά
2219 2204 2366 2249 τινος
2411 2178 2717 2263 ποιότητός
2760 2204 2823 2243 τε
2871 2179 3007 2243 ὄντα
3053 2182 3146 2243 καὶ

642 2282 1032 2350 ἐναντιώσεως
1088 2282 1172 2351 εἰς
1225 2282 1449 2366 ἄλληλα
1506 2283 1852 2367 μεταβάλλει
1906 2284 2053 2346 κατὰ
2105 2283 2208 2351 τὰς
2261 2283 2655 2353 ἐναντιώσεις,
2715 2282 2785 2352 ἃς
2831 2282 2956 2367 ἔχει
3003 2285 3146 2367 πρὸς

536 2407 604 2455 20
644 2386 900 2469 ἄλληλα,
957 2391 1063 2469 τῆς
1108 2386 1489 2470 ὑποκειμένης
1530 2386 1725 2455 αὐτοῖς
1780 2387 1923 2469 ὕλης
1968 2392 2162 2469 κοινῆς
2216 2410 2280 2449 τε
2323 2384 2502 2469 οὔσης
2546 2389 2777 2470 ἁπάσης
2823 2390 2916 2449 καὶ
2965 2388 3149 2449 ἄλλοι·
3203 2404 3232 2445 τι

640 2492 820 2575 ούσης
864 2492 928 2553 τὸ
975 2490 1129 2558 εἶδος
1172 2490 1318 2552 κατὰ
1361 2492 1464 2574 τὴν
1511 2489 1932 2572 ἐπικρατοῦσαν
1979 2495 2084 2573 τῆς
2129 2488 2433 2573 ποιότητος
2478 2490 2829 2553 ἐναντίωσιν.
2902 2494 2992 2575 τῷ
3037 2490 3146 2574 γὰρ

638 2594 770 2657 τόδε
828 2618 877 2656 τι
930 2593 1251 2676 γεγονέναι,
1308 2592 1465 2678 ἔχειν
1522 2594 1587 2655 δὲ
1642 2594 1880 2675 δύναμιν
1934 2596 2029 2656 καὶ
2083 2596 2184 2655 τοῦ
2239 2594 2298 2655 ἐν
2353 2598 2440 2678 τῷ
2498 2592 2739 2677 ἐναντίῳ
2792 2595 2960 2655 τοῦδε
3003 2592 3149 2656 εἶναι

638 2698 1015 2781 φυλάσσουσα
1059 2698 1163 2780 τὴν
1197 2697 1431 2777 δύναμιν
1479 2698 1829 2781 μεταβάλλει
1876 2698 2016 2759 ποτὲ
2061 2698 2154 2758 καὶ
2203 2696 2284 2764 εἰς
2315 2697 2526 2759 ἐκεῖνο·
2579 2697 2669 2758 διὸ
2715 2696 2881 2759 οὐδὲν
2927 2695 3150 2780 ἄφθαρ-
3179 2713 3232 2754 lo

640 2824 734 2863 τον
780 2806 893 2864 τῶν
941 2802 1142 2863 ἁπλῶν
1186 2824 1250 2863 τε
1294 2801 1389 2863 καὶ
1436 2804 1689 2883 γενητῶν
1738 2802 2049 2883 σωμάτων.
2138 2800 2348 2882 γίνεται
2394 2800 2458 2862 δὲ
2503 2800 2570 2862 ἐκ
2613 2804 2729 2862 τῶν
2777 2800 2979 2861 ἁπλῶν
3025 2800 3147 2863 τοὺ·

532 2925 598 2973 25
638 2927 752 2967 των
798 2904 1088 2984 σωμάτων
1135 2906 1229 2967 καὶ
1274 2905 1345 2965 τὰ
1391 2903 1641 2966 σύνθετα
1695 2903 1841 2966 κατὰ
1888 2904 2034 2986 μῖξίν
2079 2927 2203 2967 τινα
2258 2905 2354 2967 καὶ
2401 2908 2600 2985 κρᾶσιν
2647 2904 2744 2966 καὶ
2791 2905 3146 2987 συμμετρίαν

637 3014 753 3071 τῶν
800 3008 1133 3090 δυνάμεων,
1188 3005 1322 3069 καθ’
1380 3008 1449 3091 ἢν
1496 3006 1603 3069 οὐκ
1646 3008 1729 3075 εἰς
1774 3007 1836 3069 ἓν
1880 3031 1934 3069 τι
1976 3012 2091 3069 τῶν
2138 3008 2341 3070 ἁπλῶν
2389 3008 2682 3092 μεταβολὴ
2729 3009 2968 3089 γίνεται.
3017 3005 3134 3071 ἀλλ’
3177 3023 3228 3065 ¹5

636 3110 718 3180 εἴς
772 3136 823 3173 τι
871 3110 1079 3193 μεταξὺ
1136 3110 1381 3195 μετέχον
1438 3111 1681 3173 ἁπασῶν
1736 3116 1851 3172 τῶν
1906 3111 2228 3193 ποιοτήτων
2287 3134 2347 3173 τε
2403 3112 2500 3174 καὶ
2554 3112 2858 3193 δυνάμεων
2921 3117 3033 3174 τῶν
3079 3112 3140 3173 ἐν

636 3220 755 3283 τοῖς
802 3216 1005 3284 ἁπλοῖς
1050 3216 1311 3297 σώμασιν
1360 3213 1784 3294 ὑποκειμένων,
1842 3212 2056 3299 ἔχοντα
2103 3216 2167 3277 δὲ
2212 3215 2448 3294 δύναμιν
2495 3216 2589 3277 καὶ
2635 3218 2738 3277 τοῦ
2783 3215 3140 3299 χωρίζεσθαι

638 3320 805 3380 πάλιν
861 3317 962 3379 ἀπ’
1020 3319 1288 3401 ἀλλήλων
1343 3317 1413 3380 τὰ
1471 3320 1713 3399 σώματα
1770 3318 1930 3379 ἁπλᾶ
1983 3318 2050 3381 ἐκ
2105 3324 2210 3401 τῆς
2267 3318 2538 3401 τοιαύτης
2591 3318 2798 3397 μίξεως
2842 3318 3148 3381 ἀναλύεταί

530 3440 599 3487 3ο
639 3446 701 3484 τε
746 3422 842 3484 καὶ
887 3422 1221 3506 χωρίζεται.
1308 3422 1396 3482 διὸ
1444 3421 1555 3505 οὐχ
1602 3420 1723 3483 οἶόν
1769 3421 1831 3483 τέ
1877 3445 1929 3482 τι
1974 3428 2089 3483 τῶν
2137 3421 2196 3489 ἐξ
2244 3420 2437 3483 αὐτῶν
2485 3421 2874 3503 συγκειμένων
2920 3421 3142 3505 ἅφθαρ-
3169 3438 3225 3479 2⁰

635 3549 731 3587 τον
787 3523 948 3587 εἶναι.
1047 3524 1255 3606 γίνεται
1309 3524 1373 3585 δὲ
1426 3525 1521 3587 καὶ
1576 3526 1611 3605 ἡ
1676 3528 1790 3585 τῶν
1853 3522 2026 3608 ζῴων
2084 3523 2301 3607 γένεσις
2364 3526 2510 3587 κατὰ
2564 3527 2916 3609 συμμετρίαν
2971 3532 3138 3588 τινῶν

636 3629 926 3710 σωμάτων
971 3626 1086 3710 ἤδη
1121 3626 1482 3709 μεμιγμένων
1529 3627 1719 3689 αὐτῶν
1750 3628 1850 3709 (οὐ
1895 3628 2002 3710 γὰρ
2050 3629 2269 3690 ἁπλοῦν
2317 3632 2490 3710 σῶμα
2533 3630 2599 3690 τὸ
2631 3626 2940 3711 ἔμμηνον),
2987 3626 3123 3691 καθ’

638 3732 709 3814 ἢν
768 3732 1119 3813 συμμετρίαν
1173 3728 1411 3814 ἔμψυχά
1464 3754 1527 3792 τε
1577 3730 1791 3812 γίνεται
1845 3732 1942 3793 καὶ
1986 3730 2260 3814 ἡνωμένα
2314 3734 2411 3795 καὶ
2463 3733 2643 3795 τάσδε
2695 3732 2848 3800 τινὰς
2902 3732 3004 3800 τὰς
3049 3734 3138 3794 δυ·
3165 3747 3221 3789 εἴ»

633 3836 833 3916 νάμεις
878 3830 1109 3918 ἔχοντα.
1209 3834 1280 3917 ῆς
1326 3830 1411 3917 [ἢ]
1460 3834 1814 3916 συμμετρίας
1858 3834 2145 3918 λυομένης
2193 3840 2278 3918 τῷ
2335 3834 2405 3897 τὰ
2459 3835 2518 3904 ἐξ
2572 3836 2654 3897 ὧν
2699 3834 2925 3916 ἐγένετο
2971 3858 3140 3917 μετα-

528 3957 593 4005 35
633 3938 917 4021 βάλλοντα
973 3938 1054 4020 μὴ
1106 3934 1111 4021 Ι
1162 3942 1352 4019 τηρεῖν
1409 3937 1510 4006 τὰς
1563 3938 1861 4017 δυνάμεις,
1918 3936 2056 4001 καθ’
2113 3938 2182 4007 ἃς
2235 3941 2272 4021 ἠ
2329 3938 2678 4022 συμμετρία,
2734 3936 3008 4006 ἀνάλυσίς
3055 3960 3115 3999 τε
3161 3943 3240 4001 121

633 4040 729 4103 καὶ
776 4042 1031 4109 διάλυσις
1083 4039 1274 4102 αὐτῶν
1319 4039 1527 4119 γίνεται
1586 4039 1692 4102 οὐκ
1738 4040 1819 4108 εἰς
1880 4041 1952 4103 τὰ
1997 4039 2198 4123 μηκέτ’
2254 4040 2324 4103 ἂν
2379 4041 2575 4110 αὐτοῖς
2627 4040 2959 4123 σωζόμενα,
3014 4040 3133 4103 οἷον

634 4145 727 4207 καὶ
774 4143 840 4206 τὸ
874 4140 1150 4226 ἔμμηνον.
1221 4146 1389 4205 τοῦτο
1438 4144 1540 4223 μὲν
1584 4142 1692 4226 γὰρ
1740 4142 1810 4227 ἦν
1857 4144 1953 4206 καὶ
1992 4143 2132 4205 αὐτὸ
2181 4144 2474 4217 σύνθετον,
2523 4146 2648 4227 ἥτις
2678 4143 2945 4211 σύνθεσις
2992 4145 3135 4225 μετὰ
3189 4162 3217 4201 5

629 4248 732 4329 τὴν
779 4250 1014 4330 πρώτην
1063 4246 1206 4326 μῖξίν
1254 4268 1315 4307 τε
1361 4246 1454 4307 καὶ
1502 4246 1778 4328 ἁρμονίαν
1832 4251 1948 4307 τῶν
1992 4246 2052 4315 ἐξ
2097 4248 2178 4309 ὧν
2223 4250 2262 4331 ἡ
2310 4248 2575 4316 σύνθεσις
2619 4252 2701 4330 τῷ
2751 4242 2890 4332 ζῴῳ
2936 4250 3132 4330 σωμά-

534 4426 549 4476 1
596 4427 747 4496 λέγει]
793 4429 856 4480 cf.
896 4430 957 4481 de
996 4428 1150 4481 Caelo
1181 4430 1216 4493 1,
1254 4432 1334 4483 10.
1374 4434 1557 4486 279114
1748 4434 1964 4487 fortasse
2003 4435 2208 4505 γενητὸν
2245 4441 2297 4489 et
2333 4436 2457 4489 αὐτὸ
2649 4440 2682 4489 4
2721 4434 2834 4490 οὐδ’
2874 4438 3084 4506 scripsi:
3127 4436 3238 4491 οὔτ’

524 4516 641 4567 libri
902 4514 1048 4586 οὔθ’]
1098 4518 1158 4571 οὒ
1206 4520 1300 4591 γὰρ
1344 4522 1480 4574 coni.
1525 4523 1612 4591 Sp.
1868 4524 1932 4575 10
1979 4541 2054 4592 pr.
2089 4542 2144 4575 τε
2200 4524 2298 4575 del.
2337 4524 2426 4592 Sp.
2465 4531 2600 4577 recte
2832 4545 2886 4578 τε
2929 4532 3078 4578 τοῦτο
3122 4526 3237 4593 sn:

524 4621 578 4670 γε
624 4608 773 4658 τοιῑτο
819 4606 936 4657 libri
1143 4609 1199 4661 ll
1250 4608 1450 4681 δέξηται
1486 4611 1650 4663 B²s²a
1687 4612 1799 4679 Sp.:
1852 4611 2020 4681 δέηται
2051 4612 2277 4665 VB¹S¹F
2505 4613 2564 4665 13
2611 4614 2652 4665 εἰ
2687 4612 2758 4665 13²
2793 4612 2906 4679 Sp.:
2949 4613 2982 4683 ἢ
3025 4614 3141 4666 libri

532 4692 590 4741 14
636 4692 677 4743 ei
714 4692 783 4743 B‘J
816 4694 929 4760 Sp.:
978 4695 1011 4763 ἢ
1056 4696 1173 4749 libri
1411 4700 1471 4753 15
1516 4704 1607 4767 τῆς
1652 4700 1749 4751 del.
1788 4699 1875 4767 Sp.
2113 4701 2174 4752 1ss
2218 4719 2310 4770 γιν.
2349 4706 2400 4753 et
2443 4702 2592 4753 ὺποκ.
2631 4706 2798 4753 mutat
2839 4700 3096 4753 Schwartz

528 4780 592 4827 :²2
641 4784 731 4830 τοῦ
777 4780 935 4833 vien:
988 4784 1065 4853 τῷ
1104 4784 1219 4837 libri
1462 4786 1527 4837 :29
1578 4786 1780 4855 μίξεως]
1826 4806 1871 4838 ω
1910 4788 1966 4839 in
2010 4788 2084 4839 lit.
2119 4792 2166 4839 V
2403 4790 2485 4841 30.
2527 4790 2589 4841 31
2647 4788 2928 4859 ἄφθαρτον]
2972 4789 3060 4841 alt.
3099 4806 3131 4839 α
3181 4789 3236 4841 in

530 4864 605 4915 lit.
626 4869 671 4915 V
840 4868 906 4918 32>
945 4870 1156 4937 ἐμμένον
1179 4891 1209 4923 a
1388 4874 1453 4925 34
1492 4874 1552 4944 ἧς
1572 4876 1687 4943 Sp.:
1722 4875 1755 4943 ἢ
1780 4876 1982 4927 vs¹13¹z
2013 4875 2074 4945 ἧς
2099 4876 2130 4943 ἢ
2152 4876 2316 4930 B2S2a
2493 4876 2558 4929 36
2595 4876 2783 4944 αὐτοῖς]
2813 4876 3031 4927 sortasse
3058 4874 3186 4927 αὐτὰ
