3684 5567
595 248 674 310 16
1316 241 1770 304 ΑΛΕΞΑΝΔΡΟΥ
1809 239 2115 298 ΑΠΟΡΙΩΝ
2156 239 2275 295 ΚΑΙ
2316 239 2578 296 ΛΥΣΕΩΝ

699 417 848 481 ἀλλὰ
899 421 1018 488 τοῖς
1072 419 1174 503 μὲν
1229 417 1564 500 αὐξομένοις
1615 417 1762 481 κατὰ
1815 416 1987 502 φόσιν
2044 415 2257 498 (ταῦτα
2310 414 2362 480 δ’
2419 415 2541 478 ἐστὶ
2602 415 2676 478 τὰ
2726 420 2832 498 τῆς
2884 415 3195 496 θρεπτικῆς

697 525 892 606 ψυχῆς
935 519 1429 606 κεκοινωνηκότα)
1479 521 1562 590 εἰς
1621 520 1956 605 τελειότητα
2000 521 2097 584 καὶ
2142 519 2361 582 τέλειον
2410 517 2656 602 μέγεθος
2699 519 2737 600 ἢ
2784 517 3057 590 ἐπίδοσις,
3122 515 3196 579 τὰ

699 625 763 686 δὲ
809 625 1123 708 μειούμενα
1170 624 1456 693 ἐξίσταται
1501 628 1606 707 τῆς
1635 622 1997 707 τελειότητος
2040 624 2139 688 καὶ
2181 624 2265 692 εἰς
2310 624 2376 685 τὸ
2408 623 2609 690 ἀτελὲς
2653 620 3040 685 συστέλλεται.
3115 619 3198 688 εἰς
3222 634 3280 676 2⁰

695 729 761 790 τὸ
806 727 1020 790 τέλειον
1080 725 1178 790 οὖν
1226 726 1475 810 μέγεθος
1528 726 1626 789 καὶ
1678 727 1742 788 τὸ
1787 726 1990 796 ἀτελὲς
2040 725 2240 794 αὐτοῖς
2291 728 2329 810 ἡ
2377 727 2669 810 μεταβολὴ
2722 725 2963 807 γίνεται,
3016 727 3196 788 ταῦτα

626 850 656 898 5
696 831 760 894 δὲ
803 831 1050 908 ἐναντία,
1097 831 1150 894 εἰ
1195 831 1292 893 καὶ
1339 831 1420 913 μὴ
1465 829 1531 892 τὸ
1579 829 1726 912 μέγα
1771 835 1855 914 τῷ
1902 835 2092 914 μικρῷ
2143 830 2347 898 ἁπλῶς
2390 829 2659 893 ἐναντίον·
2689 826 2902 911 ἔλεγεν.
2972 827 3067 889 καὶ
3111 823 3195 888 ἔτι

697 936 800 1017 τὴν
831 934 1048 1019 κίνησιν
1093 934 1175 1003 εἰς
1216 933 1287 997 τὰ
1317 931 1546 995 ἐναντία
1593 932 1921 1017 μεταβολὴν
1966 933 2121 1016 λέγει
2150 934 2223 997 τὰ
2252 932 2479 996 ἐναντία
2511 931 2832 1016 κοινότερον
2864 930 3194 1015 λαμβάνων.

697 1037 922 1102 ἐναντία
962 1037 1072 1123 γὰρ
1127 1035 1266 1106 ἔθος
1309 1036 1474 1122 αὐτῷ
1535 1036 1718 1119 λέγειν
1763 1037 1860 1099 καὶ
1906 1037 2009 1120 τὴν
2066 1036 2328 1120 στέρησιν
2373 1037 2471 1100 καὶ
2527 1035 2639 1104 ἕξιν
2693 1035 2789 1098 καὶ
2842 1033 2915 1096 τὰ
2958 1032 3103 1118 πρός
3144 1055 3197 1094 τι
3224 1047 3281 1089 25

697 1141 1074 1225 ἀντικείμενα.
1124 1139 1132 1218 Ι
1181 1141 1286 1223 τὴν
1335 1143 1474 1222 γοῦν
1529 1139 1855 1223 ὑπερβολὴν
1918 1143 2013 1202 καὶ
2066 1141 2171 1222 τὴν
2216 1138 2470 1223 ἔλλειψιν
2530 1139 2591 1201 ἐν
2646 1145 2764 1207 τοῖς
2801 1135 3061 1206 Ἠθικοῖς
3112 1137 3195 1200 ἐν·
3234 1144 3305 1200 35

697 1242 863 1308 αντιά
907 1245 1061 1326 λέγει
1107 1243 1255 1307 κατὰ
1297 1244 1363 1306 τὸ
1409 1241 1553 1326 πρός
1599 1266 1649 1305 τι
1693 1242 1971 1324 ἀλλήλοις
2024 1243 2403 1328 ἀντικείμενα.
2494 1245 2591 1306 καὶ
2634 1243 2701 1306 τὸ
2756 1246 2903 1326 μέγα
2954 1239 3053 1304 οὖν
3100 1242 3195 1304 καὶ

597 1367 662 1414 10
695 1347 1002 1431 τὸ·μικρὸν
1047 1348 1185 1410 ὄντα
1230 1345 1372 1430 πρός
1417 1369 1470 1409 τι
1515 1342 1721 1428 λέγοιτ’
1765 1345 1833 1410 ἂν
1882 1347 2131 1422 ἐναντία,
2178 1346 2246 1410 οὔ
2290 1346 2362 1409 τὰ
2407 1346 2617 1427 κυρίως
2661 1345 2907 1418 ἐναντία,
2954 1341 3075 1406 ἀλλ’
3116 1347 3197 1412 ὡς
3249 1361 3278 1402 5

695 1450 767 1513 τὰ
811 1450 954 1534 πρός
996 1474 1069 1512 τι.
1157 1451 1196 1533 ἢ
1243 1448 1380 1512 οὐδὲ
1423 1449 1632 1531 γίνεται
1677 1448 1805 1512 κατ’
1848 1449 2022 1513 αὐτὸν
2068 1451 2285 1534 κίνησις
2332 1449 2480 1513 κατὰ
2523 1451 2589 1512 τὸ
2636 1448 2780 1533 πρός
2822 1471 2892 1510 τι.
2976 1448 3042 1510 οὐ
3090 1447 3195 1532 γὰρ

698 1552 878 1622 δεξιόν
925 1577 976 1616 τι
1019 1553 1231 1636 γίνεταί
1267 1575 1417 1621 τινος
1462 1555 1696 1621 πάντως
1739 1554 1977 1637 κινηθὲν
2008 1552 2173 1627 αὐτό,
2220 1554 2436 1637 θερμὸν
2482 1553 2547 1615 δέ
2592 1577 2643 1614 τι
2685 1551 2943 1633 γίνεσθαι
2989 1551 3026 1632 ἦ
3073 1549 3195 1612 ἅνω

697 1655 810 1742 οὐχ
855 1656 976 1719 οἷόν
1021 1679 1085 1719 τε
1129 1656 1210 1738 μὴ
1256 1655 1509 1738 κινηθέν.
1587 1657 1622 1739 ἦ
1674 1655 1726 1717 εἰ
1771 1658 1865 1719 καὶ
1914 1657 1995 1738 μὴ
2044 1655 2218 1724 αὐτὸς
2250 1657 2281 1718 ὁ
2314 1655 2495 1724 δεξιὸς
2538 1651 2848 1736 γενόμενος
2892 1651 2985 1716 διὰ
3032 1677 3195 1736 μετα·
3224 1670 3281 1712 ιο

700 1760 877 1844 βολῆς
931 1764 1036 1842 τῆς
1089 1751 1256 1821 κατὰ
1301 1759 1405 1842 τὴν
1459 1757 1661 1843 σχέσιν
1723 1762 1978 1827 τοιοῦτος
2034 1759 2261 1841 ἐγένετο
2326 1757 2451 1840 (διὰ
2502 1761 2673 1819 τοῦτο
2740 1755 2847 1838 γὰρ
2902 1756 3007 1818 οὐκ
3070 1755 3194 1820 ἔστι

597 1883 658 1932 15
695 1861 842 1926 κατὰ
884 1863 949 1924 τὸ
995 1861 1140 1946 πρός
1181 1884 1234 1924 τι
1263 1862 1500 1944 κίνησις,
1547 1860 1634 1924 ὅτι
1683 1863 1763 1945 μὴ
1804 1861 2017 1944 γίνεται
2057 1859 2205 1924 κατὰ
2246 1860 2458 1944 ταύτην
2508 1861 2613 1943 τὴν
2647 1858 2849 1944 σχέσιν
2898 1859 3191 1942 μεταβολὴ

697 1969 979 2050 κινήσεως
1028 1969 1112 2048 τῷ
1161 1964 1572 2048 μεταβάλλοντι
1627 1965 1773 2027 κατὰ
1824 1965 1929 2047 τὴν
1986 1964 2213 2048 σχέσιν·
2280 1963 2348 2026 οὐ
2392 1964 2499 2046 γὰρ
2556 1967 2638 2032 ὡς
2693 1962 2843 2026 κατὰ
2894 1961 3075 2026 τόπον
3118 1964 3197 2044 γί-

695 2093 851 2135 νεται
895 2069 1184 2154 μεταβολὴ
1241 2067 1420 2131 αὐτοῦ
1474 2071 1673 2130 τοῦτον
1731 2069 1828 2130 τὸν
1884 2067 2094 2151 τρόπον
2152 2069 2540 2136 ἀλλάσσοντος
2594 2068 2689 2129 καὶ
2746 2066 3199 2149 μεταβάλλοντος
3228 2082 3283 2124 ιὸ

695 2173 843 2237 κατὰ
885 2161 1080 2246 τόπον,
1127 2170 1344 2254 ὁμοίως
1387 2172 1484 2234 καὶ
1529 2171 1567 2254 ἢ
1601 2170 1747 2233 κατὰ
1777 2170 2055 2254 ποιότητα
2099 2173 2195 2235 καὶ
2240 2173 2277 2254 ἡ
2325 2170 2471 2248 κατὰ
2512 2169 2714 2244 ποσόν,
2762 2170 2948 2238 οὕτως
2991 2171 3057 2232 δὲ
3100 2171 3195 2232 καὶ

696 2279 735 2361 ἡ
781 2275 930 2340 κατὰ
973 2277 1038 2337 τὸ
1083 2273 1225 2358 πρός
1267 2297 1350 2350 τι,
1406 2275 1445 2357 ἡ
1491 2273 1640 2337 κατὰ
1682 2273 1786 2357 τὴν
1834 2273 2037 2359 σχέσιν
2092 2275 2394 2357 ὑπαλλαγὴ
2442 2275 2653 2356 γίνεται
2706 2274 2801 2336 καὶ
2845 2274 3195 2356 κινουμένων

591 2401 658 2448 20
695 2385 810 2443 τῶν
857 2376 1342 2443 ὑπαλλασσόντων
1384 2377 1490 2461 τὴν
1537 2377 1738 2461 σχέσιν
1784 2377 1931 2441 κατὰ
1974 2379 2077 2460 τὴν
2126 2379 2357 2463 σχέσιν·
2418 2381 2511 2440 καὶ
2557 2377 2665 2461 γὰρ
2714 2378 2794 2460 μὴ
2842 2375 3195 2456 κινουμένων
3222 2393 3283 2435 ω

697 2486 736 2568 ἢ
782 2481 984 2567 σχέσις
1027 2478 1407 2562 ἀλλάσσεται)
1442 2480 1548 2544 οὐκ
1593 2481 1719 2544 ἐπεὶ
1765 2482 1847 2564 μὴ
1894 2481 2079 2548 οὕτως
2121 2479 2222 2544 οὖν
2267 2483 2305 2564 ἡ
2339 2482 2485 2544 κατὰ
2530 2481 2731 2566 σχέσιν
2778 2481 3077 2563 ὑπαλλαγὴ
3123 2481 3199 2563 γί-

696 2609 874 2660 νεται,
919 2585 1015 2648 διὰ
1044 2581 1208 2648 τοῦθ’
1251 2583 1371 2646 οἷόν
1417 2607 1480 2647 τε
1512 2584 1770 2667 ἀλλαγὴν
1817 2583 2083 2668 σχέσεως
2112 2583 2383 2666 γενέσθαι
2429 2585 2613 2668 χωρὶς
2643 2584 2944 2664 κινήσεως.
3018 2583 3199 2652 δεξιὸς

693 2689 802 2773 γὰρ
849 2687 953 2750 οὐκ
999 2686 1066 2750 ἄν
1114 2709 1195 2756 τις
1237 2685 1415 2749 ἄλλου
1460 2686 1680 2768 γένοιτο
1736 2690 1816 2769 μὴ
1864 2686 2177 2770 γενομένης
2234 2686 2381 2750 κατὰ
2437 2686 2611 2750 τόπον
2656 2688 2870 2770 ἀμφοῖν
2920 2688 3201 2769 κινήσεως
3224 2703 3281 2745 2⁵

695 2792 734 2875 ἢ
767 2791 1045 2874 θατέρου·
1093 2789 1211 2854 ἀλλ’
1252 2789 1389 2853 οὐδὲ
1434 2791 1730 2853 διπλάσιον
1779 2789 1847 2854 ἂν
1877 2789 2098 2871 γένοιτο
2148 2788 2155 2874 Ι
2205 2789 2347 2853 ἄλλο
2380 2788 2561 2853 ἄλλου
2608 2792 2688 2872 μὴ
2724 2789 2872 2853 κατὰ
2915 2792 2981 2854 τὸ
3014 2792 3191 2854 ποσὸν
3232 2799 3303 2856 36

587 2915 654 2964 25
691 2895 1002 2979 γενομένης
1047 2895 1348 2977 κινήσεως.
1439 2890 1581 2956 ὥστ’
1638 2893 1691 2956 εἰ
1735 2894 1830 2956 καὶ
1886 2895 1969 2977 μὴ
2016 2891 2137 2958 ἔστι
2184 2893 2400 2975 κίνησις
2444 2892 2591 2955 κατὰ
2632 2894 2697 2954 τὸ
2744 2893 2885 2976 πρός
2930 2917 3003 2971 τι,
3047 2896 3198 2959 ἀλλὰ

697 2999 791 3064 διὰ
835 2998 1120 3080 κινήσεώς
1161 2997 1229 3079 γέ
1273 3019 1420 3066 τινος
1463 3000 1502 3079 ἡ
1549 2997 1632 3068 εἰς
1675 2995 1778 3065 τὰς
1822 2995 2135 3080 διαφόρους
2178 2995 2411 3081 σχέσεις
2457 2996 2773 3080 μεταβολή.
2856 2999 3009 3062 ὥστε
3052 2999 3199 3062 κατά

693 3125 760 3185 γε
801 3107 970 3165 τοῦτο
1015 3101 1190 3163 οὐθὲν
1247 3097 1315 3162 ἂν
1360 3099 1576 3163 κωλύοι
1627 3101 1725 3164 καὶ
1770 3100 1873 3184 τὴν
1928 3100 2011 3169 εἰς
2067 3100 2214 3183 μέγα
2272 3101 2367 3163 καὶ
2424 3100 2625 3184 μικρὸν
2684 3102 3005 3185 μεταβολὴν
3052 3101 3197 3165 κατὰ
3250 3117 3281 3161 5

695 3206 896 3291 σχέσιν
941 3203 1217 3286 ἀλλήλοις
1246 3203 1606 3286 ἀντικείμενα
1653 3202 1747 3266 διὰ
1791 3205 2080 3286 κινήσεως
2108 3203 2387 3287 γίνεσθαι,
2434 3204 2923 3288 συγχωρουμένου
2968 3209 3069 3267 τοῦ
3100 3207 3197 3268 καὶ

693 3309 767 3372 τὰ
811 3312 892 3376 ὡς
936 3307 1078 3391 πρός
1129 3329 1184 3370 τι
1227 3306 1588 3388 ἀντικείμενα
1641 3305 1871 3369 ἐναντία
1914 3307 2187 3388 λέγεσθαι
2248 3307 2345 3370 καὶ
2390 3307 2535 3370 εἶναι
2586 3309 2682 3370 καὶ
2738 3307 2839 3376 τὰς
2894 3309 2977 3376 εἰς
3018 3313 3197 3372 ταῦτα

590 3433 659 3482 30
698 3410 1022 3496 μεταβολὰς
1052 3411 1298 3474 ἐναντία.
1360 3411 1399 3493 ἢ
1445 3410 1513 3474 οὐ
1559 3410 1784 3492 λέγεται
1830 3407 1931 3472 ὑπ’
1972 3409 2150 3474 αὐτοῦ
2194 3409 2265 3473 τὰ
2310 3409 2453 3493 πρός
2500 3433 2551 3472 τι
2582 3409 2829 3472 ἐναντία.
2905 3411 3042 3474 οὐδὲ
3084 3412 3192 3495 γὰρ
3223 3429 3282 3470 ιο

693 3517 732 3599 ἡ
781 3514 1073 3598 ὑπερβολὴ
1128 3515 1223 3576 καὶ
1278 3514 1317 3596 ἡ
1364 3509 1612 3598 ἔλλειψις
1665 3513 1891 3576 ἐναντία
1948 3511 2045 3577 ὑπ’
2094 3510 2531 3596 Ἀριστοτέλους
2581 3513 2808 3595 λέγεται
2859 3516 3013 3578 καθὸ
3056 3515 3199 3600 πρός

693 3642 745 3681 τι
789 3617 974 3691 ἐστὶν,
1033 3619 1112 3686 ὥς
1158 3619 1334 3700 δῆλον
1382 3615 1448 3680 ἐκ
1490 3621 1592 3679 τοῦ
1635 3613 1910 3699 λέγεσθαι
1956 3617 2058 3699 μὲν
2104 3615 2249 3679 αὐτὰ
2294 3617 2438 3699 πρὸς
2483 3616 2711 3699 ἄλληλα
2762 3617 2849 3700 (ἡ
2877 3618 2984 3703 γὰρ
3030 3619 3197 3704 ὑπερ-

695 3722 842 3805 βολὴ
890 3720 1106 3788 ἐνδείας
1149 3720 1473 3803 ὑπερβολή,
1526 3719 1622 3782 καὶ
1667 3721 1704 3802 ἢ
1752 3717 1945 3782 ἔνδεια
1996 3720 2325 3804 ὑπερβολῆς
2368 3717 2615 3802 ἔνδεια),
2672 3721 2899 3785 ἐναντία
2944 3720 2995 3785 δ’
3050 3723 3195 3786 εἶναι
3224 3739 3279 3782 ιε

696 3825 779 3908 μὴ
825 3823 972 3886 κατὰ
1015 3825 1118 3906 τὴν
1165 3822 1364 3908 σχέσιν
1417 3821 1657 3906 ταύτην,
1713 3823 1867 3886 ἀλλὰ
1912 3822 2164 3886 καθόσον
2220 3825 2285 3886 τὸ
2336 3825 2437 3906 μὲν
2490 3828 2592 3887 τοῦ
2639 3826 2975 3909 συμμέτρου
3020 3828 3193 3891 πλέον

589 3946 654 3996 35
693 3927 877 3990 ἐστίν·
925 3927 990 3988 τὸ
1021 3923 1180 4010 (μὲν)
1222 3925 1332 4008 γὰρ
1366 3928 1582 4007 μᾶλλον
1615 3928 1860 3998 τοιοῦτο,
1910 3927 1973 3988 τὸ
2020 3925 2083 3990 δὲ
2114 3925 2349 3992 ἔλαττον
2397 3931 2501 3989 τοῦ
2534 3929 2889 4012 συμμέτρου·
2937 3935 3194 3994 τοιοῦτον

695 4030 803 4115 γὰρ
857 4029 924 4092 τὸ
979 4029 1266 4092 ἐλλεῖπον.
1353 4025 1420 4090 οὐ
1475 4027 1583 4111 γὰρ
1635 4031 1707 4090 τὰ
1761 4030 2031 4092 ὁπωσοῦν
2088 4031 2519 4114 ὑπερβάλλοντα
2574 4033 2669 4095 καὶ
2724 4033 3058 4097 ἐλλείποντα
3111 4036 3193 4098 ἐν·
3220 4053 3279 4094 zo

692 4133 857 4198 αντία
907 4130 1090 4214 λέγει,
1149 4130 1297 4194 ἀλλὰ
1348 4128 1423 4193 τὰ
1484 4132 1626 4216 πρὸς
1678 4131 1742 4194 τὸ
1797 4131 2121 4216 σύμμετρον
2178 4133 2363 4202 οὕτως
2418 4132 2661 4219 ἔχοντα,
2716 4137 2859 4220 πρὸς
2914 4138 2947 4200 ὃ
3000 4136 3193 4202 οὐκέτι

586 4415 619 4470 5
657 4414 720 4484 el]
759 4415 792 4484 ἡ
831 4413 946 4469 FG²
983 4415 1116 4468 vict.
1296 4415 1368 4485 μὴ
1403 4414 1463 4468 τὸ
1483 4417 1577 4468 VB
1619 4415 1732 4483 Sp.:
1773 4415 1828 4469 τὸ
1870 4419 1985 4470 GF:
2020 4415 2077 4469 τὸ
2116 4417 2185 4486 μὴ
2224 4421 2342 4472 SLa
2518 4418 2738 4471 ἐναντίον
2766 4420 2922 4475 VS²a
2946 4422 3065 4492 Sp.:
3102 4423 3303 4476 ἐναντία

591 4505 789 4558 GFS¹L
965 4507 1056 4570 μὲν
1093 4501 1258 4571 ἔλεγεν
1295 4508 1338 4555 L
1516 4503 1589 4556 ἔτι
1625 4504 1790 4557 B²S²a
1815 4505 1931 4572 Sp.:
1982 4503 2057 4556 ὅτι
2096 4506 2416 4559 VGFB¹S¹L
2593 4507 2625 4559 8
2673 4508 2724 4561 ἐν
2760 4515 2862 4568 τοῖς
2898 4507 3143 4576 Ἠθικοῖς]
3184 4511 3302 4563 Eth.

588 4591 700 4644 Nic.
738 4592 802 4654 11,
842 4591 889 4643 8.
933 4590 1180 4643 1108b13
1391 4593 1422 4644 9
1459 4590 1616 4661 λέγειν
1653 4595 1702 4642 V
1956 4593 2017 4645 13
2060 4592 2277 4646 fortasse
2315 4592 2458 4645 ἀλλ’
2494 4596 2537 4646 εἰ
2572 4599 2658 4647 καὶ
2879 4599 2935 4650 17
2994 4601 3175 4650 τούτου
3212 4598 3301 4650 τὸν

587 4677 743 4732 τόπον
779 4679 913 4732 coni.
951 4678 1044 4746 Sp.
1223 4678 1309 4730 καὶ
1345 4679 1464 4732 add.
1501 4677 1719 4733 v²Bs²a
1754 4679 1845 4749 Sp.
2038 4683 2102 4734 18
2138 4681 2289 4734 τόπον
2322 4683 2455 4733 Vict.
2495 4682 2608 4749 Sp.:
2646 4681 2705 4734 τὸ
2743 4685 2883 4737 ποίον
2921 4687 3018 4736 V1:
3056 4685 3116 4738 τὸ
3148 4693 3301 4738 ποῖον

588 4769 651 4818 F:
690 4765 749 4819 τὸ
785 4766 927 4820 ποιὸν
967 4766 1256 4820 v²SGBLa
1465 4767 1524 4819 21
1569 4767 1658 4821 οὖν
1695 4775 1818 4820 ante
1856 4769 1962 4822 ἐπεὶ
2000 4769 2179 4821 colloc.
2216 4769 2331 4836 Sp.:
2371 4785 2470 4821 om.
2509 4789 2541 4821 a
2751 4771 2817 4823 24
2854 4772 3008 4824 ἄλλου
3047 4770 3098 4824 δὲ
3136 4791 3169 4824 ιι

589 4854 655 4906 27
693 4853 834 4907 οὐδὲν
870 4873 902 4907 a
939 4855 1027 4924 Sp.
1240 4855 1300 4908 31
1344 4857 1433 4908 alt.
1471 4857 1503 4928 ἡ
1543 4873 1642 4909 om.
1681 4877 1712 4908 a
1925 4857 1992 4910 35
2028 4856 2087 4908 τὸ
2130 4857 2220 4926 μὲν
2260 4860 2469 4910 GFSLa
2507 4857 2619 4926 sp.:
2656 4858 2713 4909 τὸ
2756 4861 2845 4910 VB
