3684 5567
1489 262 1771 320 ΒΙΒΛΙΟΝ
1811 262 2085 320 ΠΡΩΤΟΝ
2134 269 2151 318 1
3138 263 3177 326 3

577 439 696 504 ἀλλ’
735 442 774 523 ἠ
821 440 1039 524 κίνησις
1079 440 1140 502 ἐν
1182 443 1271 526 τῷ
1305 439 1644 524 κινουμένῳ,
1699 439 1853 504 ὥστε
1884 441 1979 502 καὶ
2009 441 2047 523 ἠ
2080 438 2260 506 ἀίδιος
2290 437 2350 500 ἐν
2381 442 2467 522 τῷ
2498 437 2697 506 ἀιδίως
2726 435 3071 518 κινουμένῳ·

576 542 643 606 οὖ
687 545 798 628 γὰρ
843 543 965 608 οἷόν
1017 567 1080 606 τε
1126 541 1309 607 ἀίδιόν
1361 568 1412 606 τι
1458 544 1676 628 κίνησιν
1721 545 2007 606 κινεῖσθαι
2064 543 2143 625 μὴ
2202 542 2382 605 ἀίδιον
2429 539 2513 604 ὄν.
2600 541 2655 602 εἰ
2698 541 2809 624 γάρ
2854 563 2937 607 τις
2987 536 3075 599 λέ-

575 670 692 729 γοι,
756 648 937 710 ἀίδιον
1001 645 1146 709 εἶναι
1201 647 1417 730 κίνησιν
1481 652 1564 734 τῷ
1623 645 1765 709 ἄλλο
1826 646 1887 715 ἐξ
1951 645 2129 708 ἄλλου
2194 649 2367 727 σῶμα
2431 645 2809 729 διαδέχεσθαι
2872 641 3071 724 αὐτήν,
3102 655 3157 697 1⁰

577 755 803 832 πρῶτον
850 749 952 832 μὲν
999 749 1068 812 οὗ
1115 745 1334 834 συνεχῆ
1381 751 1484 833 τὴν
1533 751 1750 832 κίνησιν
1797 749 2028 831 ποιήσει
2073 748 2167 810 καὶ
2216 747 2345 830 μίαν
2390 745 2458 830 (ἡ
2501 747 2609 830 γὰρ
2656 746 2907 830 συνεχὴς
2950 745 3077 812 ἑνὸς

507 871 536 918 5
578 850 738 920 ὄντος
783 856 884 915 τοῦ
915 851 1252 935 κινουμένου
1283 852 1514 935 αὐτήν),
1559 850 1642 916 ἔτι
1671 850 2053 936 ἐνδεχόμενον
2084 849 2247 914 ἔσται
2277 851 2341 913 τὸ
2377 851 2656 912 ἐπιλιπεῖν
2702 851 2805 932 τὴν
2836 849 3073 932 κίνησιν,

579 956 630 1018 εἰ
677 955 758 1039 μή
805 979 858 1018 τι
902 954 1044 1018 ἄλλο
1089 955 1270 1018 ἀίδιον
1329 955 1393 1018 ὂν
1438 961 1543 1038 τῆς
1585 957 1869 1020 εὐτάκτου
1926 979 1987 1017 τε
2044 955 2139 1017 καὶ
2187 953 2513 1037 ὡρισμένης
2566 958 2682 1015 τῶν
2729 949 3077 1036 κινουμένων
3107 967 3160 1009 15

579 1060 858 1142 διαδοχῆς
903 1057 1080 1120 αἴτιον
1125 1057 1240 1141 εἴη,
1287 1058 1466 1122 ἀίδιον
1514 1065 1689 1141 σῶμα
1734 1060 1799 1122 τὸ
1848 1060 1952 1139 τὴν
1998 1058 2179 1121 ἀίδιον
2226 1059 2445 1140 κίνησιν
2493 1055 2843 1136 κινούμενον.
2930 1056 3079 1118 ἀλλὰ

579 1161 692 1243 μὴν
740 1162 923 1228 ἀίδιος
967 1162 1061 1224 καὶ
1108 1163 1362 1245 συνεχὴς
1407 1159 1554 1244 μόνη
1593 1167 1716 1224 τῶν
1760 1163 2042 1244 κινήσεων
2089 1162 2125 1242 ἡ
2172 1159 2543 1244 κυκλοφορία.
2632 1161 2695 1222 τὸ
2744 1159 2953 1244 ταύτην
2998 1183 3077 1222 κι-

579 1265 853 1346 νούμενον
901 1264 1100 1326 ἀίδιον.
1193 1267 1286 1327 καὶ
1333 1263 1562 1347 ἄριστον
1609 1265 1682 1347 δὴ
1728 1269 1845 1327 τῶν
1889 1265 2180 1347 σωμάτων
2228 1269 2425 1326 τοῦτο·
2473 1264 2537 1324 τὸ
2584 1263 2691 1346 γὰρ
2737 1263 2917 1326 ἀίδιον
2962 1267 3076 1324 τῶν
3105 1278 3162 1319 2⁰

479 1387 541 1432 10
579 1366 684 1428 οὐκ
729 1367 927 1428 ἀιδίων
972 1365 1226 1446 ἄμεινον.
1302 1369 1398 1430 καὶ
1443 1369 1508 1430 τὸ
1553 1369 1657 1450 τὴν
1704 1370 1941 1452 πρώτην
1988 1369 2269 1451 κινήσεων
2318 1367 2561 1430 ἁπασῶν
2607 1367 2938 1450 κινούμενον
2986 1368 3079 1428 καὶ

581 1468 866 1553 ἔμψυχον.
955 1470 1021 1531 τὸ
1065 1471 1174 1553 γὰρ
1220 1469 1448 1554 ἄριστον
1495 1476 1610 1533 τῶν
1659 1473 1951 1555 σωμάτων
1998 1469 2283 1555 ἔμψυχον.
2360 1470 2594 1554 ἄμεινον
2638 1469 2747 1553 γὰρ
2793 1475 2967 1552 σῶμα
3011 1471 3075 1531 τὸ

583 1571 849 1658 ἔμψυχον
895 1577 996 1635 τοῦ
1042 1573 1306 1658 ἀψύχου,
1362 1575 1427 1636 τὸ
1473 1575 1536 1636 δὲ
1581 1575 2077 1659 κυκλοφορητικὸν
2123 1579 2295 1656 σῶμα
2341 1573 2600 1656 ἄριστον,
2648 1573 2801 1636 ὥστε
2846 1573 2939 1634 καὶ
2986 1569 3081 1653 ἔμ-
3109 1586 3163 1628 25

581 1681 799 1760 ψυχον·
863 1677 928 1738 τὸ
974 1677 1082 1760 γὰρ
1129 1683 1242 1739 τῶν
1289 1679 1578 1758 σωμάτων
1632 1679 1905 1740 ἁπάντων
1952 1676 2180 1761 ἄριστον
2228 1674 2525 1761 ἔμψυχον,
2582 1677 2647 1738 τὸ
2693 1677 2757 1738 δὲ
2804 1679 3080 1760 κυκλοφο·

585 1780 815 1862 ρητικὸν
862 1784 1036 1862 σῶμα
1083 1784 1361 1842 τοιοῦτον.
1452 1781 1602 1843 ἀλλὰ
1649 1781 1762 1863 μὴν
1810 1785 1924 1843 πᾶν
1978 1783 2042 1844 τὸ
2090 1779 2417 1864 κινούμενον
2473 1779 2583 1842 ὑπό
2630 1803 2779 1848 τινος
2822 1783 3081 1854 κινεῖται,

482 1901 542 1950 15
577 1885 673 1945 καὶ
718 1885 884 1944 τοῦτο
932 1882 995 1944 ὃν
1040 1883 1232 1946 καὶτὸ
1262 1883 1411 1945 κατὰ
1450 1883 1646 1968 ψυχὴν
1697 1882 1704 1969 Ι
1755 1884 2088 1964 κινούμενον
2136 1887 2246 1945 πᾶν
2295 1881 2405 1945 ὑπό
2454 1906 2623 1956 τινος,
2670 1883 2833 1963 εἴγε
2862 1881 2927 1944 τὸ
2976 1882 3079 1964 μὲν
3131 1889 3187 1945 13

581 1985 728 2048 κατὰ
772 1985 966 2069 ψυχὴν
1012 1985 1344 2066 κινούμενον
1389 1985 1526 2049 καθ’
1569 1988 1757 2073 ὁρμὴν
1803 1991 2061 2062 κινεῖται,
2110 1988 2146 2069 ἡ
2194 1987 2259 2048 δὲ
2302 1987 2455 2070 ὁρμὴ
2502 1984 2628 2049 κατ’
2670 1983 2869 2070 ἔφεσίν
2914 2009 3081 2054 τινος.

583 2090 736 2166 ὥστε
781 2089 873 2172 εἴη
923 2087 990 2151 ἄν
1037 2091 1132 2152 καὶ
1176 2090 1240 2152 τὸ
1289 2088 1466 2152 ἀίδιον
1514 2095 1690 2172 σῶμα
1735 2088 1876 2152 καθ’
1920 2091 2106 2173 ὁρμὴν
2154 2090 2247 2152 καὶ
2294 2087 2423 2151 κατ’
2465 2087 2662 2172 ἔφεσίν
2709 2112 2859 2158 τινος
2902 2090 3083 2152 κινού-

584 2215 771 2276 μενον.
861 2197 962 2255 τοῦ
1009 2193 1074 2256 δὲ
1127 2191 1262 2256 καθ’
1319 2193 1507 2277 ὁρμὴν
1563 2195 1656 2256 καὶ
1705 2193 1830 2256 κατ’
1887 2191 2081 2277 ἔφεσιν
2137 2192 2477 2276 κινουμένου
2532 2194 2623 2254 δεῖ
2673 2191 2825 2255 εἷναί
2877 2216 2957 2264 τι,
3017 2191 3083 2254 οὖ
3138 2207 3166 2248 ι’»

583 2293 882 2378 ἐφιέμενον
929 2299 1098 2358 τοῦτο
1143 2300 1380 2358 κινεῖται
1435 2296 1540 2380 τὴν
1587 2296 1766 2359 ἀίδιον
1810 2297 2065 2380 κίνησιν,
2122 2297 2303 2358 ἀίδιον
2350 2297 2444 2359 καὶ
2490 2295 2629 2358 αὐτὸ
2684 2296 2747 2358 ὃν
2793 2297 2889 2358 καὶ
2934 2295 3083 2380 ἐνερ-

477 2416 546 2464 20
580 2397 726 2480 γείᾳ.
816 2403 930 2460 πᾶν
982 2397 1090 2482 γὰρ
1146 2399 1210 2460 τὸ
1266 2397 1551 2480 κινητικόν
1605 2421 1754 2467 τινος
1806 2399 2065 2483 ἐνεργείᾳ
2114 2423 2169 2460 τι
2226 2397 2288 2461 ὃν
2343 2403 2514 2476 κινεῖ,
2575 2399 2671 2462 καὶ
2722 2399 2789 2461 τὸ
2844 2400 2935 2462 ἀεὶ
2988 2402 3083 2462 καὶ

579 2505 843 2586 συνεχῶς
886 2505 1075 2564 κινοῦν
1121 2501 1214 2564 αἐὶ
1259 2501 1324 2564 τὸ
1355 2501 1498 2564 αὐτὸ
1544 2499 1707 2565 ἔσται
1751 2503 2026 2586 ἐνεργείᾳ,
2072 2501 2312 2586 ἄμοιρον
2360 2504 2717 2565 παντάπασιν
2764 2504 3081 2584 δυνάμεως.
3116 2519 3168 2559 10

583 2605 634 2667 εἰ
676 2607 784 2689 γὰρ
831 2602 992 2668 ἔσται
1036 2605 1304 2686 δυνάμει,
1359 2604 1481 2668 οἷόν
1525 2629 1588 2668 τε
1633 2603 1793 2669 ἔσται
1848 2607 1943 2668 καὶ
1996 2606 2101 2689 τὴν
2146 2606 2366 2688 κίνησιν
2410 2605 2735 2690 φθαρῆναι,
2794 2607 2877 2690 μὴ
2924 2605 3085 2676 ὄντος

585 2707 840 2791 ἐνεργείᾳ
896 2712 998 2770 τοῦ
1053 2710 1385 2791 κινήσοντος
1437 2708 1636 2792 αὐτήν.
1738 2709 1888 2772 ἀλλὰ
1951 2711 2047 2772 καὶ
2102 2709 2369 2792 ἀκίνητον
2432 2707 2615 2772 ἔσται.
2717 2711 2771 2773 εἰ
2826 2713 2933 2794 γὰρ
2988 2712 3084 2774 καὶ

587 2815 757 2874 τοῦτο
801 2811 1023 2895 κινήσει
1069 2813 1431 2893 κινούμενον,
1489 2813 1683 2897 δεήσει
1737 2813 1832 2875 καὶ
1878 2812 2067 2896 τούτῳ
2124 2813 2295 2874 πάλιν
2350 2811 2531 2875 ἄλλου
2584 2812 2874 2882 κινοῦντός
2916 2838 3082 2882 τινος.
3114 2831 3167 2874 15

483 2933 548 2983 25
589 2913 706 2977 ἀλλ’
750 2915 802 2978 εἰ
847 2915 1133 2999 ἀκίνητον,
1180 2916 1512 2998 ἀσώματον.
1587 2920 1701 2978 πᾶν
1746 2915 1855 3000 γὰρ
1903 2920 2077 2998 σῶμα
2122 2915 2258 2978 καθ’
2301 2915 2333 2978 ὃ
2378 2921 2555 2998 σῶμα
2598 2915 2846 3000 κινητόν.
2921 2917 3082 2982 ἔσται

583 3041 670 3086 τις
711 3018 890 3086 ἀίδιος
934 3018 1100 3082 οὐσία
1143 3019 1302 3102 ἁπλῆ
1349 3020 1442 3082 καὶ
1478 3020 1744 3102 ἀκίνητος
1774 3017 2028 3104 ἐνεργείᾳ
2057 3016 2285 3104 <αἰτία>,
2332 3017 2479 3083 οὖσα
2509 3025 2613 3105 τῆς
2657 3025 2757 3083 τοῦ
2803 3024 3085 3106 κυκλοφο·

484 3208 505 3260 l
547 3203 722 3259 ἀλλ’-
738 3207 908 3264 ἀιδίως
943 3205 1248 3276 κινουμένῳ]
1287 3207 1392 3260 ἐπεὶ
1429 3207 1518 3259 οὖν
1556 3207 1710 3266 ἀίδιος
1746 3209 1778 3278 ἠ
1817 3207 2022 3278 κίνησις,
2061 3209 2093 3277 ἡ
2132 3207 2183 3260 δὲ
2222 3207 2410 3279 κίνησις
2446 3209 2497 3261 ἐν
2534 3212 2611 3279 τῷ
2654 3211 2935 3279 κινουμένῳ
2974 3209 3031 3262 τὸ
3070 3211 3191 3263 εἶναι

479 3294 597 3367 ἔχει,
636 3296 723 3348 καὶ
758 3295 816 3346 τὸ
855 3293 1148 3362 κινούμενον
1193 3295 1288 3365 ἄρα
1322 3295 1416 3364 τὴν
1453 3294 1606 3347 ἀίδιον
1643 3294 1835 3365 κίνησιν
1874 3295 2029 3348 ἀίδιόν
2067 3296 2195 3348 ἐστιν
2234 3296 2319 3348 Ps.
2357 3296 2439 3348 ΑΙ.
2610 3297 2643 3348 4
2682 3297 2865 3366 ἡνΒι
2904 3298 2947 3350 εἰ
2982 3299 3193 3353 FGLSa

480 3382 568 3452 Sp.
609 3384 711 3436 ἐστι
748 3386 884 3436 coni.
921 3383 1012 3452 Sp.
1225 3384 1258 3436 5
1296 3382 1453 3452 αὐτὴν
1491 3383 1647 3435 ἐστίν·
1709 3383 1879 3435 ἔπειτα
1916 3381 2012 3434 ἐνδ.
2052 3383 2134 3436 Ps.
2172 3383 2255 3434 Al.
2450 3383 2586 3436 ἔσται
2621 3383 2699 3451 τὸ]
2740 3385 2869 3436 ἐστιν
2906 3386 2990 3438 Ps.
3029 3387 3111 3439 ΑΙ.

480 3471 715 3524 ἐπιλιπειν
745 3476 816 3524 V:
853 3471 1113 3524 ἐπιλείπειν
1139 3475 1208 3524 B:
1248 3470 1504 3524 ἀπολιπεῖν
1530 3471 1615 3524 Ps.
1645 3471 1727 3525 ΑΙ.
1906 3471 1936 3522 6
1974 3469 2031 3523 ὂν
2057 3476 2109 3523 ot
2131 3489 2185 3523 τε
2222 3485 2322 3522 om.
2347 3471 2433 3523 Ps.
2461 3471 2542 3523 ΑΙ.
2721 3471 2751 3524 7
2790 3470 2946 3524 ἀίδιον
2973 3471 3025 3525 δὲ
3048 3473 3119 3526 13⁹

478 3575 553 3626 pr.
579 3557 759 3626 ἀίδιον]
797 3559 849 3610 ἓν
894 3559 990 3628 ἄρα
1035 3561 1122 3612 καὶ
1167 3559 1323 3612 ἀίδιόν
1372 3560 1473 3613 ἐστι
1515 3560 1572 3612 τὸ
1621 3560 1704 3612 Ps.
1745 3559 1826 3612 ΑΙ.
2027 3557 2323 3626 κινούμενον
2362 3564 2511 3627 σῶμα
2546 3559 2629 3611 Ps.
2668 3559 2751 3610 Al.
2931 3561 2965 3613 8
3000 3560 3189 3634 ταύτην

479 3646 574 3718 ἄρα
613 3665 646 3698 a
681 3647 799 3714 Sp.:
838 3646 934 3715 ἄρα
968 3647 1159 3716 ταυτην
1198 3649 1281 3701 Ps.
1310 3649 1392 3700 ΑΙ.
1569 3647 1600 3699 9
1641 3663 1714 3714 pr.
1741 3645 1920 3714 ἀίδιον]
1958 3645 2049 3716 τὴν
2087 3646 2280 3719 κίνησιν
2319 3652 2466 3715 σῶμα
2504 3646 2656 3698 ἀίδιον
2682 3635 2769 3700 Pi.
2796 3648 2879 3699 Al.
3059 3649 3192 3718 ἀόρι-

479 3749 594 3787 στον
631 3753 663 3786 ει
874 3739 1025 3787 τοῦτο
1062 3750 1162 3788 om.
1200 3753 1232 3787 a
1448 3737 1512 3788 10
1547 3741 1651 3787 τῶν
1688 3734 1941 3804 κινήσεων
1980 3735 2063 3787 Ps.
2103 3735 2185 3787 ΑΙ.
2225 3753 2257 3787 a
2293 3735 2379 3803 Sp.
2598 3735 2656 3787 ll
2700 3752 2777 3804 pr.
2816 3735 3067 3806 ἔμψυχον]
3106 3737 3193 3804 ἐμ·

478 3823 642 3894 ψυχον
679 3819 742 3892 δὴ
778 3826 928 3875 τοῦτο
954 3823 1037 3876 Ps.
1067 3823 1148 3876 Al.
1313 3839 1390 3890 pr.
1427 3821 1510 3891 τὸ]
1549 3841 1578 3875 τ
1615 3825 1671 3875 in
1697 3823 1772 3875 lit.
1802 3826 1849 3875 V
2022 3823 2083 3875 13
2122 3822 2174 3875 δε
2196 3827 2243 3875 V
2416 3823 2478 3875 14
2514 3841 2573 3875 το
2594 3827 2641 3875 V
2824 3823 2887 3876 15
2920 3824 3007 3876 καὶ
3042 3829 3192 3876 τοῦτο

477 3908 533 3962 ὃν
570 3911 657 3962 καὶ
690 3910 750 3962 τὸ
787 3912 977 3964 VFGL
1021 3910 1132 3974 (sed
1169 3912 1254 3962 καὶ
1289 3909 1392 3973 vn:
1431 3911 1520 3962 καὶ
1553 3910 1612 3962 τὸ
1649 3909 1832 3962 B²S²a
1867 3909 1983 3977 Sp.:
2033 3911 2118 3962 καὶ
2154 3909 2233 3964 διὰ
2268 3915 2417 3962 τοῦτο
2454 3909 2540 3962 οὖν
2577 3911 2661 3962 καὶ
2699 3909 2755 3963 τὸ
2782 3910 2865 3963 Ps.
2896 3911 2978 3963 ΑΙ.

478 3996 647 4069 ψυχὴν
686 3997 782 4067 ἄρα
818 4015 851 4049 a
887 3997 975 4066 Sp.
1177 3998 1256 4067 γε]
1303 3998 1356 4051 δὲ
1393 4017 1425 4050 ει
1460 3998 1547 4066 Sp.
1751 3997 1811 4050 τὸ
1850 3996 1965 4067 μὲν]
2002 3996 2061 4050 τὸ
2097 3997 2181 4050 Ps.
2220 3997 2305 4050 Al.
2344 4015 2377 4049 a
2411 3998 2499 4066 Sp.
2707 3998 2768 4050 16
2807 4000 2940 4051 κατὰ
2972 3999 3067 4068 τὴν
3106 3999 3192 4051 Ps.

478 4085 559 4137 Al.
599 4103 631 4137 a
835 4086 894 4137 17
934 4085 1031 4138 κᾶν
1068 4103 1100 4138 a
1137 4085 1224 4154 Sp.
1403 4086 1490 4139 alt.
1535 4087 1622 4138 καὶ
1659 4085 1794 4138 iufra
1831 4101 2035 4138 versum
2071 4089 2120 4136 V
2304 4085 2368 4138 18
2402 4090 2493 4137 τοῦ
2529 4085 2601 4138 13²
2648 4087 2786 4138 coni.
2822 4087 2937 4154 Sp.:
2973 4086 3032 4138 τὸ
3070 4087 3189 4138 libri

476 4173 560 4226 Ps.
599 4173 684 4226 ΔΙ.
859 4175 1157 4243 κινουμένου
1191 4173 1378 4228 B²S²a
1413 4173 1532 4242 Spa
1570 4171 1865 4242 κινούμινου
1886 4175 2005 4226 VB1
2039 4174 2123 4226 Ps.
2162 4174 2245 4226 ΑΙ.
2425 4171 2500 4226 δεῖ
2522 4175 2641 4226 VB¹
2680 4174 2765 4226 Ps.
2796 4174 2902 4225 AL:
2942 4172 3083 4232 ὄντος
3119 4173 3195 4226 δεῖ

475 4259 664 4314 B²s²a
699 4261 790 4328 Sp.
967 4261 1091 4314 εἶναι
1125 4265 1221 4314 VB
1259 4260 1344 4313 Ps.
1381 4261 1466 4314 ΑΙ.
1515 4262 1648 4314 coni.
1684 4261 1802 4330 Sp.:
1854 4261 1906 4312 δὲ
1953 4261 2078 4314 εἶναι
2110 4263 2325 4315 FGSLa
2500 4259 2569 4314 20
2604 4261 2679 4313 ἀεὶ
2716 4261 2811 4332 ἄρα
2835 4262 2919 4314 Ps.
2948 4262 3031 4314 Al.

477 4338 575 4400 και
598 4347 803 4418 ἄμοιρον
841 4367 874 4401 ει
915 4349 1002 4417 Sp.
1189 4348 1255 4402 22
1293 4348 1430 4402 ἔσται
1465 4349 1508 4402 εἰ
1544 4369 1578 4402 a
1620 4349 1708 4417 Sp.
1906 4353 2025 4417 post
2061 4347 2267 4417 δυνάμει
2302 4351 2490 4402 inserit
2526 4347 2731 4418 οὐδεμία
2767 4348 2819 4401 δὲ
2857 4347 3077 4417 δὺναμῑς,
3118 4349 3189 4408 ὡς

477 4436 528 4487 ἐν
565 4439 632 4506 τῇ
649 4435 771 4506 Περὶ
796 4434 1010 4509 οὐρανοῦ
1035 4437 1097 4504 (Ι,
1128 4435 1210 4503 12)
1238 4435 1497 4502 δέδεικται,
1535 4432 1620 4489 ἐπ’
1648 4437 1850 4508 ἄπειρόν
1876 4438 2023 4501 ἐστιν,
2059 4437 2103 4489 εἰ
2139 4435 2227 4488 οὖν
2256 4435 2358 4508 ἔχει
2396 4434 2603 4504 δύναμιν
2641 4442 2729 4489 τοῦ
2767 4437 2837 4506 μὴ
2876 4437 3015 4502 εἶναι,
3053 4437 3190 4488 ἔσται

476 4524 598 4575 ποτε
633 4524 852 4596 ἐνεργείᾳ
888 4524 958 4594 μὴ
999 4524 1072 4592 ὄν,
1113 4523 1243 4577 ὥστε
1281 4525 1366 4578 Ps.
1404 4525 1486 4577 Al.
1691 4524 1756 4576 23
1796 4530 1913 4592 post
1949 4523 2105 4596 αὐτὴν
2144 4526 2324 4578 inserit
2363 4524 2569 4594 ἄμοιρον
2607 4525 2703 4594 ἄρα
2740 4523 3049 4577 παντάπασίν
3087 4525 3191 4578 ἐστι

476 4609 735 4681 δυνάμεως
771 4612 855 4666 Ps.
892 4614 976 4665 Al.
1189 4612 1256 4666 24
1309 4611 1476 4682 τοὺτῳ
1521 4615 1650 4666 FGS
1699 4613 1782 4665 Ps.
1823 4613 1906 4665 ΑΙ.
1954 4630 1987 4664 a
2034 4613 2149 4680 Sp.:
2205 4617 2355 4665 τοῦτο
2392 4616 2534 4665 VBL
2733 4611 2889 4681 τινος]
2936 4630 3066 4670 τινος
3101 4614 3189 4664 καὶ

478 4703 626 4752 τοῦτο
663 4700 730 4757 εἰς
767 4699 968 4770 ἄπειρον
1007 4701 1090 4754 Ps.
1131 4701 1213 4754 ΑΙ.
1394 4699 1461 4753 25
1507 4700 1610 4753 ἐστι
1645 4701 1732 4753 καὶ
1777 4700 2050 4768 ἀσώματον
2088 4701 2169 4752 Ps.
2207 4701 2290 4753 ΑΙ.
2469 4717 2561 4772 γαρ
2599 4704 2647 4750 V
2826 4701 2908 4753 25.
2948 4701 3015 4753 ‘26
3054 4701 3193 4752 ἔσται

479 4785 576 4858 ἄρα
601 4787 756 4847 ἀίδιος
777 4806 853 4846 τις
877 4789 960 4841 Pa.
981 4789 1066 4841 Al.
1243 4790 1308 4842 26
1346 4807 1419 4847 τις
1444 4791 1590 4840 VB¹:
1645 4806 1719 4846 τις
1757 4789 1851 4857 ἄρα
1888 4791 2054 4843 FGSa
2090 4788 2205 4856 Sp.:
2262 4788 2357 4860 ἄρα
2392 4806 2466 4847 τις
2498 4789 2571 4841 B2
2746 4789 2963 4860 ἐνεργείᾳ
3000 4807 3033 4841 a
3076 4788 3189 4857 Sp.:

481 4875 693 4948 ἐνεργεια
730 4880 807 4930 V:
846 4876 1062 4946 ἐνέργεια
1094 4880 1231 4929 FBL
1443 4876 1576 4928 αἰτία
1612 4879 1727 4928 add.
1765 4877 1854 4929 Ps.
1892 4877 1976 4930 Al.

2702 4968 2733 5029 1
2750 4965 2787 5005 ¹3·-
