3684 5567
617 267 742 330 ’212
1019 263 1477 322 ΑΛΕΞΑΝΔΡΟΥ
1516 264 1965 324 ΑΦΡΟΔΙΣΙΕΩΣ
2000 265 2161 323 ΠΕΡΙ
2202 264 2666 324 ΕΙΜΑΡΜΕΝΗΣ
2702 269 2907 322 37-39

722 439 1024 508 πλεονάκις
1067 439 1344 522 εἰρῆσθαί
1383 463 1446 502 τε
1490 441 1584 502 καὶ
1630 439 1947 523 δεδεῖχθαι.
2036 443 2429 525 παραπλήσιοι
2494 442 2559 505 δὲ
2623 443 2842 511 τούτοις
2895 443 2988 505 καὶ
3040 439 3210 510 ὅσους

724 539 940 610 ἄλλους
997 540 1080 610 εἰς
1123 541 1392 605 σύστασιν
1461 543 1630 606 τοῦδε
1694 545 1795 605 τοῦ
1839 543 2125 626 δόγματος
2190 545 2398 626 λόγους
2441 544 2851 628 παρατίθενται
2894 544 2987 607 ἐπὶ
3033 545 3206 608 πλέον

723 644 819 705 καὶ
866 642 1040 727 μέχρι
1073 645 1349 728 ῥημάτων
1381 645 1486 727 τὴν
1515 645 1795 728 κομψείαν
1839 643 2095 730 ἔχοντες,
2142 644 2260 710 ἀλλ’
2302 646 2407 710 οὐκ
2438 647 2505 711 ἐκ
2536 651 2639 730 τῆς
2668 649 2811 731 πρὸς
2840 647 2912 710 τὰ
2940 647 3205 732 πράγμα-
3232 662 3287 704 ιο

723 767 793 809 τα
838 746 968 830 περὶ
1013 747 1095 808 ὧν
1125 746 1384 830 λέγονται
1429 748 1764 831 συμφωνίας
1807 748 1911 830 τὴν
1956 748 2141 812 πίστιν
2186 750 2588 834 λαμβάνοντες.

649 867 679 916 5
888 847 1088 913 Ταῦτα
1119 850 1272 932 ὑμῖν,
1319 852 1368 914 ὦ
1401 849 1688 914 θειότατοι
1719 849 2157 935 αὐτοκράτορες,
2200 857 2305 934 τῆς
2327 848 2761 936 Ἀριστοτέλους
2789 849 2957 934 δόξης
2988 854 3118 936 περί
3144 875 3206 914 τε
3240 859 3486 912 mlx

719 953 1076 1038 εἱμαρμένης
1107 953 1202 1016 καὶ
1232 957 1334 1016 τοῦ
1357 951 1450 1037 ἐφ’
1484 954 1624 1036 ἡμῖν
1649 953 1775 1016 κατ’
1805 953 1953 1036 ἐμὴν
1984 953 2151 1021 δόξαν
2180 953 2251 1015 τὰ
2283 956 2587 1038 κεφάλαια,
2612 950 2745 1018 καθ’
2780 955 2850 1037 ἣν
2881 954 3211 1026 δοξάζοντες

716 1053 818 1124 εἴς-
844 1079 906 1118 τε
951 1055 1124 1124 θεοὺς
1165 1056 1580 1140 εὐσεβήσομεν,
1625 1057 1696 1120 τὰ
1743 1057 1847 1138 μὲν
1890 1055 2103 1125 εἰδότες
2148 1057 2345 1126 αὐτοῖς
2388 1058 2558 1142 χάριν
2602 1055 2733 1120 ἀνθ’
2784 1058 2867 1118 ὧν
2910 1057 3207 1142 φθάνομεν
3234 1075 3287 1117 15

718 1156 815 1220 ὑπ’
849 1157 1040 1222 αὐτῶν
1086 1157 1152 1222 εὖ
1197 1157 1571 1233 πεπονθότες,
1616 1159 1687 1221 τὰ
1731 1159 1796 1222 δὲ
1839 1159 2167 1240 αἰτούμενοι
2209 1159 2346 1244 παρ’
2380 1159 2573 1224 αὐτῶν
2618 1163 2699 1228 ὡς
2743 1158 2923 1222 ὄντων
2966 1163 3063 1224 καὶ
3104 1165 3207 1224 τοῦ

717 1263 914 1325 δοῦναι
942 1262 1038 1325 καὶ
1068 1265 1170 1324 τοῦ·
1216 1261 1297 1344 μὴ
1345 1263 1583 1345 κυρίων·
1630 1261 1893 1342 ἐσόμεθα
1922 1263 1987 1324 δὲ
2017 1262 2111 1326 καὶ
2155 1263 2285 1347 περὶ
2328 1262 2461 1331 τοὺς
2488 1263 2627 1345 ἡμῖν
2660 1262 2894 1344 ὁμοίους
2924 1261 3209 1347 ἄρχοντας

616 1384 678 1431 10
715 1364 1047 1448 εὐχάριστοι
1077 1363 1124 1446 †
1160 1367 1340 1426 ταῦτα
1386 1365 1690 1448 πράττεται
1733 1364 1816 1432 εἰς
1860 1366 2016 1448 ἡμᾶς
2060 1389 2122 1428 τε
2166 1365 2263 1428 καὶ
2304 1367 2343 1448 ἡ
2388 1365 2520 1449 περὶ
2564 1385 2605 1424 «κ
2646 1385 2687 1426 ιιι
2733 1387 2773 1426 ιε
2818 1366 2981 1447 ὑμῶν
3024 1366 3207 1428 οἰκεία
3231 1383 3288 1424 ιο

714 1468 1045 1553 προαίρεσις
1087 1468 1351 1551 πράττειν
1383 1467 1534 1550 ὑμᾶς
1563 1465 1782 1550 αἱρέσει
1813 1471 1917 1530 τοῦ
1949 1467 2235 1551 βελτίονος
2262 1470 2357 1531 καὶ
2386 1471 2489 1530 τοῦ
2520 1469 2650 1551 περὶ
2677 1469 2783 1552 τὴν
2812 1469 2995 1552 κρίσιν
3026 1467 3205 1530 αὐτοῦ

713 1573 1030 1656 φροντίζειν
1095 1574 1398 1636 ποιοῦντας
1465 1569 1504 1632 ἃ
1548 1573 1784 1646 ποιεῖτε,
1853 1569 1973 1634 ἀλλ’
2028 1570 2096 1633 οὐ
2140 1569 2777 1655 προκαταβεβλημένοις
2820 1571 2961 1633 τισὶν
3004 1570 3207 1638 αἰτίοις

717 1673 1058 1758 ἑπομένους,
1125 1673 1212 1742 οἷς
1254 1675 1564 1756 ἀναγκαῖον
1609 1671 1857 1736 ἕπεσθαι
1900 1670 1941 1756 ᾖ
1989 1673 2057 1736 ἂν
2110 1673 2303 1738 ἐκεῖνα
2360 1673 2497 1756 ἄγῃ.
2586 1671 2957 1756 ποιησόμεθα
3000 1674 3067 1736 δὲ
3110 1673 3204 1736 καὶ

712 1777 922 1861 ἀρετῆς
965 1776 1295 1858 ἐπιμέλειαν
1339 1778 1424 1844 ὥς
1468 1773 1624 1842 ὄντες
1668 1775 1831 1838 αὐτοὶ
1876 1774 2059 1860 κόριοι
2104 1781 2205 1840 τοῦ
2250 1776 2509 1862 βελτίους
2557 1775 2597 1858 ἢ
2639 1777 2872 1861 χείρους
2914 1775 3200 1858 γενέσθαι.
3228 1791 3284 1834 κ

610 1899 670 1947 15
709 1879 927 1943 τούτων
993 1878 1100 1962 γὰρ
1146 1877 1337 1961 μόνων
1382 1877 1576 1963 κόριός
1619 1901 1721 1953 τις,
1785 1881 1868 1941 ὧν
1923 1880 2018 1942 καὶ
2069 1883 2171 1942 τοῦ·
2224 1881 2305 1964 μὴ
2372 1881 2637 1964 πράττειν
2690 1878 2865 1946 αὐτὸς
2930 1876 3057 1964 ἔχει
3098 1878 3201 1962 τὴν

710 1982 972 2052 ἐξουσίαν
1017 2001 1058 2040 41·
1102 2002 1143 2043 u·
1186 2002 1227 2040 ιι
1272 1981 1369 2044 καὶ
1413 1981 1485 2044 τὰ
1537 1981 1686 2044 ἄλλα
1738 1981 1802 2044 δὲ
1848 1981 1961 2044 ὅσα
2003 1983 2323 2065 πράττομεν
2368 1981 2513 2046 κατὰ
2557 1982 2653 2044 τὸν
2714 1981 2835 2066 βίον
2878 1980 2968 2044 ὅτι
3012 1979 3203 2064 μόνως

708 2084 964 2166 εὐλόγως
1008 2085 1273 2168 πράττειν
1321 2082 1388 2146 ἂν
1433 2085 1722 2166 δοκοῖμεν,
1787 2083 1838 2146 εἰ
1892 2085 2039 2147 κατὰ
2080 2085 2185 2169 τὴν
2224 2083 2658 2170 Ἀριστοτέλους
2701 2083 2868 2153 δόξαν
2921 2084 3051 2168 περὶ
3106 2081 3201 2146 αὐ·
3224 2099 3283 2141 ω

711 2195 826 2252 τῶν
872 2187 1281 2271 ἀποδιδοίημεν
1327 2186 1428 2256 τὰς
1471 2186 1672 2262 αἰτίας,
1715 2185 1836 2271 (ac)
1880 2187 1974 2250 διὰ
2018 2187 2231 2255 παντὸς
2282 2187 2599 2272 ἐπειράθην
2655 2187 2789 2270 ὑμῖν
2833 2191 3199 2270 παραστῆσαι

705 2295 807 2354 τοῦ
850 2289 1044 2373 λόγου.

605 2569 629 2620 l
669 2566 748 2636 τι]
787 2583 841 2620 σε
875 2565 931 2620 α’
1131 2569 1170 2618 l.
1210 2565 1242 2618 2
1287 2565 1421 2624 ὅσοις
1455 2565 1622 2625 ἄλλοις
1657 2570 1703 2622 Ο
1882 2565 1914 2618 2
1952 2565 2115 2636 λόγοις
2152 2569 2197 2620 Ο
2394 2567 2473 2619 ἐπὶ
2508 2565 2683 2631 πλέον]
2718 2565 3005 2619 ἐπιπόλαιον
3042 2567 3299 2620 Schwartz

599 2657 730 2708 bene
907 2653 940 2707 3
976 2649 1094 2706 ἀλλ’
1134 2670 1234 2707 om.
1272 2657 1318 2709 Ο
1497 2655 1528 2708 5
1565 2653 1680 2722 ὑμῖν
1717 2657 1811 2706 ΗΒ
1852 2655 1963 2718 (sod
1999 2661 2044 2706 ἰν
2082 2656 2138 2707 ἰῑι
2174 2655 2252 2707 lit.
2290 2657 2380 2718 B):
2418 2653 2559 2722 δμείς
2581 2653 2730 2707 Van:
2768 2655 2857 2722 μὲν
2892 2653 3031 2720 ὑμεῖς
3066 2658 3139 2707 K:
3178 2655 3297 2724 ἡμῖν

597 2743 686 2796 Es
827 2741 859 2794 6
895 2741 1125 2803 δόξαντες
1143 2746 1188 2797 Ο
1331 2743 1364 2796 8
1403 2759 1480 2812 pr.
1507 2743 1674 2796 αὑτων
1695 2746 1741 2793 V
1886 2741 1917 2794 9
1956 2744 2041 2794 καὶ
2078 2759 2166 2795 του
2189 2747 2236 2793 V
2400 2743 2590 2812 κυρίων
2628 2741 2698 2794 13²
2732 2741 2845 2795 Cas.
2867 2741 3061 2794 Lond.=
3099 2742 3300 2810 κυρίους

598 2829 750 2882 Va¹²t
789 2829 959 2884 δοῦναι
983 2830 1168 2901 κυρίοις
1193 2833 1278 2884 ES
1315 2831 1426 2896 (sed
1452 2831 1640 2900 κυρίων
1665 2847 1704 2884 ε.
1729 2847 1776 2883 v.
1801 2833 1860 2893 S)
2034 2827 2383 2898 ὃὲ-ὁμοίους]
2421 2828 2473 2882 δὲ
2511 2831 2623 2900 περί
2658 2847 2713 2882 τι
2750 2829 2881 2899 ὑμᾶς
2914 2831 3001 2883 καὶ
3035 2832 3147 2901 περὶ
3180 2830 3296 2886 τοὺς

596 2914 711 2985 ὑμῖν
750 2916 953 2986 ὁμοίους
991 2917 1106 2971 Cas.
1128 2920 1174 2971 Ο
1319 2919 1432 2987 ὑμῖν
1470 2919 1632 2972 Lond.
1810 2919 1999 2986 ὁμοίως
2036 2921 2079 2970 Ε
2262 2917 2327 2970 10
2364 2916 2459 2970 οὐκ
2496 2918 2751 2990 ἀχάριστοι
2786 2922 2993 2970 τοιαῦτα
3028 2918 3307 2990 πράττεται.

595 3003 692 3074 ὑφ’
719 3005 864 3074 ὑμῶν
890 3005 958 3062 εἰς
993 3005 1125 3076 ἡμᾶς
1151 3007 1236 3058 καὶ
1260 3007 1294 3078 ἡ
1319 3007 1428 3077 περὶ
1453 3008 1602 3077 ἡμῶν
1627 3007 1788 3060 οἰκεία
1813 3006 1929 3059 Cas,
2104 3009 2261 3057 ταῦτα
2278 3005 2415 3075 (γὰρ)
2439 3008 2485 3059 Ο
2660 3006 2967 3075 πράττοντας
2992 3004 3157 3058 Lond.
3177 3007 3223 3059 Ο

2747 3113 2773 3145 ν

594 3167 718 3214 ante
753 3167 914 3215 ταῦτα
948 3161 1020 3216 13²
1051 3165 1110 3216 in
1147 3179 1274 3234 mg.:
1331 3165 1609 3234 νομίζοντες
1645 3165 1676 3216 ἃ
1721 3166 1828 3236 περὶ
1864 3164 2013 3233 ἡμῶν
2048 3181 2101 3215 τε
2146 3163 2231 3214 καὶ
2268 3161 2359 3232 ἰὴν
2395 3163 2640 3235 ἡμετέραν
2674 3165 2770 3233 πρό
2804 3169 2984 3216 ποιεῖτε
3158 3163 3291 3219 είς-

595 3247 764 3318 ὑμῶν]
802 3252 874 3308 τίς
907 3251 1042 3320 ἡμᾶς
1079 3253 1111 3303 ἃ
1135 3259 1268 3306 ποιεῖ
1299 3251 1442 3321 ὑμῶν
1467 3253 1629 3306 Lond.
1659 3255 1703 3307 Ο
1880 3270 1935 3305 τι
1971 3267 2071 3304 om.
2100 3253 2182 3304 ES
2358 3251 2595 3304 lacunam
2634 3251 2861 3305 indicavi
3042 3252 3101 3304 11
3142 3248 3290 3319 ὑμᾶς]

593 3335 738 3406 ἡμεῖς
771 3340 846 3390 K:
883 3339 1018 3408 ἡμᾶς
1052 3339 1108 3392 a'
1317 3339 1500 3411 αἵρεσις
1531 3343 1640 3394 ES:
1677 3339 1886 3410 αῑραίσει
1916 3341 1966 3391 ⁸¹
2168 3337 2255 3390 alt.
2294 3339 2408 3402 τοῦ]
2444 3341 2520 3407 τῷ
2546 3341 2591 3392 0
2790 3339 2959 3392 αὐτῶν
2992 3338 3065 3392 13²

599 3441 670 3506 12,
709 3431 984 3513 φροντίζειν
1021 3446 1097 3497 sic
1127 3449 1176 3498 V
1341 3449 1596 3502 ποιοῦντες
1620 3445 1706 3500 Es
1870 3442 2076 3512 ποιεῖτε]
2114 3449 2321 3495 ποιεῖται
2348 3443 2415 3492 V¹
2444 3447 2591 3507 (corr.
2618 3459 2664 3496 v.
2686 3447 2751 3508 ο.)
2910 3461 3291 3514 καταπροκατα-

595 3529 919 3600 βεβλημένοις
955 3535 1054 3584 VH
1238 3532 1300 3584 13
1337 3530 1542 3586 ἕπεσθαι
1587 3551 1659 3602 γρ.
1701 3529 1905 3602 ἄγεσθαι
1942 3535 2015 3584 H:
2054 3529 2259 3601 ἄγεσθαι
2296 3533 2382 3584 Es
2564 3532 2626 3585 15
2673 3531 2825 3600 μόνον
2862 3531 2977 3584 Cas.
3002 3531 3157 3601 casp.
3176 3534 3222 3584 Ο

593 3616 668 3668 ὧν
715 3620 788 3672 Οι
843 3617 916 3670 ὢν
969 3620 1088 3672 libri
1229 3624 1320 3674 τοῦ
1357 3635 1455 3674 om.
1495 3621 1646 3690 Casp.
1685 3623 1731 3674 Ο
1874 3619 2047 3686 αὐτὸς]
2092 3619 2218 3672 αὐτὰ
2266 3618 2430 3672 Lond.
2600 3619 2662 3671 16
2704 3620 2947 3672 lacunam
2995 3619 3223 3672 indicavi

592 3702 691 3773 ὅτι]
731 3701 866 3757 οὕτω
891 3705 964 3758 13²
1105 3707 1167 3760 17
1205 3709 1500 3777 πράττειμιν
1537 3708 1596 3760 ἂν
1632 3707 1710 3760 ⁸¹²
1861 3707 1935 3760 17.
1978 3706 2041 3759 18
2078 3707 2232 3777 αὐτῆς
2268 3705 2347 3758 ⁸¹²
2493 3705 2556 3759 18
2592 3707 2651 3763 ἃς
2686 3705 2802 3759 add.
2841 3705 3047 3760 HB²ES

591 3791 672 3844 δια
706 3796 755 3845 V
931 3795 1047 3864 ὑμῖν
1091 3793 1140 3860 (ὖ
1185 3797 1243 3848 ἰῑι
1279 3796 1379 3859 lit.)
1417 3801 1480 3850 V:
1518 3797 1635 3866 ἡμῖν
1670 3795 1749 3854 8¹?

1678 4089 2339 4096 -—-—-———-————-0
