3684 5567
549 286 592 348 4
1273 282 1732 340 ΑΛΕΞΑΝΔΡΟΥ
1771 282 2075 340 ΑΙΙΟΡΙΩΝ
2114 280 2237 338 ΚΑΙ
2277 281 2539 338 Arme-N

659 463 894 543 ρητικοῦ
947 461 1218 542 σώματος
1272 459 1457 521 ἀιδίου
1513 482 1574 522 τε
1631 461 1725 522 καὶ
1782 462 2069 542 συνεχοῦς
2120 460 2421 541 κινήσεως.
2510 457 2887 542 κινηθήσεται
2940 454 2991 521 δ’
3049 455 3145 519 ὑπ’
3182 473 3240 514 2⁰

658 562 835 624 αὐτοῦ
879 563 944 624 τὸ
991 561 1148 624 θεῖον
1203 565 1374 645 σῶμα
1427 566 1513 646 τῷ
1560 565 1710 624 νοεῖν
1763 563 1830 624 τὸ
1886 561 2029 624 αὐτὸ
2082 561 2178 623 καὶ
2221 559 2419 644 ἔφεσιν
2474 561 2571 624 καὶ
2618 559 2799 644 ὄρεξιν
2844 558 3001 646 ἔχειν
3052 566 3157 645 τῆς

661 665 1002 743 ὁμοιώσεως
1054 665 1252 728 αὐτοῦ.
1349 667 1464 726 πᾶν
1517 662 1628 747 γὰρ
1681 665 1746 726 τὸ
1809 663 2141 746 κινούμενον
2206 660 2300 726 ὑπ’
2368 665 2641 749 ἀκινήτου
2701 665 2853 732 τινὸς
2916 687 3157 749 κεχωρι·

656 766 868 849 σμένου
914 771 1115 830 τοῦτον
1162 771 1396 830 κινεῖται
1441 767 1539 830 τὸν
1583 764 1814 851 τρόπον.
1905 769 1942 849 ἡ
1990 765 2159 836 δεῖξις
2189 766 2337 830 κατὰ
2380 767 2680 831 ἀνάλυσιν.
2762 753 2837 829 ὀὐ
2880 766 2989 851 γὰρ
3032 765 3152 829 οἷόν

584 889 613 938 5
651 891 715 931 τε
759 875 863 954 τῆς
908 874 1142 954 πρώτης
1185 871 1378 955 ἀρχῆς
1423 869 1706 939 ἀπόδειξιν
1752 869 1927 948 εἶναι,
1984 870 2136 934 ἀλλὰ
2181 871 2274 933 δεῖ
2314 871 2429 934 ἀπὸ
2486 875 2603 934 τῶν
2651 869 2908 954 ὑστέρων
2952 894 3017 933 τε
3058 871 3155 934 καὶ
3182 887 3237 928 25

652 979 918 1059 φανερῶν
951 973 1304 1058 ἀρξαμένους
1348 974 1495 1036 κατὰ
1537 974 1643 1057 τὴν
1683 973 1826 1057 πρὸς
1869 977 2050 1036 ταῦτα
2095 975 2433 1058 συμφωνίαν
2478 974 2753 1038 ἀναλύσει
2797 973 3153 1059 χρωξμένους
3201 983 3261 1039 14

659 1083 940 1161 συστῆσαι
983 1079 1088 1161 τὴν
1133 1077 1355 1140 ἐκείνου
1401 1077 1590 1162 φύσιν.
1681 1075 1768 1139 ὅτι
1814 1077 1879 1139 δὲ
1924 1078 2021 1140 καὶ
2064 1083 2291 1160 πρῶτον
2338 1079 2544 1162 νοητὸν
2590 1079 2686 1141 καὶ
2732 1080 3011 1160 μάλιστα,
3054 1080 3149 1141 καὶ

651 1187 879 1262 πρῶτον
927 1181 1160 1264 ὀρεκτὸν
1205 1181 1302 1244 καὶ
1347 1183 1597 1262 μάλιστα
1649 1181 1714 1243 τὸ
1758 1181 2046 1264 κινητικὸν
2103 1185 2206 1263 τῆς
2250 1180 2447 1266 κύκλῳ
2502 1181 2787 1264 κινήσεως
2832 1181 3015 1256 εἶδος,
3072 1181 3154 1243 ἐν-

652 1285 855 1347 τεῦθεν
912 1282 979 1346 ἂν
1025 1284 1357 1348 δεικνύοιτο.
1446 1285 1656 1368 κυρίως
1707 1285 1913 1367 νοητὸν
1968 1284 2033 1348 τὸ
2086 1283 2258 1354 εἶδος.
2346 1285 2386 1368 ἡ
2440 1284 2549 1368 γὰρ
2594 1284 2733 1368 ὕλη,
2792 1284 2959 1349 οὐδὲν
3004 1283 3151 1348 οὖσα
3206 1303 3234 1344 ⁵

551 1408 613 1455 10
651 1391 765 1450 τῶν
813 1385 994 1450 ὄντων
1039 1387 1324 1472 ἐνεργείᾳ,
1371 1385 1496 1450 κατ’
1552 1388 1859 1468 ἀναλογίαν
1906 1389 2059 1450 ἐστὶν
2106 1387 2308 1472 νοητή,
2361 1389 2457 1451 καὶ
2505 1391 2587 1457 ὡς
2632 1389 2663 1450 ὃ
2718 1386 2964 1451 Πλάτων
3008 1390 3152 1472 φησὶ

654 1491 817 1574 νόθῳ
862 1494 1154 1575 λογισμῷ,
1199 1493 1262 1553 τὸ
1310 1491 1374 1553 δὲ
1419 1490 1574 1560 εἶδος
1617 1493 1821 1575 νοητὸν
1868 1491 2127 1574 ἐνεργείᾳ
2170 1515 2225 1554 τι
2272 1489 2365 1565 ὅν,
2413 1491 2507 1554 καὶ
2551 1496 2667 1553 τῶν
2714 1493 2885 1554 εἰδῶν
2934 1496 3149 1574 μᾶλλον

651 1595 857 1677 νοητὸν
903 1595 968 1656 τὸ
1015 1593 1075 1656 ἐν
1123 1594 1316 1676 οὐσίᾳ,
1369 1594 1406 1676 ἢ
1453 1595 1517 1656 τὸ
1564 1593 1624 1655 ἐν
1670 1592 1834 1679 ἄλλῳ
1880 1595 2012 1668 τινί,
2068 1592 2157 1656 ὅτι
2212 1595 2308 1656 καὶ
2354 1597 2601 1677 μᾶλλον,
2663 1595 2759 1656 καὶ
2802 1599 2919 1657 τῶν
2962 1595 3023 1657 ἐν
3069 1601 3141 1679 τῇ
3177 1612 3231 1652 ιο

653 1697 824 1780 οὐσίᾳ
868 1697 934 1758 τὸ
982 1697 1232 1778 μάλιστα
1274 1697 1494 1760 ἁπλοῦν
1547 1697 1643 1759 καὶ
1688 1697 1777 1760 ἀεὶ
1825 1697 1890 1760 ὂν
1934 1697 2217 1781 ἐνεργείᾳ·
2288 1699 2536 1780 μάλιστα
2579 1697 2686 1780 γὰρ
2732 1699 2935 1781 νοητὸν
2980 1704 3151 1762 τοῦτο

649 1806 734 1885 τῷ
784 1823 846 1863 τε
893 1802 1138 1882 μάλιστα
1183 1799 1330 1862 εἶναι
1375 1801 1464 1863 ἀεὶ
1511 1799 1574 1862 ὃν
1621 1801 1876 1884 ἐνεργείᾳ
1930 1802 2025 1863 καὶ
2071 1806 2155 1884 τῷ
2202 1805 2281 1883 τῇ
2328 1801 2537 1863 ἑαυτοῦ
2593 1801 2765 1884 φύσει
2818 1801 2883 1864 τὸ
2930 1801 3149 1862 ἁπλοῦν

549 1924 610 1972 15
649 1903 875 1987 νοητόν.
964 1903 1058 1965 καὶ
1104 1902 1210 1986 γὰρ
1258 1903 1328 1965 τὰ
1371 1905 1431 1968 ἐν
1477 1907 1596 1972 τοῖς
1643 1903 1938 1972 συνθέτοις
1983 1903 2111 1966 τότε
2156 1905 2355 1986 νοητά,
2404 1903 2539 1967 ὅταν
2586 1905 2618 1966 ὁ
2666 1908 2798 1973 νοῦς
2842 1903 2989 1966 αὐτὰ
3033 1927 3149 1988 χω·
3178 1920 3229 1961 15

649 2009 782 2092 ρίσῃ
828 2010 942 2068 τῶν
989 2006 1048 2068 ἐν
1096 2006 1182 2074 οἷς
1227 2007 1347 2069 ἐστι
1400 2007 1492 2070 καὶ
1541 2009 1737 2090 ὥσπερ
1793 2007 1953 2070 ἁπλᾶ
2006 2006 2153 2070 αὐτὰ
2200 2007 2425 2090 θεωρῇ.
2518 2007 2756 2091 τοιαύτη
2802 2007 2867 2069 δὲ
2912 2009 2951 2087 ἡ
2997 2031 3147 2090 κινη-

647 2110 775 2192 τικὴ
831 2114 932 2172 τοῦ
995 2111 1206 2178 παντὸς
1265 2109 1462 2172 οὐσία·
1533 2112 1781 2194 μάλιστα
1840 2111 1986 2193 αὕτη
2048 2113 2248 2195 νοητή.
2354 2111 2505 2172 ἀλλὰ
2567 2111 2680 2193 μὴν
2740 2111 2835 2173 καὶ
2898 2111 3147 2192 μάλιστα

648 2215 887 2298 ὀρεκτή·
955 2215 1202 2295 μάλιστα
1244 2213 1350 2296 γὰρ
1405 2215 1642 2297 ὀρεκτὸν
1695 2218 1769 2296 τῇ
1824 2215 2004 2276 αὑτοῦ
2059 2214 2230 2297 φύσει
2283 2213 2349 2276 τὸ
2402 2217 2476 2296 τῇ
2524 2215 2701 2275 αὑτοῦ
2756 2214 2926 2297 φύσει
2972 2215 3147 2276 καλὸν
3176 2230 3232 2270 m

649 2319 915 2399 μάλιστα.
1008 2321 1259 2379 τοιοῦτον
1305 2317 1368 2379 δὲ
1413 2321 1608 2380 τοῦτο·
1668 2319 1734 2379 τὸ
1775 2316 1885 2401 γὰρ
1930 2319 2105 2380 καλὸν
2161 2317 2223 2380 ἐν
2267 2321 2352 2400 τῷ
2401 2314 2544 2380 εἴδει
2600 2319 2819 2400 μᾶλλον
2876 2317 2915 2399 ἢ
2964 2317 3023 2380 ἐν
3070 2324 3142 2400 τῇ

541 2441 608 2489 20
647 2421 780 2504 ὕλῃ.
871 2420 930 2482 ἐν
975 2420 1083 2504 γὰρ
1137 2426 1220 2504 τῷ
1279 2425 1532 2483 ποιοῦντι
1587 2423 1804 2504 μᾶλλον
1859 2421 1897 2503 ἢ
1951 2421 2012 2482 ἐν
2068 2425 2151 2506 τῷ
2208 2421 2524 2505 πάσχοντι,
2581 2421 2677 2483 καὶ
2736 2417 2857 2482 ἔστι
2920 2423 3146 2505 πάσχον

645 2527 747 2608 μὲν
805 2525 870 2586 τὸ
915 2526 1159 2608 δυνάμει
1213 2547 1265 2585 τι
1310 2523 1402 2600 ὅν,
1458 2529 1654 2586 ποιοῦν
1711 2523 1775 2587 δὲ
1829 2525 1895 2586 τὸ
1950 2524 2203 2607 ἐνεργείᾳ
2258 2521 2339 2586 ὅν.
2430 2525 2527 2586 καὶ
2580 2523 2641 2586 ἐν
2697 2529 2781 2608 τῷ
2838 2523 3145 2609 ὡρισμένῳ

644 2631 862 2710 μᾶλλον
922 2628 959 2711 ἢ
1007 2627 1068 2688 ἐν
1112 2632 1195 2712 τῷ
1249 2627 1528 2712 ἀορίστῳ·
1593 2627 1654 2688 ἐν
1696 2631 1780 2710 τῷ
1839 2625 1978 2689 εἴδει
2032 2629 2097 2689 τὸ
2144 2627 2321 2690 καλὸν
2379 2629 2629 2708 μᾶλλον,
2688 2627 2726 2710 ἢ
2774 2627 2833 2690 ἐν
2878 2633 2953 2711 τῇ
3014 2627 3145 2711 ὕλῃ,
3174 2643 3229 2684 25

643 2732 737 2794 καὶ
782 2731 842 2794 ἐν
888 2730 1028 2793 εἴδει
1073 2735 1158 2816 τῷ
1215 2731 1274 2793 ἐν
1329 2731 1498 2814 οὐσίᾳ
1546 2734 1762 2814 μᾶλλον
1818 2731 1857 2812 ἢ
1914 2728 1972 2792 ἔν
2018 2754 2121 2792 τινι
2168 2729 2330 2815 ἄλλῳ
2381 2727 2389 2816 Ι
2439 2735 2555 2792 τῶν
2601 2735 2803 2813 γενῶν.
2896 2731 2989 2794 διὰ
3032 2731 3142 2816 γὰρ
3194 2739 3253 2796 15

639 2838 806 2897 τοῦτο
860 2835 956 2898 καὶ
1001 2833 1072 2896 τὰ
1117 2833 1266 2897 ἄλλα
1317 2832 1490 2896 ἔστιν.
1579 2837 1675 2897 καὶ
1720 2839 1834 2896 τῶν
1892 2833 1951 2896 ἐν
2009 2833 2176 2917 οὐσίᾳ
2230 2835 2296 2898 τὸ
2352 2837 2603 2917 μάλιστα
2659 2833 2722 2897 ὃν
2778 2835 2874 2897 καὶ
2921 2835 3141 2898 ἁπλοῦν

534 2959 600 3007 25
638 2939 736 3000 καὶ
791 2936 1030 3020 ἄμοιρον
1082 2941 1185 2999 τοῦ
1249 2939 1482 3020 δυνάμει
1549 2939 1722 3000 καλὸν
1779 2939 2047 3019 μάλιστα.
2146 2937 2380 3022 τοιαύτη
2440 2939 2505 3001 δὲ
2558 2936 2704 3002 οὖσα
2764 2938 3045 3001 δέδεικται
3099 2941 3139 3023 ἡ

639 3040 1029 3128 προειρημένη
1076 3040 1264 3124 φύσις,
1311 3041 1522 3124 κυρίως
1566 3042 1662 3102 καὶ
1707 3045 1953 3124 πρώτως
1999 3042 2145 3124 αὕτη
2192 3041 2402 3124 ὐρεκτή
2450 3063 2512 3103 τε
2558 3041 2651 3104 καὶ
2699 3043 2899 3126 νοητή.
3197 3060 3225 3101 ε.

567 3217 777 3224 ———·—-
842 3217 1030 3222 ..Q——
1056 3217 1108 3224 -Qd
1182 3217 1334 3223 --——--.

543 3329 560 3377 l
605 3327 866 3398 συνεχοῦς]
904 3344 940 3398 χ
977 3325 1032 3377 in
1073 3325 1148 3376 lit.
1187 3327 1237 3376 V
1449 3320 1540 3392 ὑφ’
1580 3323 1734 3376 αὑτοῦ
1772 3325 1905 3375 coni.
1934 3323 2020 3391 Sp.
2236 3323 2267 3374 ‘2
2305 3319 2465 3391 θεῖον]
2503 3322 2939 3392 κυκλοφορητικόν
2980 3324 3060 3376 Ps.
3090 3328 3173 3378 ΑΙ.

533 3414 592 3466 τὸ
639 3413 764 3465 αὐτὸ
802 3414 944 3464 V13¹z
1001 3429 1056 3464 τε
1104 3411 1224 3464 αὐτὸ
1264 3411 1464 3464 FGB²S
1517 3413 1602 3464 Ps.
1643 3412 1720 3463 ΑΙ.
1759 3431 1788 3463 a
1836 3411 1949 3478 Sp.:
2008 3411 2222 3462 fortasse
2269 3415 2444 3463 τοῦτοε
2500 3430 2553 3464 τε
2604 3411 2727 3463 αὐτὸ
2774 3414 2911 3464 coni.
2950 3412 3034 3480 Sp.

535 3501 566 3552 3
605 3500 918 3568 ὁμοιώσεως]
974 3499 1276 3558 οἰκειώσεως
1312 3499 1398 3552 Ps.
1441 3500 1520 3550 ΑΙ.
1716 3499 1762 3550 3.
1803 3497 1837 3549 4
1892 3499 2264 3570 κεχωρισμένον
2304 3499 2392 3566 Sp.
2593 3501 2627 3550 4
2662 3499 2695 3568 ὴ
2734 3497 2786 3550 δὲ
2828 3499 2909 3552 Ps.
2948 3501 3030 3552 Al.

537 3595 652 3655 post
689 3587 919 3639 ἀνάλυσιν
956 3587 1071 3639 add.
1111 3589 1308 3655 γέγονεν
1348 3588 1432 3642 Ps.
1473 3586 1552 3639 ΑΙ.
1731 3585 1762 3637 5
1800 3589 1891 3654 τῆς
1928 3587 2133 3656 πρώτης
2169 3588 2330 3656 ἀρχῆς
2358 3588 2587 3640 VBSGL
2626 3587 2707 3638 Ps.
2746 3586 2830 3639 Al.
2868 3605 2925 3638 a:
2962 3592 3023 3657 τῆ
3062 3589 3245 3660 πρώτη

535 3681 627 3744 τῆς
663 3675 821 3746 ἀρχῆς
859 3679 921 3727 F:
962 3679 1052 3744 τῆς
1089 3675 1294 3744 πρώτης
1331 3673 1419 3741 Sp.
1633 3675 1661 3724 7
1703 3673 1909 3726 ἐκείνων
1948 3675 2031 3725 Ps.
2074 3676 2152 3726 ΑΙ.
2412 3675 2445 3727 8
2482 3674 2911 3744 κυκλωκινήσεως
2947 3693 2979 3728 a

541 3763 604 3814 10
641 3763 854 3832 ἐνεργείᾳ
893 3767 939 3813 V
1102 3759 1342 3828 Πλάτων]
1382 3760 1512 3811 Tim.
1541 3760 1636 3812 5212
1787 3759 1927 3829 νόθῳ
1964 3760 2035 3812 13²
2074 3762 2154 3814 Ps.
2185 3763 2263 3815 ΑΙ.
2290 3763 2427 3816 vict.
2464 3762 2581 3830 Sp.:
2618 3766 2695 3830 τῷ
2732 3762 2853 3815 libri
3019 3765 3077 3817 11
3116 3765 3250 3836 ἐνερ-

535 3868 642 3919 γεια
680 3855 727 3901 V
913 3849 973 3901 12
1031 3851 1174 3916 prius
1223 3848 1282 3900 τὸ
1330 3864 1456 3900 corr.
1505 3865 1569 3900 ex
1616 3865 1669 3899 τε
1720 3853 1762 3897 V
1942 3849 1999 3917 ἢ]
2039 3851 2125 3901 καὶ
2162 3847 2289 3901 καθ’
2329 3851 2451 3902 αὒτὸ
2491 3849 2564 3916 ὅν,
2600 3849 2635 3920 ἢ
2674 3849 2759 3904 Ps.
2799 3851 2880 3904 Al.
3056 3871 3153 3906 τινι
3188 3853 3250 3906 ὄν

535 3939 620 3991 Ps.
661 3939 743 3991 ΑΙ.
920 3937 1110 4006 μᾶλλον
1145 3937 1250 3990 ἐστι
1285 3937 1370 3989 Ps.
1411 3937 1519 3990 AL:
1567 3935 1782 3988 fortasse
1820 3936 2010 4003 μᾶλλον
2048 3937 2281 4001 <ἁπλοῦν>
2457 3941 2526 4011 τῇ
2570 3954 2669 3991 om.
2709 3957 2742 3990 a
2925 3941 2987 3993 14
3024 3941 3245 3994 altorum

534 4025 635 4095 τῷ]
682 4027 738 4078 τὸ
777 4044 808 4076 a
1027 4027 1102 4077 14.
1146 4026 1207 4078 15
1254 4025 1313 4076 τὸ
1351 4023 1536 4076 ἁπλοῦν
1573 4025 1751 4096 νοητόν
1791 4027 2159 4078 VGFS¹B¹L2
2195 4027 2255 4078 τὸ
2292 4026 2483 4079 ἁπλοῦν
2520 4027 2645 4079 εἶναι
2681 4029 2769 4080 καὶ
2805 4026 2996 4080 ἁπλοῦν
3032 4027 3250 4096 μάλιστα

536 4114 715 4184 νοητόν
753 4115 879 4166 S²az
937 4114 1125 4166 ἁπλοῦν
1165 4113 1312 4164 εἶναι·
1357 4111 1414 4164 τὸ
1451 4112 1542 4181 γὰρ
1581 4111 1770 4164 ἁπλοῦν
1809 4112 2021 4180 μάλιστα
2060 4114 2239 4184 νοητόν
2278 4115 2368 4167 13²:
2426 4115 2483 4166 τὸ
2520 4114 2735 4182 μάλιστα
2772 4113 2961 4167 ἁπλοῦν
3000 4115 3120 4167 εἶναι
3158 4118 3247 4168 καὶ

533 4201 749 4270 μάλιστα
796 4203 975 4272 νοητόν
1032 4203 1168 4254 coni.
1216 4201 1332 4268 Sp.:
1389 4199 1574 4251 ἁπλοῦν
1631 4201 1719 4252 καὶ
1773 4201 1953 4270 νοητὸν
1999 4203 2121 4254 εἶναι
2168 4203 2250 4254 Ps.
2292 4203 2397 4254 AL:
2464 4203 2681 4256 fortasse
2736 4203 2903 4266 (εἶναι)
2949 4205 3007 4256 τὸ
3054 4203 3247 4256 ἁπλοῦν

533 4291 714 4362 νοητόν
897 4291 960 4344 15
996 4289 1111 4342 τότε
1149 4289 1238 4341 εἰσὶ
1275 4289 1362 4340 Ps.
1401 4288 1484 4341 ΑΙ.
1521 4307 1552 4340 a
1577 4289 1664 4356 Sp.
1852 4289 1929 4342 15.
1973 4291 2031 4342 16
2072 4289 2262 4361 χωρίσῃ
2302 4291 2429 4342 BFS
2468 4291 2553 4342 Ps.
2592 4290 2674 4341 Al.
2712 4309 2743 4341 ι
2768 4291 2883 4360 Sp.:
2920 4291 3131 4362 χωρήση
3173 4295 3245 4345 G:

533 4378 747 4450 χωρίσαι
768 4382 814 4429 V
984 4379 1045 4430 16
1085 4376 1276 4447 ὥσπερ]
1305 4376 1377 4433 ὡς
1401 4377 1511 4446 περὶ
1530 4379 1600 4428 Β2
1763 4375 1939 4447 θεωρῇ
1973 4377 2177 4446 τοιαύτη
2205 4377 2287 4428 Ps.
2313 4377 2417 4427 Ala
2456 4377 2633 4447 ἐνεργῇ
2666 4377 2871 4450 τοιαύτη
2892 4377 3091 4433 vBs²a
3126 4378 3245 4448 Sp.:

531 4467 790 4536 ἐνεργῆται
826 4465 951 4536 αὕτη
978 4469 1180 4520 FGS¹L
1381 4465 1438 4517 17
1481 4465 1694 4532 μάλιστα
1729 4463 1857 4533 αὕτη
1900 4468 2018 4516 VB:
2058 4465 2271 4531 μάλιστα
2308 4464 2435 4532 αὐτὴ
2463 4465 2689 4518 FGS¹L³
2728 4464 2939 4534 μάλιστα
2976 4466 3073 4536 ἄρα
3110 4465 3241 4538 αὐτὴ

533 4555 666 4606 8²3²
707 4555 816 4612 (sed
845 4552 992 4623 αὕτη)
1021 4573 1051 4605 a
1077 4555 1196 4622 Sp.:
1236 4553 1367 4624 λέγω
1405 4553 1466 4622 δὴ
1494 4552 1718 4625 χωριστὴ
1746 4555 1831 4604 καὶ
1861 4553 1992 4621 ἁπλῆ
2021 4554 2105 4604 καὶ
2132 4553 2347 4624 ἐνεργείᾳ
2373 4549 2501 4622 αὕτη
2530 4553 2626 4624 α”ρα
2654 4553 2865 4622 μάλιστά
2889 4553 2991 4607 ἐστι
3018 4555 3103 4608 Ps.
3128 4555 3211 4608 Al.

538 4642 601 4696 18
639 4643 731 4713 γὰρ
771 4645 862 4693 VB
902 4642 984 4694 Ps.
1027 4643 1106 4694 Al.
1146 4643 1262 4710 Sp.:
1302 4643 1394 4710 γὰρ
1430 4641 1487 4692 τὸ
1525 4643 1714 4693 FGSa:
1752 4643 1846 4711 γάρ
1884 4660 1960 4692 τοι
1998 4645 2039 4692 Ι.
2276 4641 2337 4692 ‘21
2380 4644 2468 4709 μὲν
2508 4659 2607 4694 om.
2646 4643 2727 4694 Ps.
2768 4643 2849 4696 ΑΙ.
3078 4641 3147 4694 22
3182 4643 3241 4694 ἐν

533 4729 586 4780 δὲ
639 4731 717 4797 τῷ
763 4727 850 4780 είδ.
896 4747 928 4779 a
1128 4727 1245 4780 εἴδει
1283 4729 1378 4796 ἄρα
1415 4729 1499 4780 Ps.
1543 4729 1622 4780 Al.
1827 4729 1891 4779 23
1950 4728 2064 4780 εἴδει
2102 4729 2391 4781 GSB²FLa
2426 4729 2541 4796 Sp.:
2598 4729 2725 4782 ἰδίωι
2764 4734 2834 4782 V:
2890 4728 3025 4796 ίδιΙΙΙ
3058 4733 3101 4782 Β

536 4819 598 4868 24
639 4817 795 4868 τᾶλλα
835 4835 864 4866 a
1041 4817 1104 4866 ⁸2¹¹»
1145 4818 1329 4886 κυρίως
1368 4819 1460 4884 ἄρα
1500 4819 1583 4867 καὶ
1629 4817 1708 4867 ΙΝ.
1749 4818 1828 4869 ΑΙ.
1869 4835 1897 4867 a
