3684 5567
554 253 680 319 206
1441 249 1901 310 ΑΛΕΞΑΝΔΡΟΥ
1942 249 2395 308 ΑΦΡΟΔΙΣΙΕΩΣ

663 425 897 508 φύσεων
931 427 1024 489 καὶ
1070 426 1396 508 ποιοτήτων
1444 428 1526 509 μὴ
1573 425 2002 510 ἀγνοουμένων,
2048 427 2143 488 καὶ
2190 423 2415 490 ἔπαινοι
2446 426 2543 489 καὶ
2586 423 2753 510 ψόγοι
2782 425 2879 488 καὶ
2910 425 3177 492 κολάσεις

664 527 760 588 καὶ
806 528 985 610 τιμαί.
1073 532 1254 592 ταῦτα
1295 528 1403 612 γὰρ
1472 529 1657 597 οὕτως
1719 527 1845 613 ἔχει
1912 529 2264 598 ἀκολουθίας
2315 551 2379 591 τε
2424 529 2520 592 καὶ
2575 526 2839 596 τάξεως’.
2932 526 3001 590 οὐ
3060 527 3175 610 μὴν

668 629 987 694 ἀκολουθεῖ
1028 637 1210 694 ταῦτα
1254 629 1337 693 ἔτι
1381 635 1581 694 τοῦτον
1627 632 1886 712 γίνεσθαι
1932 633 2031 694 τὸν
2062 631 2273 714 τρόπον
2320 633 2440 699 τοῖς
2482 632 2588 714 τὴν
2622 625 2803 714 ’φύσιν
2849 653 2912 694 τε
2960 631 3058 694 καὶ
3103 629 3174 692 τὰ
3202 646 3260 688 ευ

663 731 936 814 γινόμενα
979 734 1127 797 κατὰ
1157 737 1327 818 φύσιν
1374 735 1455 803 εἰς
1497 734 1600 817 τὴν
1647 735 2003 818 εἱμαρμένην
2048 757 2112 796 τε
2158 733 2253 796 καὶ
2296 733 2402 815 τὴν
2434 733 2690 815 ἀνάγκην
2736 732 3173 816 μεταφέρουσιν.

595 855 623 902 5
664 835 810 897 κατὰ
855 837 1028 920 φύσιν
1097 837 1201 918 μὲν
1247 837 1353 920 γὰρ
1397 841 1519 904 τοῖς
1564 841 1902 919 πρακτικοῖς
1944 859 2007 899 τε
2053 837 2149 898 καὶ
2192 838 2441 917 λογικοῖς
2510 832 2685 919 ζῴοις
2740 835 2807 896 τὸ
2853 835 2950 898 καὶ
2994 835 3174 916 ἁμαρ·

664 939 851 1000 τάνειν
897 939 994 1000 καὶ
1039 940 1360 1021 κατορθοῦν
1407 940 1689 1002 δύνασθαι
1734 943 1818 1024 τῷ
1872 938 2185 1023 μηδέτερον
2231 937 2425 1000 αὐτῶν
2470 941 2655 1001 ποιεῖν
2703 935 3175 1020 κατηναγκασμέ-

665 1063 797 1109 νως,
867 1041 962 1102 καὶ
1031 1039 1186 1103 τοῦτ’
1243 1040 1462 1124 ἀληθές
1529 1041 1652 1104 ἐστι
1723 1043 1818 1104 καὶ
1864 1045 2067 1104 τοῦτον
2136 1038 2264 1124 ἔχει
2308 1041 2406 1101 τὸν
2450 1039 2684 1124 τρόπον.
2774 1037 2843 1102 οὖ
2893 1040 3007 1122 μὴν
3054 1042 3173 1104 τοῖς
3198 1055 3255 1096 25

667 1144 853 1206 πάντα
899 1142 937 1204 ἃ
967 1148 1244 1224 ποιοῦμεν
1291 1143 1351 1212 ἐξ
1397 1143 1652 1228 ἀνάγκης
1697 1145 1857 1226 ἡμᾶς
1902 1147 2084 1207 ποιεῖν
2124 1143 2387 1224 λέγουσιν
2418 1143 2619 1206 ἕπεται
2661 1143 2795 1210 τοὺς
2841 1141 2945 1224 μὲν
2976 1163 3175 1225 κατορ·

663 1243 807 1308 θοῦν
888 1249 1002 1308 τῶν
1097 1248 1344 1327 λογικῶς
1426 1245 1839 1326 ἐνεργούντων,
1932 1246 2065 1314 τοὺς
2150 1243 2201 1307 δ’
2294 1246 2663 1328 ἁμαρτάνειν.
2778 1243 2839 1312 ἐξ
2922 1245 3175 1326 ἀνάγκης

567 1367 627 1412 10
664 1347 729 1408 δὲ
804 1349 990 1409 πάντα
1063 1352 1338 1429 ποιοῦμεν
1421 1346 1560 1410 καθ’
1640 1346 1740 1416 οὓς
1825 1349 2106 1411 ἀδύνατον
2182 1348 2287 1429 μὲν
2360 1347 2547 1409 τῶνδέ
2621 1371 2787 1409 τινων
2862 1349 3169 1430 περιεστώ-
3197 1360 3255 1402 ⁸⁰

664 1473 778 1511 των
847 1451 930 1532 μὴ
999 1451 1279 1532 πράσσειν
1345 1452 1530 1532 ἡμᾶς,
1605 1450 1677 1513 τὰ
1744 1449 1798 1514 δ’
1856 1450 1916 1518 ἐξ
1983 1451 2237 1534 ἀνάγκης
2286 1451 2291 1535 Ι
2344 1452 2501 1533 ἡμᾶς
2564 1451 2657 1513 ἀεὶ
2725 1450 3132 1534 περιστήσεται
3182 1453 3281 1510 108

668 1556 850 1614 ταῦτα
904 1549 977 1614 δι’
1033 1551 1071 1613 ἃ
1125 1554 1482 1636 πράσσομεν.
1573 1551 1640 1614 οὐ
1688 1553 1795 1636 γὰρ
1852 1554 1949 1614 τὸν
2020 1553 2290 1615 ὁπωσοῦν
2358 1554 2559 1638 χαρίεν
2626 1557 2901 1616 ποιοῦντα
2969 1553 3177 1635 καθορ-

671 1655 813 1716 θοῦν
861 1677 943 1722 τις
987 1654 1160 1736 λέγει,
1227 1653 1348 1716 ἀλλ’
1403 1653 1529 1716 οὐδ’
1587 1655 1933 1738 ἁμαρτάνειν
1979 1656 2077 1717 τὸν
2124 1657 2395 1718 ὁπωσοῦν
2448 1654 2671 1738 φαῦλόν
2728 1678 2778 1716 τι
2832 1655 3173 1736 πράττοντα,

667 1754 784 1818 ἀλλ’
841 1757 893 1818 εἰ
939 1757 1209 1819 ὁπωσοῦν
1256 1757 1316 1819 ἐν
1362 1757 1596 1841 ἐξουσία
1661 1781 1743 1826 τις
1813 1759 1895 1820 ὢν
1940 1763 2058 1821 τῶν
2126 1756 2411 1842 χειρόνων
2478 1759 2725 1839 αἱρεῖται
2778 1757 2875 1818 καὶ
2932 1759 3174 1839 πράσσει
3228 1775 3257 1816 5

567 1879 625 1926 15
667 1859 760 1942 [ἠ]
805 1861 876 1922 τὰ
923 1860 1133 1943 βελτίω
1177 1865 1379 1923 τοῦτον
1426 1859 1669 1942 λέγομεν
1716 1863 2058 1943 κατορθοῦν.
2151 1863 2248 1922 τὸν
2314 1864 2451 1942 γοῦν
2516 1860 2590 1921 τὰ
2643 1859 2793 1921 αὐτὰ
2834 1862 3016 1922 ταῦτα
3062 1860 3179 1921 ἀπὸ

667 1963 853 2046 τύχης
897 1964 1219 2044 ποιήσαντα
1265 1962 1458 2025 οὐκέτι
1503 1963 1745 2045 λέγομεν
1813 1965 2136 2046 κατορθοῦν
2206 1965 2286 2031 ὡς
2330 1967 2431 2024 τοῦ
2478 1961 2802 2043 κατορθοῦν
2847 1963 2951 2044 τὴν
3000 1961 3177 2044 κρίσιν

667 2065 774 2127 οὐκ
817 2065 934 2128 ἀπὸ
981 2070 1096 2127 τῶν
1165 2065 1573 2148 πραττομένων
1626 2063 1867 2149 ἔχοντος
1926 2064 2122 2147 μόνον,
2191 2065 2339 2126 ἀλλὰ
2382 2063 2531 2126 πολὺ
2588 2062 2865 2148 πρότερον
2912 2063 3028 2124 ἀπὸ
3074 2068 3177 2146 τῆς

669 2167 846 2235 ἕξεώς
891 2190 953 2229 τε
998 2168 1094 2230 καὶ
1163 2169 1465 2248 δυνάμεως
1511 2165 1610 2251 ἀφ’
1667 2168 1740 2250 ἧς
1784 2170 2121 2249 πράσσεται.
2210 2167 2307 2230 καὶ
2371 2167 2403 2228 ὁ
2471 2165 2645 2234 αὐτὸς
2698 2165 2866 2248 λόγος
2918 2167 3013 2228 ἐπὶ
3060 2171 3173 2228 τῶν
3208 2184 3263 2226 ιο

667 2270 1122 2352 ἁμαρτημάτων.
1213 2271 1296 2331 ὧν
1342 2270 1408 2331 δὲ
1451 2293 1488 2352 η
1537 2269 1765 2338 ἐξουσία
1812 2274 1915 2331 τοῦ
1960 2272 2230 2354 πράττειν
2276 2269 2425 2332 ἄλλα
2468 2269 2595 2332 τινὰ
2641 2267 2773 2352 παρ’
2816 2269 2855 2331 ἃ
2898 2271 3177 2353 πράττου-

561 2393 630 2438 20
667 2393 756 2434 σιν
803 2372 914 2433 ὑπὸ
958 2376 1075 2434 τῶν
1121 2375 1525 2454 περιεστώτων
1570 2373 1890 2456 ἀφῄρηται,
1960 2372 2127 2435 οὐδὲν
2173 2372 2335 2436 αὐτοὶ
2383 2375 2749 2435 συντελοῦσιν
2802 2372 2886 2440 εἰς
2940 2373 3005 2434 τὸ
3052 2371 3177 2456 [τὰ]

669 2475 866 2543 αὐτοῖς
909 2477 1274 2556 περιεστάναι
1317 2474 1389 2537 δι’
1447 2475 1484 2537 ἃ
1529 2477 1891 2558 πράττουσιν.
1983 2481 2110 2542 πῶς
2176 2474 2246 2537 ἂν
2293 2472 2377 2536 ἔτι
2421 2476 2664 2543 τούτους
2707 2498 2792 2544 τις
2834 2475 2873 2558 ἢ
2920 2475 3179 2558 ἁμαρτά·
3208 2493 3264 2534 ιι

668 2598 782 2640 νειν
828 2577 866 2660 ἢ
913 2569 1256 2660 κατορθοῦν’
1283 2577 1466 2658 λέγοις
1534 2576 1668 2640 οὔτε
1733 2577 1845 2660 γὰρ
1890 2583 1995 2660 τῆς
2038 2577 2305 2660 τοιαύτης
2350 2577 2545 2651 ἕξεως,
2604 2575 2705 2660 ἀφ’
2760 2577 2836 2660 ἧς
2877 2577 3063 2640 τῶνδέ
3108 2601 3182 2640 τι-

669 2704 782 2742 νων
827 2683 1232 2764 περιεστώτων
1300 2681 1427 2762 περὶ
1473 2681 1538 2742 τὸ
1585 2683 1723 2744 τάδε
1765 2680 1895 2744 τινὰ
1964 2683 2227 2764 πράττειν
2274 2681 2429 2764 ὁρμὴ
2486 2681 2721 2763 γίνεται,
2786 2679 2963 2748 αὐτός
3028 2679 3181 2742 ἐστιν

671 2783 733 2844 ἐν
779 2782 1011 2865 ἐξουσίᾳ
1079 2781 1214 2844 οὔτε
1257 2787 1360 2845 τοῦ
1403 2783 1474 2844 τὰ
1541 2787 1901 2866 περιεστῶτα
1968 2788 2204 2846 τοιαῦτα
2270 2783 2434 2846 εἶναι.
2524 2781 2619 2845 διὰ
2674 2786 2843 2844 τοῦτο
2910 2781 3017 2865 γὰρ
3062 2785 3179 2845 τῶν

562 2905 627 2953 ‘25
667 2884 893 2966 ἀλόγων
943 2881 1118 2969 ζῴων
1161 2883 1330 2946 οὐδὲν
1373 2885 1592 2947 τούτων
1639 2891 2061 2969 κατηγορεῖται.
2152 2885 2435 2967 ἀγόμενος
2503 2887 2575 2968 δὴ
2644 2883 2742 2946 ἐπὶ
2799 2885 2865 2946 τὸ
2911 2885 3179 2968 πράττειν
3207 2901 3265 2943 2⁰

671 2986 784 3050 ὑπό
830 3011 892 3050 τε
936 2987 1112 3056 ἕξεως
1155 2988 1254 3050 καὶ
1297 2991 1692 3069 περιστάσεών
1735 3011 1903 3050 τινων
1952 2989 2199 3070 μηδενὸς
2242 2989 2437 3071 κύριος
2478 2987 2654 3055 αὐτὸς
2696 2990 2799 3050 τοῦ
2848 2987 2930 3069 μὴ
2977 2990 3179 3049 τοῦτον

675 3088 833 3174 ἔχειν
895 3091 993 3152 τὸν
1060 3089 1295 3172 τρόπον,
1363 3087 1485 3151 οὐδ’
1543 3089 1612 3152 ἂν
1659 3091 2006 3173 ἁμαρτάνειν
2074 3089 2156 3152 ἔτι
2202 3091 2241 3174 ἢ
2287 3091 2611 3173 κατορθοῦν
2678 3090 2775 3152 ἐπὶ
2832 3093 2953 3158 τοῖς
2996 3089 3181 3155 οὕτως

677 3192 1091 3276 πραττομένοις
1134 3192 1375 3274 λέγοιτο.
1467 3191 1593 3254 ἐπεὶ
1661 3193 1725 3255 δὲ
1771 3193 1836 3255 οἵ
1872 3216 1934 3254 τε
1978 3191 2199 3254 ἔπαινοι
2269 3194 2361 3255 καὶ
2408 3191 2598 3275 ψόγοι,
2665 3194 2934 3259 κολάσεις
2978 3215 3039 3254 τε
3084 3194 3177 3254 καὶ

687 3297 845 3376 τιμαὶ
893 3295 986 3357 ἐπὶ
1033 3299 1152 3361 τοῖς
1200 3296 1607 3379 ἁμαρτήμασίν
1651 3319 1714 3358 τε
1760 3298 1856 3358 καὶ
1900 3295 2371 3380 κατορθώμασιν,
2426 3299 2510 3363 ὡς
2552 3295 2649 3356 καὶ
2692 3293 2857 3357 αὐτοὶ
2900 3295 3181 3376 λέγουσιν,
3210 3310 3265 3352 25

567 3419 632 3466 3ο
673 3401 848 3482 δῆλον
917 3401 999 3465 ὡς
1065 3397 1496 3480 ἀναιρουμένων
1565 3399 1784 3462 τούτων
1854 3397 2129 3480 ἀναιροῖτ’
2186 3397 2255 3460 ἂν
2300 3397 2585 3460 κάκείνων
2652 3395 2913 3460 ἕκαστον.
3006 3399 3070 3459 τὸ
3116 3397 3181 3460 δὲ

669 3499 991 3582 κατορθοῦν
1037 3499 1134 3560 ἐπὶ
1182 3503 1298 3561 τῶν
1343 3499 1502 3562 θεῶν
1549 3501 1617 3563 οὐ
1663 3501 1875 3584 κυρίως
1920 3499 1989 3562 ἂν
2034 3499 2278 3582 λέγοιτο,
2325 3496 2445 3562 ἀλλ’
2482 3502 2563 3568 ὡς
2608 3497 2734 3563 ἴσον
2764 3505 2850 3585 τῷ
2881 3499 2954 3563 τὰ
2986 3497 3179 3582 ἀγαθὰ

567 3809 588 3858 1
631 3805 922 3876 ποιητήτων
959 3807 1014 3859 11²
1275 3807 1464 3860 ἔπαινοι
1503 3808 1575 3858 m¹
1614 3823 1744 3859 corr.
1781 3825 1847 3860 ex
1886 3808 2243 3874 ἑπαινουμενου
2283 3811 2330 3858 V
2584 3806 2627 3859 l.
2670 3806 2703 3857 2
2756 3805 2896 3874 τιμαὶ
2932 3807 3019 3858 καὶ
3058 3807 3291 3865 κολάσεις

565 3897 661 3946 HO
879 3895 909 3944 2
947 3897 1096 3962 τομαὶ
1133 3896 1183 3947 a¹
1399 3895 1431 3946 3
1476 3895 1549 3947 ἔτι
1586 3899 1746 3946 ταῦτα
1783 3894 1862 3946 8¹²
2073 3898 2105 3946 4
2150 3895 2240 3946 alt.
2276 3893 2371 3963 τὴν
2408 3909 2508 3946 om.
2548 3893 2603 3944 ³²
2780 3895 3004 3964 ανάγκην
3033 3899 3080 3946 V

563 3983 592 4034 7
632 3983 731 4052 μὴν
770 3987 872 4038 τοῖς
911 3984 1038 4034 Va':
1080 3983 1247 4050 μέντοι
1285 4001 1338 4051 γε
1374 3989 1476 4039 τοῖς
1511 3983 1589 4034 8²:
1629 3983 1800 4050 μέντοι
1837 4001 1891 4052 γε
1932 3985 2042 4035 ES:
2082 3984 2252 4050 μέντοι
2288 3999 2341 4050 γε
2380 3979 2455 4032 ὅτι
2492 3980 2725 4034 Lond.O
2918 3981 2952 4034 8
2988 3983 3175 4046 πάντα]
3212 4000 3288 4050 pr.

560 4089 593 4120 α
631 4073 686 4122 in
726 4071 802 4122 lit.
843 4073 908 4121 V:
947 4071 1110 4122 πάντα
1146 4073 1325 4134 (ποιεῖν
1361 4070 1415 4133 ἃ)
1453 4070 1712 4122 Schwartz
1928 4071 2097 4123 ἕπεται
2134 4069 2346 4138 scripsi:
2386 4069 2556 4120 ἔπειτα
2596 4067 2717 4120 libri
2934 4069 3012 4122 10.
3058 4072 3112 4122 ll
3158 4087 3291 4140 περι·

561 4176 775 4227 στώτων
801 4175 856 4225 ⁸²
1041 4175 1094 4227 ll
1137 4173 1223 4242 τὰ]
1263 4173 1481 4226 fortasse
1507 4180 1663 4226 ταῦτα
1852 4176 1910 4226 12
1948 4179 2105 4226 ταῦτα
2131 4181 2431 4243 suspectum
2616 4172 2680 4223 13
2719 4162 3027 4243 &paptaeimss
3058 4177 3133 4228 sic
3172 4179 3221 4227 V

568 4281 628 4332 14
667 4281 710 4332 τι
749 4297 796 4332 v.
825 4295 866 4332 e.
895 4283 960 4330 V:
1000 4295 1101 4330 om.
1139 4279 1216 4329 ³¹²
1407 4279 1468 4330 15
1505 4280 1568 4330 τὰ
1609 4279 1789 4348 βελτίω
1819 4281 2032 4332 HESO:
2071 4279 2371 4348 ῃγῃβτλτιω
2408 4283 2478 4332 B:
2518 4266 2549 4348 ἦ
2588 4276 2653 4328 τὰ
2692 4266 2901 4345 βελτιωὸ
2938 4281 3013 4331 sic
3052 4283 3117 4330 V:
3156 4277 3188 4349 ἢ
3228 4279 3289 4330 τὰ

563 4383 743 4453 βελτίω
789 4385 869 4435 11¹²
1125 4383 1183 4433 16
1239 4401 1330 4434 του
1369 4387 1414 4433 V
1639 4383 1699 4434 18
1751 4401 1857 4434 των
1895 4387 1943 4434 V
2166 4383 2225 4434 19
2280 4383 2353 4435 ὧν
2390 4388 2465 4436 Η;
2510 4371 2663 4454 ἡμῶν
2702 4383 2777 4434 sic
2820 4387 2879 4434 V:
2919 4383 3069 4452 ἡμῶν
3106 4381 3208 4434 α”ε
3248 4384 3291 4434 εἰ

561 4489 655 4560 γὰρ
701 4488 822 4552 (del.
869 4486 942 4550 ae)
987 4487 1080 4539 13²:
1139 4486 1212 4544 οῖς
1257 4487 1423 4538 Lond.
1471 4491 1516 4540 o
1727 4489 1804 4538 19.
1846 4487 1915 4537 νο
1972 4488 2004 4538 ἃ
2042 4488 2325 4556 πράττομεν
2362 4485 2433 4538 13²
2680 4487 2750 4538 20
2792 4485 2961 4550 aznot]
3004 4475 3179 4540 αὑτοιὰ
3216 4489 3291 4540 sic

563 4580 626 4626 V:
664 4573 832 4633 αὐτοῖς
859 4574 938 4626 8¹²
1115 4575 1179 4626 τὰ
1216 4591 1313 4626 om.
1347 4577 1462 4626 ES:
1501 4579 1658 4627 ταῦτα
1697 4575 1853 4638 (conl.
1893 4591 1939 4624 v.
1974 4576 2055 4638 12)
2094 4575 2237 4626 Diels
2438 4575 2498 4624 21
2560 4581 2735 4626 αυτοῖσ
2775 4579 2822 4626 V
3022 4578 3289 4644 (περιιστά-

560 4665 708 4730 μινα>
743 4664 1050 4732 περιεστάναι
1088 4661 1158 4713 B²
1333 4661 1528 4717 τούτοις
1565 4661 1618 4713 ⁸²
1796 4661 1863 4712 23
1902 4662 1934 4728 ἢ
1974 4661 2106 4731 ὁρμὴ
2148 4665 2219 4712 K:
2256 4659 2421 4730 ὁρμὴν
2459 4661 2537 4712 23¹²
2725 4661 2791 4712 24
2832 4661 2882 4712 ἐν
2922 4675 3023 4712 om.
3061 4663 3117 4713 ε’

561 4749 629 4802 25
683 4747 736 4814 δὲ
771 4747 849 4800 ⁸¹²
1085 4749 1152 4801 28
1211 4749 1260 4801 οἵ
1301 4767 1354 4800 τε
1395 4765 1438 4800 v.
1477 4765 1520 4800 c.
1559 4763 1685 4800 corr.
1723 4765 1788 4800 ex
1833 4748 1949 4800 οὔτε
1991 4753 2034 4800 V
2249 4749 2314 4800 29
2370 4749 2533 4816 τιμαὶ]
2578 4767 2627 4800 τι
2662 4763 2702 4800 s·
2744 4765 2791 4799 v,
2832 4752 2879 4799 V
3093 4749 3165 4802 30
3222 4749 3289 4803 τὸ

563 4839 654 4906 γὰρ
693 4839 738 4890 O
