3684 5567
564 215 684 279 106
1528 212 1831 269 AnoPmN
1871 212 1990 268 ΚΑΙ
2029 212 2290 268 ΛΥΣΕΩΝ

664 387 869 469 μένους
911 392 1032 457 τοῖς
1074 386 1453 470 δεδειγμένοις
1496 386 1593 449 διὰ
1638 388 1941 462 πλειόνων,
1985 390 2163 449 ταῦτα
2205 384 2257 449 δ’
2311 384 2495 457 ἐστίν,
2549 381 2638 445 ὅτι
2683 383 2764 466 μὴ
2813 386 2986 465 σῶμα
3031 382 3150 447 οἷόν

664 488 729 552 τέ
772 514 823 552 τι
866 490 1101 573 ἄπειρον
1156 491 1301 554 εἶναι
1348 492 1495 575 μήτε
1536 496 1653 553 τῶν
1700 492 1901 553 ἁπλῶν
1955 491 2104 573 μήτε
2155 496 2269 551 τῶν
2315 488 2640 557 συνθέτων,
2699 486 2850 549 ἀλλὰ
2893 486 3042 569 μηδὲ
3086 486 3150 547 τὸ
3177 502 3234 544 2⁰

668 592 831 655 κενόν
875 617 945 656 τι.
1015 595 1271 658 καθόλου
1314 594 1423 677 γὰρ
1470 594 1746 657 ἀδύνατον
1792 594 2104 677 ὑφεστάναι
2147 592 2438 674 διάστημα
2481 590 2617 653 ἄνευ
2663 592 2955 672 σώματος.
3017 587 3149 653 οὔτε

664 694 773 779 γὰρ
820 702 1007 780 μῆκος
1048 696 1171 759 οἷόν
1216 695 1279 759 τέ
1308 720 1361 758 τι
1392 696 1537 759 εἶναι
1581 693 1713 759 καθ’
1756 697 1898 759 αὑτὸ
1941 695 2373 780 κεχωρισμένον
2405 696 2696 777 σώματος,
2741 691 2874 757 οὔτε
2917 696 3150 767 πλάτος,

596 819 625 866 5
662 796 785 860 οὔτ’
840 797 940 862 οὖν
994 800 1194 884 βάθος.
1283 799 1355 863 τὰ
1406 800 1513 884 γὰρ
1570 799 1682 861 ὑπὸ
1734 804 1853 862 τῶν
1905 803 2252 881 γεωμετρῶν
2309 796 2593 880 λεγόμενα
2645 798 3006 879 διαστήματα
3049 794 3141 879 ἐφ’
3177 811 3233 854 S

666 900 727 963 ἕν
780 924 843 963 τε
886 902 983 965 καὶ
1026 902 1130 964 δύο
1184 903 1283 965 καὶ
1324 902 1451 986 τρία
1504 901 1617 986 οὐχ
1674 905 1754 971 ὡς
1804 902 2115 965 ὑπόστασιν
2169 901 2382 964 οἰκείαν
2435 898 2648 985 ἔχοντα
2698 900 2958 982 λέγονται
3013 902 3154 984 πρὸς

664 1005 875 1068 αὐτῶν.
964 1006 1311 1090 χωρίζονται
1352 1004 1463 1088 γὰρ
1506 1004 1656 1088 αὐτῇ
1714 1008 1792 1087 τῇ
1837 1005 2062 1087 ἐπινοίᾳ
2111 1009 2264 1081 τῶνζ
2285 1008 2546 1087 φυσικῶν
2601 1004 2918 1085 σωμάτων,
2977 1004 3016 1067 ἃ
3056 1004 3152 1066 καὶ

664 1108 875 1190 κυρίως
922 1103 929 1190 Ι
979 1106 1100 1171 ἐστι
1145 1110 1417 1191 σώματα,
1476 1108 1573 1170 καὶ
1626 1108 1811 1193 χωρὶς
1865 1110 2138 1188 σώματος
2191 1109 2580 1192 λαμβάνοντες
2631 1110 2924 1169 ποιοῦνται
2977 1106 3106 1189 περὶ
3149 1113 3259 1169 204

666 1209 861 1274 αὐτῶν
902 1210 1037 1280 τοὺς
1068 1210 1275 1292 λόγους
1319 1215 1623 1294 ζητοῦντες
1666 1212 1763 1273 καὶ
1794 1212 2130 1287 δεικνύντες,
2175 1210 2296 1273 τίνα
2340 1210 2462 1273 ἐστὶ
2507 1208 2578 1271 τὰ
2625 1213 2707 1278 ὡς
2741 1210 3017 1278 τοιούτοις
3055 1209 3152 1273 αὖ·

571 1332 634 1379 10
669 1318 787 1381 τοῖς
832 1315 1114 1398 ὑπάρχειν
1158 1336 1223 1376 τε
1265 1314 1361 1376 καὶ
1406 1312 1832 1398 συμβεβηκέναι
1887 1314 2190 1395 δυνάμενα.
2279 1312 2332 1375 οἳ
2378 1312 2444 1375 δὲ
2495 1312 2562 1375 τὸ
2606 1312 2772 1375 κενὸν
2815 1310 2962 1374 εἶναι
3004 1311 3150 1375 τιθέ-
3205 1328 3234 1370 ὅ

666 1439 827 1498 μενοι
873 1416 1039 1479 οὐδὲν
1084 1416 1228 1479 ἄλλο
1272 1416 1311 1499 ἢ
1356 1420 1507 1500 τρεῖς
1560 1417 1886 1485 διαστάσεις
1937 1417 1996 1479 ἐν
2053 1416 2288 1498 ὑπάρξει
2340 1416 2726 1500 λαμβάνουσιν
2779 1413 2926 1478 εἶναι
2969 1416 3152 1499 χωρὶς

672 1520 810 1601 ὕλης
858 1518 991 1603 [οἳ],
1036 1518 1295 1601 λέγοντες
1323 1518 1467 1582 εἶναι
1512 1520 1768 1582 δεκτικὸν
1800 1520 2112 1601 σωμάτων,
2158 1519 2323 1582 οὐδὲν
2355 1518 2473 1581 ἀλλ’
2517 1520 2556 1602 ἢ
2595 1520 2888 1602 διάστημα
2929 1521 3154 1603 διαστή·

666 1621 843 1705 ματός
896 1644 1067 1707 φασιν
1124 1622 1270 1685 εἶναι
1326 1622 1600 1685 δεκτικόν.
1700 1622 1835 1685 οὐδὲ
1889 1624 1994 1706 γὰρ
2047 1624 2114 1685 τὸ
2177 1628 2352 1704 σῶμα
2403 1622 2532 1685 κατ’
2589 1620 2732 1685 ἄλλο
2783 1622 2842 1685 τί
2887 1622 3040 1685 ἐστιν
3091 1622 3152 1684 ἐν

660 1723 852 1809 τόπῳ,
912 1725 950 1807 ἢ
996 1724 1144 1787 κατὰ
1186 1724 1288 1793 τὰς
1339 1730 1489 1808 τρεῖς
1542 1727 1866 1794 διαστάσεις
1919 1725 2022 1793 τὰς
2075 1725 2136 1787 ἐν
2189 1724 2374 1809 αὐτῷ.
2463 1725 2531 1788 οὐ
2575 1726 2685 1809 γὰρ
2740 1726 2890 1789 καθὸ
2933 1726 3153 1809 χρῶμά
3180 1741 3236 1783 ιο

563 1844 623 1893 15
660 1850 714 1889 τι
769 1828 807 1909 ἢ
854 1827 1040 1911 χυμόν
1094 1850 1217 1889 τινα
1268 1827 1305 1910 ἢ
1360 1826 1505 1889 ἄλλο
1556 1852 1609 1891 τι
1660 1832 1775 1889 τῶν
1829 1828 2284 1913 συμβεβηκότων
2339 1826 2466 1913 ἔχει
2521 1829 2588 1892 τὸ
2635 1834 2835 1913 σῶμα,
2889 1828 3044 1892 ἐστὶν
3089 1830 3150 1891 ἐν

664 1928 860 2013 τόπῳ,
915 1930 1063 1993 ἀλλὰ
1108 1929 1267 1993 κατὰ·
1298 1928 1369 1991 τὰ
1414 1930 1475 1993 ἐν
1520 1930 1714 1998 αὐτοῖς
1760 1931 2149 2013 διαστήματα,
2207 1932 2288 1993 ὧν
2335 1931 2386 1993 εἰ
2431 1931 2690 1994 δεκτικὸν
2733 1932 2798 1993 τὸ
2844 1929 2965 1995 ἴσον
3012 1931 3150 2005 ἐστί,

661 2033 823 2095 κενὸν
869 2030 1031 2096 ἔσται
1084 2033 1151 2095 τὸ
1205 2033 1495 2115 διάστημα
1546 2030 1839 2114 γινόμενον
1895 2033 1956 2095 ἐν
2013 2035 2384 2117 διαστήματι·
2441 2032 2558 2097 ἀλλ’
2613 2034 2666 2097 εἰ
2719 2036 2801 2118 μὴ
2855 2036 3028 2119 ἀρκεῖ
3063 2037 3151 2118 τῷ
3177 2049 3234 2092 15

662 2138 887 2216 σώματι
933 2137 1075 2219 πρὸς
1118 2137 1183 2198 τὸ
1226 2134 1373 2199 εἶναι
1418 2136 1482 2198 τὸ
1528 2136 1741 2199 οἰκεῖον
1784 2137 2094 2221 διάστημα,
2141 2138 2292 2200 ἀλλὰ
2337 2136 2516 2200 ἄλλου
2564 2137 2690 2201 ἴσου
2733 2142 2836 2201 τοῦ
2883 2138 2941 2201 ἐν
2987 2138 3148 2223 αὐτῷ

660 2240 840 2301 δεῖται
885 2240 1299 2323 διαστήματος,
1355 2240 1409 2300 τί
1452 2238 1525 2320 δή
1572 2262 1713 2302 ποτε
1770 2238 1836 2301 οὐ
1883 2242 1978 2304 καὶ
2033 2241 2097 2303 τὸ
2142 2242 2306 2303 κενὸν
2363 2242 2424 2304 ἐν
2467 2240 2630 2325 α”λλῳ
2683 2244 2792 2305 τινὶ
2835 2240 2997 2306 ἔσται
3039 2244 3154 2305 δια·

556 2359 623 2407 20
660 2343 937 2424 στήματι,
1001 2340 1062 2404 εἴ
1104 2364 1169 2423 γε
1222 2341 1293 2404 τὰ
1348 2342 1706 2425 διαστήματα
1758 2342 1951 2405 ἄλλων
2006 2345 2186 2406 δεῖται
2245 2344 2389 2428 πρὸς
2439 2346 2502 2406 τὸ
2557 2345 2704 2408 εἶναι
2757 2346 3145 2429 διαστήματα;
3172 2361 3230 2403 ¹0

662 2446 761 2508 καί
788 2468 877 2507 τοι
922 2444 1177 2526 εὔλογον,
1224 2448 1306 2513 ὡς
1336 2450 1521 2528 μῆκος
1564 2445 1676 2529 οὐχ
1720 2445 1841 2509 οἷόν
1887 2469 1950 2508 τε
1981 2447 2296 2531 ὑφεστάναι
2340 2450 2522 2533 χωρὶς
2551 2448 2694 2531 ὕλης
2737 2448 2878 2512 αὐτό
2921 2472 2974 2511 τι
3004 2448 3138 2514 καθ’

668 2548 827 2626 αὑτό,
876 2548 1092 2631 ὁμοίως
1136 2549 1201 2610 δὲ
1244 2547 1368 2610 οὐδ’
1412 2549 1699 2625 ἐπίπεδον,
1747 2550 1899 2613 οὕτω
1948 2551 2096 2633 μηδὲ
2139 2552 2283 2635 πρὸς
2325 2556 2493 2617 τοῦτο
2539 2554 2570 2617 ὃ
2615 2556 3006 2639 προσειληφὸς
3047 2553 3150 2636 τὴν

661 2651 853 2734 τρίτην
898 2652 1211 2725 διάστασιν,
1259 2652 1440 2736 βάθος
1484 2652 1554 2735 ἣν
1594 2654 1973 2736 ὀνομάζομεν,
2021 2654 2221 2717 ὁποῖόν
2265 2676 2406 2740 φασι
2449 2657 2516 2720 τὸ
2545 2657 2712 2721 κενὸν
2759 2656 2922 2720 εἶναι.
2991 2657 3151 2721 κενὸν
3177 2670 3234 2714 25

662 2753 765 2833 μὲν
821 2751 920 2816 οὖν
977 2753 1072 2817 διὰ
1126 2759 1294 2817 τοῦτο
1348 2754 1454 2818 οὐκ
1514 2755 1581 2819 ἂν
1636 2756 1729 2839 εἴη
1784 2758 1849 2819 τὸ
1903 2762 2004 2820 τοῦ
2059 2760 2270 2828 παντὸς
2323 2761 2505 2829 ἐκτός.
2604 2760 2888 2826 δέδεικται
2939 2760 3006 2824 δὲ
3057 2760 3154 2823 διὰ

553 2876 617 2925 25
657 2856 935 2919 πλειόνων
966 2861 1063 2923 καὶ
1112 2857 1119 2943 l
1168 2858 1257 2921 ὅτι
1288 2859 1437 2941 μηδὲ
1482 2860 1655 2941 σῶμά
1692 2882 1745 2922 τι
1787 2860 1909 2923 οἷόν
1955 2884 2017 2924 τε
2047 2861 2282 2947 ἄπειρον
2313 2862 2486 2926 εἶναι·
2533 2862 2670 2926 οὐδὲ
2697 2864 2806 2949 γὰρ
2852 2865 2922 2927 τὰ
2953 2866 3110 2928 ἁπλᾶ
3151 2870 3256 2927 205

656 2963 901 3042 σώματα
946 2960 1068 3023 οἶόν
1124 2984 1186 3024 τε
1230 2961 1411 3024 πλείω
1457 2960 1603 3025 εἶναι
1656 2968 1770 3025 τῶν
1826 2964 1997 3027 πέντε
2050 2968 2364 3047 σωμάτων,
2419 2968 2715 3052 τεσσάρων
2761 2968 2865 3049 μὲν
2909 2974 3026 3031 τῶν
3069 2968 3151 3030 ἐν·

661 3064 836 3141 όλων,
882 3065 1145 3148 πέμπτου
1190 3065 1255 3127 δὲ
1299 3069 1399 3127 τοῦ
1446 3065 1606 3128 θείου
1652 3069 1924 3151 σώματος
1972 3070 2066 3131 καὶ
2107 3072 2618 3154 κυκλοφορητικοῦ,
2664 3070 2797 3134 οὔτε
2839 3094 2893 3134 τι
2935 3070 3151 3135 τούτων
3203 3086 3234 3127 ὅ

652 3166 885 3251 ἄπειρον
932 3166 1096 3231 εἶναι.
1188 3168 1471 3231 δέδεικται
1516 3170 1581 3232 δὲ
1626 3172 1720 3233 καὶ
1766 3170 1872 3244 ὅτι,
1919 3178 2032 3235 τῶν
2089 3175 2290 3237 ἁπλῶν
2338 3172 2516 3237 ὄντων
2563 3174 3012 3258 πεπερασμένων
3057 3175 3154 3239 καὶ

657 3270 755 3331 τὸν
800 3270 1046 3353 ἀριθμὸν
1092 3271 1188 3334 καὶ
1232 3271 1296 3333 τὸ
1344 3270 1609 3353 μέγεθος,
1672 3274 1895 3358 ἀνάγκη
1943 3276 2038 3338 καὶ
2081 3276 2154 3338 τὰ
2197 3276 2265 3339 ἐκ
2307 3282 2412 3359 τῆς
2453 3276 2671 3340 τούτων
2719 3278 3051 3347 συνθέσεώς
3090 3300 3152 3341 τε

550 3390 617 3438 3ο
654 3372 749 3434 καὶ
798 3372 1005 3453 μίξεως
1048 3374 1145 3435 καὶ
1188 3375 1451 3457 κράσεως
1495 3376 1559 3437 τὸ
1601 3375 1746 3439 εἶναι
1790 3376 2004 3462 ἔχοντα
2049 3378 2192 3442 εἶναι
2235 3380 2330 3441 καὶ
2369 3379 2517 3442 αὐτὰ
2563 3382 2986 3464 πεπερασμένα.
3064 3382 3150 3447 δέ·
3177 3397 3232 3439 ¹⁰

654 3476 869 3538 δεικται
912 3477 977 3539 δὲ
1012 3476 1099 3539 ὅτι
1146 3478 1293 3559 μηδὲ
1337 3479 1571 3547 πλείους
1608 3479 1730 3542 οἷόν
1774 3504 1840 3543 τε
1871 3481 2128 3566 κόσμους
2171 3482 2336 3557 εἶναι,
2383 3483 2501 3546 ἀλλ’
2543 3484 2766 3567 ἀνάγκη
2811 3488 3000 3549 πᾶσαν
3043 3486 3147 3569 τὴν

653 3582 767 3639 τῶν
815 3579 1105 3661 σωμάτων
1149 3579 1315 3664 φύσιν
1362 3580 1507 3644 εἶναι
1552 3582 1612 3645 ἐν
1646 3588 1731 3668 τῷ
1766 3584 1992 3669 κόσμῳ.
2069 3585 2150 3648 ὧν
2195 3586 2382 3655 οὕτως
2425 3587 2682 3672 ἐχόντων
2726 3587 2892 3651 οὐδὲν
2939 3588 3007 3652 ἂν
3053 3588 3147 3674 εἴη

653 3682 822 3743 τοῦδε
866 3682 1122 3765 κόσμου,
1178 3682 1209 3745 ὃ
1255 3684 1351 3745 καὶ
1396 3688 1508 3747 πᾶν
1554 3685 1738 3762 ἐστιν,
1794 3688 1986 3761 ἐκτός,
2041 3687 2162 3751 οὔτ’
2219 3688 2401 3753 ἄλλου
2457 3694 2727 3772 σώματος
2771 3692 2928 3773 παρὰ
2969 3696 3149 3755 ταῦτα

651 3781 817 3857 εἶναι,
864 3782 997 3846 οὔτε
1042 3789 1208 3847 κενοῦ
1256 3810 1403 3855 τινος
1449 3790 1837 3873 διαστήματος
1884 3789 2045 3861 ὄντος
2089 3790 2199 3861 ἔξω
2246 3798 2348 3877 τῆς
2392 3795 2750 3863 διαστάσεως
2795 3802 2911 3859 τῶν
2953 3798 3148 3881 σωμά-
3174 3812 3228 3855 15

547 3903 613 3954 35
650 3910 785 3961 των,
832 3886 869 3949 ἃ
898 3888 1083 3950 πάντα
1127 3890 1377 3973 ἀναιρεῖν
1424 3890 1637 3955 ἄτοπον
1685 3894 1930 3979 βραχείᾳ
1975 3898 2080 3959 τινὶ
2119 3895 2382 3965 ἐνδόντας
2428 3896 2788 3981 πιθανότητι,
2835 3899 2987 3961 ἀλλὰ
3030 3900 3148 3984 χρὴ

651 3990 783 4059 τοὺς
830 3989 1184 4074 θαρροῦντας
1230 3995 1373 4077 πρὸς
1417 3994 1548 4064 τοὺς
1592 3996 1988 4074 ἐξετάζοντας,
2045 4000 2096 4061 εἰ
2143 4002 2174 4063 ὁ
2219 3998 2522 4083 γενόμενος
2566 4000 2628 4063 ἐν
2671 4006 2756 4087 τῷ
2803 4002 3008 4086 πέρατι
3045 4006 3150 4065 τοῦ

652 4093 862 4161 παντὸς
906 4092 1141 4157 ἐκτείνει
1186 4096 1289 4179 τὴν
1336 4102 1508 4181 χεῖρα
1554 4099 1592 4181 ἢ
1639 4099 2081 4181 κωλυθήσεται,
2132 4101 2314 4185 λέγειν
2362 4104 2865 4188 ἀποκρινομένους,
2913 4103 3000 4168 ὅτι
3043 4106 3150 4170 οὐκ
3177 4121 3233 4164 2⁰

652 4194 889 4273 ἐκτενεῖ,
937 4197 1087 4259 ἀλλὰ
1132 4200 1559 4283 κωλυθήσεται,
1606 4199 2066 4287 <κωλυθήσεται>
2113 4205 2176 4267 δὲ
2221 4204 2333 4291 οὐχ
2380 4208 2460 4274 ὡς
2505 4205 2668 4269 αὐτοὶ
2707 4207 2992 4289 λέγουσιν,
3039 4207 3150 4272 ὑπό

646 4320 795 4367 τινος
843 4300 1263 4385 ἀντιβαίνοντος
1316 4302 1482 4370 ἐκτὸς
1536 4306 1932 4388 περικειμένου
1988 4310 2074 4391 τῷ
2121 4309 2317 4385 παντὶ,
2372 4309 2523 4372 ἀλλὰ
2569 4312 2716 4373 πολὺ
2771 4314 2990 4392 μᾶλλον
3039 4312 3149 4374 ὑπὸ

540 4467 570 4519 2
608 4486 656 4520 τι
690 4470 747 4521 in
774 4469 853 4521 lit.
882 4473 929 4519 V
1094 4472 1158 4523 10
1194 4474 1242 4524 οἳ
1278 4476 1488 4540 scripsi:
1528 4476 1573 4527 οἱ
1610 4476 1735 4529 libri
1906 4478 1968 4530 12
2007 4480 2055 4531 οἳ
2091 4478 2254 4532 delevi
2432 4478 2538 4533 em?
2579 4484 2790 4549 scripsi:
2830 4479 2935 4534 ἀλλ’
2965 4482 3081 4536 libri

544 4554 623 4605 16.
654 4556 716 4608 17
742 4556 963 4610 fortasse
989 4558 1091 4610 ἐστὶ
1118 4558 1279 4625 κενόν,
1430 4563 1491 4615 18
1528 4564 1643 4633 τοῦ]
1669 4564 1887 4617 fortasse
1913 4568 1989 4635 τῷ
2131 4567 2193 4618 21
2225 4564 2334 4639 οὸχ’
2363 4568 2467 4619 οἶόν
2491 4586 2544 4621 τε
2569 4572 2684 4637 Sp.:
2721 4569 2780 4623 οὐ
2806 4570 2958 4638 μόνον
2983 4588 3040 4623 τε
3063 4572 3184 4625 libri

537 4640 603 4692 :22
659 4644 877 4697 sortasse
916 4640 1030 4715 μηδ’
1079 4644 1104 4697 ὃ
1142 4664 1194 4697 π.
1244 4647 1446 4719 τούτῳ
1498 4650 1595 4715 (sic
1637 4654 1750 4719 Sp.)
1796 4652 1902 4721 [τὸ]
2089 4653 2154 4705 24
2211 4654 2292 4722 τὸ]
2331 4656 2550 4708 fortasse
2585 4674 2632 4708 τι
2845 4656 2912 4711 25
2967 4656 3082 4712 οὔτε
3119 4660 3256 4713 coni.

538 4733 627 4796 Sp.
805 4731 864 4784 31
910 4738 1072 4785 πᾶσαν
1115 4734 1278 4787 vich:
1325 4743 1457 4789 πᾶσα
1495 4738 1612 4791 libri
1792 4740 1860 4792 33
1897 4741 2042 4793 τοῦδε
2078 4745 2211 4805 (τοῦ)
2248 4744 2382 4795 coni.
2424 4746 2510 4812 Sp.
2726 4744 2792 4797 34
2847 4746 2992 4816 εἶναι]
3037 4748 3256 4801 fortasse

538 4814 680 4876 ὄντος
892 4821 957 4873 35
997 4820 1027 4872 ἃ
1066 4822 1225 4873 πάντα
1263 4826 1379 4891 Sp.:
1420 4824 1615 4877 ἅπαντα
1652 4826 1769 4879 libri
1985 4830 2052 4881 38
2090 4828 2442 4901 κωλυθήσεται
2478 4832 2594 4883 add.
2634 4836 2721 4899 Sp.
