3684 5567
1351 261 1508 319 ΠΕΡΙ
1549 260 2021 318 ΕΙΜΑΡΜΕΝΗΣ
2036 265 2043 272 “
2058 265 2258 317 29—-31
3042 263 3164 328 201

543 435 752 504 αὐτοὺς
821 439 876 500 οἱ
947 439 1076 501 θεοὶ
1141 441 1584 523 προγινώσκοιεν
1649 439 1722 501 τὰ
1787 439 2089 520 μέλλοντα.
2182 440 2335 502 ὥστε
2380 439 2475 500 καὶ
2520 437 2681 501 αὐτοὶ
2728 439 2831 520 τὴν
2878 436 3058 519 αὐτὴν

546 540 864 622 ἀδυναμίαν
911 543 1030 608 τοῖς
1097 540 1254 610 θεοῖς
1299 541 1708 624 φυλάσσουσιν,
1777 541 1939 624 εἴγε
2000 539 2124 604 κατ’
2183 541 2499 622 ἀδυναμίαν
2566 541 2686 624 χρὴ
2742 541 2836 602 καὶ
2885 539 3059 604 ἀσθέ·
3090 557 3141 596 1⁰

549 664 703 705 νειαν
771 642 954 724 λέγειν
1023 643 1284 724 γίνεσθαι
1338 644 1403 705 τὸ
1461 644 1532 706 τὰ
1597 644 1853 706 ἀδύνατα
1922 646 2002 725 μὴ
2073 644 2373 706 δύνασθαι.
2484 644 2551 706 οὐ
2620 643 2692 723 δὴ
2761 647 2847 726 τῷ
2914 643 3059 704 θείω

553 743 728 808 πλέον
773 767 825 806 τι
892 745 1174 808 δύνασθαι
1219 746 1314 808 διὰ
1359 751 1464 828 τῆς
1532 747 1909 830 προρρήσεως
1962 747 2332 818 ἀνάπτουσιν,
2398 744 2548 808 ἀλλὰ
2593 745 2688 806 διὰ
2742 749 2843 807 τοῦ
2888 765 3059 826 προσ-

477 867 508 914 5
545 849 860 932 λαμβάνειν
904 852 1074 912 τοῦτο
1140 849 1246 931 τὴν
1305 849 1474 932 φύσιν
1523 851 1626 932 τὴν
1671 855 1788 912 τῶν
1852 851 2204 933 πραγμάτων
2272 848 2538 930 τοιαύτην
2591 849 2917 930 εἰσάγουσιν
2962 845 3059 908 οὐ·

547 951 750 1033 δαμῶς
817 950 1119 1014 ἀκόλουθα
1187 953 1284 1015 καὶ
1337 953 1576 1036 συνῳδὰ
1631 956 1746 1020 τοῖς
1809 952 2127 1036 γινομένοις
2170 975 2232 1013 τε
2298 952 2392 1014 καὶ
2438 950 2732 1033 ἐναργέσιν
2778 949 3057 1031 λέγοντες.
3091 967 3141 1008 15

547 1053 738 1137 τούτῳ
782 1052 888 1139 γὰρ
935 1055 1432 1138 προσχρωμένους
1478 1054 1702 1118 ἐνέσται
1767 1057 1955 1118 πάντα
2014 1054 2085 1116 τὰ
2144 1053 2396 1116 ἀδύνατα
2450 1051 2723 1136 <δυνατὰ>
2777 1051 3060 1116 δεικνύναι

550 1159 637 1238 τῷ
693 1154 930 1238 εὔλογον
989 1157 1132 1219 εἶναι
1190 1158 1270 1240 μὴ
1335 1158 1563 1238 ἀγνοεῖν
1609 1157 1758 1220 αὐτὰ
1823 1157 1958 1226 τοὺς
2018 1157 2209 1225 θεούς.
2300 1155 2532 1219 δύναται
2584 1158 2693 1238 γάρ
2738 1179 2819 1223 τις
2862 1157 3057 1238 λαβὼν

551 1257 616 1320 τὸ
691 1255 905 1320 ἄτοπον
977 1257 1124 1321 εἶναι
1195 1259 1330 1327 τοὺς
1404 1258 1580 1326 θεοὺς
1646 1258 1728 1341 μὴ
1795 1258 2007 1322 εἰδέναι
2072 1261 2137 1322 τὸ
2204 1259 2439 1342 ἄπειρον
2507 1259 2704 1320 πόσων
2770 1257 2891 1320 ἐστὶ
2960 1257 3059 1339 μέ-

449 1379 511 1425 10
548 1382 720 1442 τρων,
791 1359 1036 1444 θέμενος
1101 1365 1268 1424 τοῦτο
1332 1361 1794 1445 προσλαμβάνειν
1860 1363 1925 1424 τὸ
1994 1363 2234 1425 δυνατὸν
2301 1361 2447 1423 εἶναι
2511 1361 2941 1441 γιγνώσκεσθαι
2992 1361 3058 1422 τὸ
3086 1377 3142 1417 εο

549 1460 785 1545 ἄπειρον
831 1460 1030 1524 πόσων
1077 1462 1196 1526 ἐστὶ
1245 1464 1491 1548 μέτρων.
1567 1465 1620 1527 εἰ
1665 1464 1730 1526 δὲ
1759 1468 1949 1539 τοῦτο,
1996 1463 2234 1526 δυνατὸν
2266 1461 2505 1525 εἶναιτὸ
2537 1461 2774 1545 ἄπειρον
2814 1459 3058 1546 ὡρισμέ-

548 1587 662 1626 νων
706 1567 874 1626 τινῶν
922 1565 1168 1649 μέτρων.
1257 1566 1312 1629 εἰ
1355 1566 1466 1648 γὰρ
1533 1567 1617 1648 μὴ
1662 1564 1755 1649 ἧν,
1801 1566 1925 1630 οὐδ’
1984 1564 2051 1628 ἂν
2109 1567 2163 1628 οἱ
2231 1566 2358 1628 θεοὶ
2404 1563 2621 1647 ᾔδεσαν
2667 1563 2811 1626 αὐτὸ
2858 1562 3057 1624 πόσων

551 1666 672 1730 ἐστὶ
721 1664 966 1750 μέτρων.
1043 1667 1171 1729 ἐπεὶ
1216 1666 1301 1742 δέ,
1347 1669 1402 1730 εἰ
1443 1668 1508 1730 τὸ
1557 1672 1969 1753 προγινώσκειν
2018 1669 2086 1730 τὰ
2135 1669 2422 1752 μέλλοντά
2451 1667 2573 1730 ἐστι
2616 1669 2682 1729 τὸ
2715 1667 2891 1730 ὁποῖά
2936 1665 3055 1728 ἐστι
3086 1681 3141 1722 25

545 1773 781 1832 τοιαῦτα
825 1767 975 1832 αὐτὰ
1017 1769 1310 1852 γνωρίζειν
1357 1767 1498 1832 ὄντα
1543 1771 1718 1852 (ἄλλο
1763 1771 1873 1854 γὰρ
1918 1773 1983 1834 τὸ
2030 1773 2442 1856 προγινώσκειν
2489 1774 2589 1832 τοῦ
2622 1767 2840 1850 ποιεῖν)
2880 1769 3055 1850 δῆλον

448 1891 507 1938 15
547 1870 634 1934 ὅτι
696 1870 781 1954 (ὁ)
839 1871 911 1934 τὰ
971 1871 1326 1955 ἐνδεχόμενα
1383 1875 1796 1955 προγινώσκων
1854 1877 1935 1942 ὡς
1997 1879 2234 1936 τοιαῦτα
2302 1875 2717 1957 προγνώσεται.
2822 1869 2889 1932 οὐ
2948 1869 3057 1951 γὰρ

549 1973 868 2057 πρόγνωσις
899 1973 964 2034 τὸ
997 1975 1062 2035 τὸ
1093 1972 1476 2057 ἐνδεχόμενον
1511 1977 1592 2042 ὡς
1614 1974 1893 2058 ἐσόμενον
1919 1976 2245 2057 ἀναγκαίως
2268 1973 2507 2038 ἔσεσθαι
2532 1975 2734 2055 λέγειν.
2784 1974 2937 2034 ὥστε
2960 1971 3057 2033 καὶ

543 2076 597 2137 οἱ
633 2076 759 2138 θεοὶ
805 2076 876 2138 τὰ
923 2075 1276 2158 ἐνδεχόμενα
1323 2075 1394 2139 ἂν
1427 2078 1507 2144 ὡς
1538 2075 1897 2160 ἐνδεχόμενα
1928 2080 2429 2161 προγιγνώσκοιεν,
2478 2071 2529 2162 ᾦ
2566 2077 2635 2139 οὐ
2666 2077 2897 2142 πάντως
2928 2075 3059 2136 ἀκο-
3084 2089 3141 2130 ao

547 2179 829 2260 λουθήσει
874 2178 939 2240 τὸ
987 2178 1298 2259 ἀναγκαῖον
1366 2179 1463 2242 διὰ
1507 2181 1613 2262 τὴν
1679 2181 1950 2261 τοιαύτην
1998 2178 2341 2264 πρόγνωσιν.
2432 2181 2616 2247 οὕτως
2670 2181 2735 2242 δὲ
2778 2178 2873 2241 καὶ
2920 2198 3057 2258 προ-

543 2281 831 2362 λεγόντων
877 2279 1186 2363 ἀκούομεν.
1275 2283 1330 2344 οἱ
1376 2282 1486 2366 γὰρ
1533 2280 1678 2363 μετὰ
1723 2285 1825 2343 τοῦ
1874 2282 2289 2366 συμβουλεύειν
2349 2283 2473 2345 τινὰ
2520 2282 2815 2366 αἱρεῖσθαί
2854 2303 2917 2342 τε
2960 2277 3059 2340 καὶ

437 2403 506 2449 20
545 2386 811 2467 πράττειν
858 2383 898 2446 ἃ
941 2385 1062 2467 χρὴ
1109 2383 1483 2467 προλέγοντες
1529 2383 1644 2466 οὐχ
1689 2386 1772 2452 ὥς
1815 2383 1879 2454 ἐξ
1922 2385 2177 2469 ἀνάγκης
2212 2383 2218 2468 Ι
2269 2384 2565 2466 ἐσομένων
2611 2385 2743 2467 περὶ
2788 2383 2869 2445 ὧν
2916 2403 3055 2463 προ·
3094 2385 3163 2439 96

545 2486 804 2568 λέγουσιν
836 2483 1171 2568 (λέγουσιν).
1244 2484 1504 2549 καθόλου
1535 2486 1600 2549 δὲ
1621 2487 1685 2552 ,εἰ
1717 2486 1820 2566 μὲν
1854 2488 2041 2550 πάντα
2072 2493 2192 2554 τοῖς
2224 2491 2382 2555 θεοῖς
2412 2489 2625 2550 δυνατά
2668 2507 2842 2570 φασιν
2889 2481 3056 2556 εἶναι,

549 2586 708 2651 ἔσται
742 2589 807 2651 δὲ
851 2589 948 2652 καὶ
980 2588 1053 2650 τὰ
1081 2588 1337 2651 ἀδύνατα
1369 2588 1609 2657 ἐκείνοις
1641 2590 1873 2663 δυνατά,
1906 2588 1975 2651 οὐ
2010 2590 2125 2672 μὴν
2156 2590 2535 2674 δειχθήσεται
2566 2591 2657 2652 διὰ
2692 2595 2791 2672 τῆς
2824 2586 3056 2650 ἐκείνων

547 2690 679 2775 περὶ
723 2695 839 2754 τῶν
889 2689 1219 2773 μελλόντων
1264 2693 1653 2774 προγνώσεως
1717 2692 1784 2753 τὸ
1851 2694 2037 2754 πάντα
2082 2691 2143 2761 ἐξ
2188 2693 2443 2774 ἀνάγκης
2484 2693 2557 2754 τὰ
2600 2693 2871 2774 γινόμενα
2914 2689 3056 2770 γίνε-
3113 2709 3140 2750 5

548 2794 704 2856 σθαι.
794 2793 848 2855 εἰ
893 2793 957 2856 δὲ
1003 2797 1405 2878 συγχωροῦσιν
1451 2793 1526 2855 τὰ
1569 2793 1824 2857 ἀδύνατα
1867 2795 1965 2857 καὶ
2012 2799 2133 2862 τοῖς
2179 2797 2339 2862 θεοῖς
2382 2793 2529 2858 εἶναι
2573 2797 2829 2867 τοιαῦτα,
2898 2795 3055 2874 πρῶ-

439 2916 508 2964 25
548 2921 644 2959 τον
693 2897 797 2979 μὲν
845 2895 1054 2964 αὐτοὺς
1097 2897 1218 2981 χρὴ
1266 2897 1549 2959 δεικνύναι
1593 2897 1842 2979 δυνατὴν
1890 2897 2033 2960 εἶναι
2075 2898 2180 2980 τὴν
2246 2898 2473 2961 τοιάνδε
2518 2895 2861 2980 πρόγνωσιν,
2926 2891 3042 2956 εἷθ’

542 2999 729 3067 οὕτως
773 2997 954 3080 αὐτὴν
1001 2997 1337 3061 ἀνατιθέναι
1379 3001 1498 3066 τοῖς
1543 3000 1722 3066 θεοῖς.
1803 2997 1937 3062 οὔτε
1981 2999 2087 3082 γὰρ
2134 3000 2367 3082 ἐναργὲς
2410 2997 2545 3062 οὔτε
2591 2999 2703 3061 ὑπὸ
2749 3003 2863 3060 τῶν
2908 3019 3055 3077 γινο-

544 3101 732 3183 μένων
777 3100 1239 3183 ὁμολογούμενον
1285 3100 1351 3162 τὸ
1398 3101 1667 3184 τοιαύτην
1713 3101 1816 3184 τὴν
1864 3103 1995 3184 περὶ
2038 3105 2155 3164 τῶν
2189 3101 2515 3183 μελλόντων
2560 3101 2879 3184 πρόγνωσιν
2926 3122 3049 3161 ποι·
3082 3117 3133 3156 ιο

542 3205 736 3267 εἶσθαι
779 3203 914 3272 τοὺς
958 3202 1150 3271 θεούς.
1241 3204 1412 3285 ἡμεῖς
1478 3202 1582 3284 μὲν
1649 3201 1751 3266 οὖν
1817 3203 1953 3266 οὔτε
2020 3203 2367 3287 ἀναιροῦμεν
2436 3205 2712 3286 μαντικὴν
2765 3201 2899 3265 οὔτε
2942 3203 3047 3286 τὴν

542 3305 866 3389 πρόγνωσιν
919 3310 1037 3368 τῶν
1094 3305 1272 3380 θεῶν,
1342 3307 1424 3373 ὡς
1469 3301 1598 3389 ἔχει
1641 3305 1877 3388 φύσεως
1921 3307 1993 3368 τὰ
2037 3307 2347 3390 πράγματα
2411 3307 2597 3374 οὕτως
2662 3305 2873 3373 αὐτοὺς
2918 3305 3049 3388 περὶ

435 3427 505 3475 3ο
541 3409 732 3472 αὐτῶν
786 3407 1083 3491 προλέγειν
1129 3406 1410 3489 λέγοντες,
1471 3406 1592 3470 ἀλλ’
1648 3407 1786 3470 οὐδὲ
1833 3408 2242 3492 ἀφαιρούμεθα
2285 3414 2401 3472 τῶν
2447 3410 2775 3493 ἀνθρώπων
2820 3409 2884 3470 τὸ
2933 3409 3049 3470 ἀπὸ
3080 3422 3131 3464 15
3174 3413 3361 3465 XXXI

547 3516 822 3594 μαντικῆς
890 3512 1202 3596 χρήσιμον,
1271 3511 1302 3573 ὃ
1348 3513 1559 3592 γίνεται
1623 3517 1708 3594 τῷ
1756 3511 2044 3575 δύνασθαί
2096 3535 2218 3575 τινα
2278 3513 2373 3575 καὶ
2418 3511 2785 3596 φυλάξασθαί
2826 3533 2898 3586 τι,
2966 3511 3050 3593 μὴ

543 3613 939 3698 φυλαξάμενον
986 3611 1054 3676 ἂν
1102 3613 1183 3696 μὴ
1231 3614 1774 3697 συμβουλεύσαντος
1819 3620 1921 3677 τοῦ
1967 3615 2137 3678 θεοῦ·
2214 3616 2268 3678 οἱ
2315 3615 2381 3678 δὲ
2411 3615 2718 3697 ὑμνοῦντες
2760 3615 2865 3697 τὴν
2914 3637 3051 3694 μαν-

435 3871 466 3923 2
504 3874 585 3942 γε]
620 3873 712 3941 γὰρ
751 3876 824 3925 0:
864 3872 1083 3925 fortasse
1121 3875 1269 3938 γοῦν
1309 3905 1318 3912 -
1472 3873 1504 3926 3
1543 3871 1804 3942 δύνασθαι]
1842 3873 2064 3944 γίνεσθαι
2100 3877 2165 3926 Β1
2364 3875 2413 3926 4.
2443 3873 2474 3926 5
2512 3872 2910 3944 προσλαμβάνειν
2948 3873 3161 3939 scripsi:

435 3959 806 4031 προλαμβάνειν
845 3960 964 4014 libri
1144 3959 1175 4010 '1
1221 3957 1388 4028 τούτῳ
1427 3961 1556 4013 Va¹:
1612 3959 1808 4013 τούτων
1858 3962 1913 4013 a'
2100 3961 2510 4032 προσχρωμένοις
2550 3965 2594 4015 Ο
2799 3963 2989 4014 ἔνεσται
3030 3965 3073 4011 V

435 4045 620 4098 δυνατὰ
666 4046 784 4098 add.
832 4047 986 4115 Casp.
1035 4050 1080 4100 O
1260 4047 1293 4099 8
1338 4049 1432 4118 γάρ
1471 4047 1550 4100 21²2
1609 4048 1651 4100 εἰ
1696 4049 1788 4117 γάρ
1825 4049 1930 4101 Va¹
2111 4051 2140 4101 9
2181 4048 2361 4102 εἰδεναι
2398 4053 2447 4100 V
2626 4049 2675 4100 9.
2719 4051 2781 4101 10
2826 4049 3041 4118 μέτρων,
3082 4046 3160 4098 θέ-

437 4152 585 4202 μενος
628 4133 779 4202 Casp.
812 4137 883 4186 O:
941 4131 1151 4202 θέμενος
1189 4136 1390 4206 μέτρων
1435 4135 1581 4186 libri:
1639 4135 1837 4204 μέτρων
1874 4139 1919 4189 Ο
1959 4135 2218 4188 Schwartz
2427 4137 2491 4190 10
2534 4136 2701 4205 τούτῳ
2740 4135 2796 4188 a²
2832 4135 3091 4188 Schwartz

437 4221 683 4274 ἀδύνατον
709 4219 762 4274 ε’
934 4222 1013 4274 10.
1043 4222 1100 4273 11
1144 4219 1705 4291 γιγνώσκεσθαι-εἶναι
1743 4238 1844 4274 om.
1872 4224 1927 4274 αἱ
2096 4225 2153 4276 11
2197 4223 2444 4276 ἀδύνατον
2471 4223 2526 4275 a²
2708 4223 2771 4273 12
2810 4225 2990 4292 μέτρον
3014 4223 3091 4272 8¹⁸¹

439 4307 502 4378 ἠν
548 4307 711 4367 οὕτως
748 4305 862 4361 οὐδ’
906 4307 960 4359 8²
1143 4309 1204 4361 13
1243 4309 1286 4362 εἰ
1323 4310 1384 4361 τὰ
1425 4323 1552 4360 corr.
1579 4309 1637 4359 in
1675 4309 1718 4360 εἰ
1755 4308 1814 4361 τὸ
1838 4313 1905 4360 V:
1942 4309 2070 4374 sss-cb
2096 4313 2139 4361 B
2322 4310 2568 4378 μέλλοντα
2610 4311 2673 4361 τά
2710 4309 2813 4361 ἐστι
2850 4308 2904 4361 a²
3070 4309 3158 4361 alt.

437 4411 496 4463 τὸ
545 4413 672 4464 Va¹2
710 4413 797 4463 καὶ
832 4413 888 4464 8²
1063 4419 1182 4464 ποῖα
1220 4415 1270 4464 Κ
1476 4411 1538 4464 15
1594 4408 1621 4462 ὁ
1659 4411 1837 4464 addidi
2051 4402 2142 4466 τὰδ’
2181 4416 2257 4466 sic
2292 4419 2339 4464 V
2544 4415 2603 4464 16
2659 4413 2716 4466 τὸ
2760 4413 2843 4478 τὸ]
2888 4413 2945 4466 τὸ
2985 4418 3029 4466 Ο

443 4498 503 4550 17
543 4497 602 4549 ἂν
639 4507 758 4566 post
797 4498 868 4556 ὧς
905 4497 1210 4568 ἐνδεχόμενα
1249 4499 1365 4551 coll.
1404 4499 1484 4550 8¹⁸¹
1661 4497 1730 4550 20
1767 4499 1864 4568 ὧν]
1904 4499 1963 4552 οὖ
2002 4503 2143 4555 θεᾶς
2182 4500 2352 4552 αὐτῶν
2397 4503 2531 4553 coni.
2571 4505 2616 4554 Ο
2797 4502 2879 4554 20.
2920 4501 2979 4551 ’21
3042 4519 3159 4570 προ-

435 4585 656 4654 λέγουσιν
693 4583 960 4654 <λέγουσιν>
999 4587 1210 4653 scripsi:
1258 4584 1578 4658 προλέγουσιν
1611 4585 1714 4638 a¹²2
1761 4585 1987 4656 λέγουσιν
2026 4591 2089 4639 V:
2141 4588 2378 4656 <λέγουσι>
2413 4605 2495 4656 πρ.
2534 4587 2686 4656 Casp.
2727 4591 2771 4641 Ο
2952 4587 3015 4639 21
3056 4596 3161 4644 τοῖς

437 4675 522 4726 Es
561 4673 678 4726 Cas.
717 4677 788 4726 O:
842 4674 908 4725 τὰ
943 4681 1048 4730 τοῖς
1073 4677 1138 4724 V=
1193 4674 1256 4725 τὰ
1294 4671 1478 4724 δυνατὰ
1513 4678 1617 4731 τοῖς
1653 4673 1734 4725 a¹²
1947 4674 2011 4725 22
2049 4679 2141 4744 τῆς
2180 4691 2218 4728 s.
2252 4691 2296 4727 v,
2330 4679 2389 4727 V:
2430 4690 2531 4727 om.
2556 4678 2642 4728 Es
2825 4675 2891 4726 23
2928 4679 3020 4742 τῆς
3054 4681 3159 4726 τῶν

437 4760 581 4813 1:8⁸²
603 4759 719 4813 Cau.
898 4759 964 4812 27
1002 4759 1265 4828 τοιαύτην]
1303 4758 1494 4830 ταύτην
1531 4762 1576 4812 O
1757 4759 1819 4812 31
1864 4759 1915 4827 ὃ]
1954 4759 2031 4814 ὅτι
2067 4763 2121 4814 a²
2299 4781 2369 4834 μη
2402 4767 2449 4816 V
2628 4762 2694 4816 32
2742 4762 2789 4814 οἱ
2823 4760 2875 4815 δὲ
2912 4764 2949 4813 S
2991 4761 3157 4814 Lond.

438 4850 508 4900 O:
556 4843 606 4898 δ’
653 4851 774 4899 VH:
814 4862 914 4899 om.
951 4850 1021 4900 B:
1061 4843 1132 4903 δι’
1171 4847 1227 4898 8²
1263 4849 1405 4901 CaS.:
1443 4847 1486 4902 εἰ
1524 4843 1574 4898 δ’
1616 4851 1662 4899 Η
1705 4863 1832 4914 mg.:
1882 4843 1931 4898 δ’
1972 4849 2075 4903 Ea¹
