3684 5567
549 255 674 320 222
1433 255 1610 314 ΑΛΕΞ
1619 255 1887 314 ΑΝΔΡΟΥ
1926 256 2375 314 ΑΦΡΟΔΙΣΙΕΩΣ

657 425 740 490 ἔτι
785 428 836 490 εἰ
889 425 1152 508 ἕκαστον,
1221 431 1304 501 εἰς
1348 431 1386 495 ἃ
1430 434 1724 516 διαιρεῖται
1768 431 2032 509 ἕκαστον,
2098 433 2165 496 ἐκ
2230 433 2448 496 τούτων
2512 430 2937 516 συντιθεμένων
2980 431 3150 493 πάλιν

653 531 885 612 γίνεται,
931 531 1024 614 εἴη
1071 531 1138 596 ἂν
1184 533 1256 596 τὰ
1299 535 1485 604 οὕτως
1516 535 1838 619 διῃρημένα
1884 535 1952 599 ἐκ
1996 534 2352 620 διαιρέσεων,
2397 533 2504 599 οὐκ
2550 536 2617 598 ἐκ
2662 538 2854 619 μερῶν
2899 532 3035 596 οὐδὲ
3078 533 3144 596 ἐκ

655 635 945 716 σωμάτων
1011 638 1372 720 συγκείμενα.
1461 639 1500 722 ἡ
1567 637 1675 721 γὰρ
1721 639 1994 722 διαίρεσις
2037 638 2105 702 οὖ
2150 643 2344 721 σῶμα,
2412 637 2560 701 ἀλλὰ
2614 638 2802 706 πάθος
2854 639 3143 720 σώματος.
3172 651 3230 693 1⁰

659 735 859 802 ἕπεται
905 739 969 802 δὲ
1014 744 1136 809 τοῖς
1179 740 1439 824 λέγουσιν
1484 739 1578 804 ἐπ’
1631 739 1867 824 ἄπειρον
1912 743 2018 825 τὴν
2060 742 2245 825 τομὴν
2297 741 2393 805 καὶ
2438 743 2502 804 τὸ
2554 741 2594 824 ἢ
2648 739 2923 804 ἀδύνατον
2967 739 3147 821 λέγειν

581 859 612 907 5
651 841 840 924 πάντῃ
875 843 1223 926 διαιρεῖσθαί
1247 867 1300 906 τι
1331 849 1504 928 σῶμα
1533 844 1788 929 ἐνεργείᾳ
1813 843 2033 926 (οὕτως
2062 845 2127 908 δὲ
2157 846 2253 907 καὶ
2290 844 2595 927 μίγνυσθαι
2625 841 2699 905 δι’
2742 843 2925 926 ὅλων)
2958 839 3050 926 (ἦ)
3080 842 3145 904 τὸ

653 945 736 1013 εἰς
780 944 992 1029 ἄπειρα
1033 947 1291 1031 ἐνεργείᾳ
1333 947 1682 1031 διαιρεῖσθαι
1724 947 1797 1010 τὰ
1841 951 2105 1029 σώματα.
2182 947 2234 1010 εἰ
2266 949 2370 1031 μὲν
2398 947 2508 1032 γὰρ
2541 946 2801 1028 λέγουσιν
2840 943 2933 1008 ἐπ’
2987 944 3146 1009 ἄπει·

651 1071 750 1132 ρον
795 1047 940 1112 εἶναι
984 1051 1238 1134 διαιρετὰ
1281 1051 1354 1114 τὰ
1399 1054 1646 1130 σώματα
1689 1056 1776 1136 τῷ
1838 1052 2130 1135 μηδέποτε
2196 1050 2506 1115 ἐπιλείπειν
2570 1051 2677 1134 τὴν
2746 1050 2948 1134 τομήν,
3015 1045 3135 1110 ἀλλ’

653 1151 742 1213 ἀεὶ
786 1152 854 1214 ἐκ
899 1157 1013 1215 τῶν
1056 1153 1426 1237 τεμνομένων
1472 1153 1917 1238 περιλείπεσθαί
1952 1178 2006 1217 τι
2050 1154 2363 1237 τέμνεσθαι
2406 1156 2741 1236 δυνάμενον,
2788 1151 2901 1237 οὐχ
2930 1150 3053 1214 οἷόν
3083 1173 3145 1212 τε
3173 1166 3227 1208 1⁵

653 1250 812 1316 ἔσται
859 1258 1084 1338 σώματι
1129 1259 1296 1320 παντὶ
1341 1258 1685 1342 διαιρεῖσθαι
1732 1261 1813 1327 ὥς
1860 1257 2065 1343 μηκέτι
2110 1258 2533 1323 ὑπολείπεσθαί
2572 1281 2622 1321 τι
2653 1256 2714 1326 ἐξ
2744 1256 2923 1320 αὐτοῦ
2960 1254 3143 1338 τομὴν

553 1376 615 1422 10
653 1356 1036 1426 ἀναδέξασθαι
1081 1361 1412 1440 δυνάμενον.
1503 1361 1554 1423 εἰ
1600 1361 1664 1423 δὲ
1707 1365 1897 1436 τοῦτο,
1968 1359 2247 1424 οὐδέποτε
2315 1358 2383 1423 ἄν
2428 1359 2522 1445 εἴη
2579 1361 2652 1424 τὰ
2705 1360 3015 1443 κιρνάμενα
3057 1355 3131 1420 δι’

650 1458 803 1523 ὅλων
834 1462 1178 1546 κεκραμένα,
1211 1465 1264 1526 εἰ
1293 1463 1358 1526 δὲ
1388 1463 1676 1547 κίρνανται
1709 1465 1812 1545 μὲν
1841 1463 1889 1546 †
1918 1463 2209 1546 ἀλλήλοις,
2239 1465 2335 1527 καὶ
2366 1464 2789 1548 παρεκτείνεται
2818 1463 3145 1546 διαιροῦντα

648 1561 875 1647 ἄλληλα
919 1585 960 1626 -x
1006 1586 1046 1626 fl·
1089 1587 1130 1628 -x
1175 1565 1527 1650 διῃρηκέναι,
1573 1570 1656 1635 ὡς
1701 1567 1783 1650 μὴ
1831 1567 2247 1630 ὑπολείπεσθαί
2286 1590 2411 1630 τινα
2453 1566 2646 1630 αὐτῶν
2692 1566 2841 1650 μέρη
2888 1565 2969 1649 μὴ
3016 1567 3135 1648 ὃιῃ-
3162 1579 3219 1621 ⁹⁰

645 1665 888 1748 ρημένα.
979 1667 1125 1730 κατὰ
1169 1669 1276 1753 γὰρ
1320 1668 1392 1732 τὰ
1439 1671 1520 1754 μὴ
1568 1670 1895 1754 διῃρημένα
1936 1670 2169 1734 οὐδέπω
2214 1668 2284 1733 ἄν
2330 1671 2606 1755 ἀλλήλοις
2646 1668 2744 1754 εἴη
2790 1668 3133 1752 κεκραμένα.

650 1769 704 1830 εἰ
750 1771 814 1833 δὲ
857 1769 1073 1853 λέγοιεν
1119 1771 1212 1835 ἐπ’
1266 1772 1503 1858 ἄπειρον
1569 1773 1716 1837 εἶναι
1761 1773 1830 1837 τὰ
1879 1777 2123 1856 σώματα
2168 1776 2441 1859 διαιρετά,
2507 1776 2592 1858 τῷ
2644 1773 2728 1841 εἰς
2772 1770 3008 1855 ἄπειρον
3054 1772 3143 1834 δό-

546 1890 608 1938 15
647 1871 856 1935 νασθαι
897 1874 1239 1958 διαιρεῖσθαι
1270 1875 1390 1958 [τὸ]
1422 1880 1535 1939 πᾶν
1565 1875 1916 1960 διῃρημένον
1948 1881 2141 1960 σῶμα,
2188 1875 2315 1942 κατ’
2356 1875 2566 1945 αὐτοὺς
2595 1875 2689 1961 εἴη
2720 1874 2790 1938 ἂν
2822 1875 2904 1944 εἰς
2933 1874 3143 1958 ἄπειρα

649 1973 904 2059 ἐνεργείᾳ
972 1978 1292 2062 διῃρημένα
1368 1978 1438 2041 τὰ
1503 1979 1829 2063 κεκραμένα
1890 1980 2180 2063 ἀλλήλοις.
2283 1979 2336 2042 εἰ
2401 1980 2512 2063 γὰρ
2580 1980 2770 2062 πάντῃ
2843 1977 3140 2062 κέκραται,
3168 1993 3223 2036 2⁵

648 2079 838 2162 πάντῃ
885 2076 1175 2165 διῄρηται.
1265 2085 1456 2165 πάντῃ
1487 2083 1552 2146 δὲ
1596 2081 1919 2165 διῃρημένα
1964 2105 2005 2144 x-
2048 2103 2089 2142 x-
2134 2105 2174 2144 «ιε
2219 2083 2313 2146 καὶ
2358 2083 2410 2145 εἰ
2456 2083 2561 2167 μὲν
2591 2082 2663 2145 τὰ
2691 2082 2774 2152 εἰς
2804 2081 2843 2144 ἃ
2874 2080 3141 2166 διῄρηται

649 2180 872 2263 μεγέθη
904 2183 1000 2246 καὶ
1031 2183 1196 2260 αὐτά,
1243 2183 1336 2268 εἴη
1373 2185 1380 2270 Ι
1429 2184 1496 2248 ἂν
1527 2185 1768 2248 ἕκαστον
1801 2189 1917 2248 τῶν
1960 2185 2144 2254 οὕτως
2186 2184 2543 2269 μιγνυμένων
2578 2184 2812 2270 ἄπειρον
2845 2185 2941 2267 (τὸ
2985 2183 3091 2268 γὰρ
3138 2191 3246 2248 603

647 2283 708 2352 ἐξ
753 2283 1008 2369 ἀπείρων
1080 2287 1328 2370 μέγεθός
1369 2311 1422 2351 τι
1467 2289 1563 2352 καὶ
1607 2290 1901 2352 διάστασιν
1970 2287 2226 2373 ἐχόντων
2296 2288 2660 2370 συγκείμενον
2728 2288 2989 2372 ἄπειρον·
3058 2288 3137 2370 γί-

539 2405 607 2452 20
642 2407 799 2449 νεται
841 2388 948 2471 γὰρ
995 2389 1266 2473 ἑκάτερον
1295 2394 1410 2452 τῶν
1457 2390 1826 2474 κεκραμένων
1873 2391 1933 2462 ἐξ
1978 2393 2229 2477 ἀπείρων
2263 2391 2511 2474 μέγεθός
2554 2417 2607 2456 τι
2650 2392 2932 2477 ἐχόντων,
2976 2391 3037 2455 εἴ
3072 2415 3138 2474 γε

647 2491 731 2559 εἰς
776 2489 814 2552 ἃ
859 2491 1128 2575 τέμνεταί
1151 2515 1203 2554 τι
1233 2494 1330 2556 καὶ
1361 2495 1703 2576 συγκεῖσθαι
1733 2495 1874 2559 αὐτὸ
1905 2495 1971 2558 ἐκ
2000 2495 2217 2558 τούτων
2251 2496 2579 2578 ἀναγκαῖον,
2626 2495 2995 2579 συμβαίνοιτο
3023 2493 3142 2579 (δ’)
3192 2512 3223 2554 ε

645 2592 713 2656 ἂν
761 2594 914 2658 οὕτω
959 2596 1052 2658 καὶ
1097 2597 1279 2658 πλείω
1325 2594 1393 2659 ἂν
1439 2597 1584 2660 εἶναι
1652 2600 1901 2682 σώματα
1943 2595 2091 2661 ἄλλα
2136 2595 2395 2682 ἄπειρα),
2456 2598 2510 2660 εἰ
2562 2599 2627 2661 δὲ
2672 2598 2754 2681 μὴ
2802 2597 3023 2682 μεγέθη
3067 2599 3137 2661 τὰ

647 2697 1074 2780 ὑπολειπόμενα
1115 2699 1200 2767 εἰς
1243 2697 1281 2761 ἃ
1325 2700 1364 2782 ἡ
1409 2701 1559 2783 τομὴ
1605 2704 1722 2763 τῶν
1768 2702 1956 2783 πάντῃ
2004 2701 2370 2785 διῃρημένων
2424 2700 2525 2783 (οὖ
2577 2699 2688 2785 γὰρ
2732 2701 2806 2784 δὴ
2853 2701 3135 2786 ἐλάχιστά

647 2823 768 2864 τινα
813 2801 1041 2886 ἐροῦσιν
1086 2801 1234 2865 εἶναι
1277 2804 1373 2866 καὶ
1419 2803 1715 2887 ἀδιαίρετα
1758 2803 2052 2887 σώματα),
2121 2803 2213 2888 ε’ίη
2270 2803 2338 2867 ἂν
2382 2802 2578 2872 αὐτοῖς
2628 2804 2693 2866 τὸ
2741 2804 2988 2888 μέγεθος
3030 2803 3136 2866 οὐκ

547 2922 613 2972 25
651 2903 718 2966 ἐκ
763 2905 1030 2988 μεγεθῶν
1075 2907 1466 2990 συγκείμενον,
1534 2903 1586 2992 ᾧ
1638 2907 1837 2970 ἕπεται
1880 2909 1946 2970 τὸ
2013 2909 2111 2970 καὶ
2152 2911 2258 2991 τῆς
2300 2913 2571 2991 γραμμῆς
2637 2905 2785 2989 μέρη
2836 2906 3022 2990 λέγειν
3066 2906 3137 2968 τὰ

541 3017 622 3069 IX
658 3013 888 3091 σημεῖα.
961 3008 1096 3079 Πῶς
1141 3011 1206 3073 δὲ
1250 3009 1557 3082 σωζόντων
1603 3011 1724 3074 ἐστὶ
1755 3011 1859 3094 τὴν
1904 3012 2034 3095 περὶ
2078 3012 2341 3093 κράσεως
2385 3011 2579 3094 κοινὴν
2610 3008 2896 3094 πρόληψιν
2940 3010 3005 3073 τὸ
3049 3009 3137 3071 λέ·
3168 3025 3223 3068 ιο

643 3134 760 3194 γειν
805 3113 900 3174 καὶ
943 3113 1047 3196 τὴν
1093 3111 1205 3182 ἕξιν
1251 3117 1370 3183 τοῖς
1415 3111 1649 3198 ἔχουσιν
1693 3112 1874 3197 αὐτὴν
1922 3113 2231 3198 μεμῖχθαι,
2278 3113 2373 3178 καὶ
2415 3114 2521 3196 τὴν
2565 3112 2735 3196 φύσιν
2780 3118 2898 3181 τοῖς
2940 3116 3139 3196 φυτοῖς

647 3215 739 3277 καὶ
783 3217 849 3277 τὸ
893 3219 1022 3299 φῶς
1049 3220 1135 3300 τῷ
1170 3215 1295 3301 ἀέρι
1339 3218 1437 3279 καὶ
1479 3217 1583 3300 τὴν
1615 3217 1810 3301 ψυχὴν
1857 3221 1941 3301 τῷ
1978 3220 2225 3300 σώματι,
2272 3214 2334 3278 εἴ
2352 3239 2418 3299 γε
2462 3216 2765 3299 κιρνᾶσθαι
2810 3217 2915 3298 μὲν
2954 3215 3138 3299 προεί·

642 3321 857 3403 ληπται
885 3318 1008 3404 (τὰ)
1042 3319 1170 3383 κατ’
1215 3321 1356 3383 ἰδίαν
1389 3320 1499 3404 πρὸ
1531 3325 1637 3404 τῆς
1664 3322 1926 3404 κράσεως
1958 3320 2274 3404 ὑφεστάναι
2314 3321 2631 3403 δυνάμενα;
2676 3321 2775 3384 διὰ
2803 3323 2973 3384 τοῦτο
3003 3321 3137 3401 γοῦν

537 3441 607 3490 3ο
643 3425 738 3487 καὶ
783 3422 952 3486 αὐτοί
991 3445 1131 3508 φασι
1177 3423 1248 3486 τὰ
1293 3423 1618 3507 κεκραμένα
1664 3423 2027 3509 χωρίζεσθαι
2072 3425 2241 3486 πάλιν
2288 3423 2585 3498 δύνασθαι,
2652 3425 2747 3487 καὶ
2791 3423 2973 3506 ταύτῃ
3019 3423 3137 3486 δια·
3168 3437 3220 3478 Ιὸ

644 3527 840 3612 φέρειν
908 3531 1108 3610 κρᾶσιν
1154 3527 1494 3613 συγχύσεώς
1539 3551 1599 3590 τε
1643 3529 1737 3590 καὶ
1804 3529 2137 3612 φθάρσεως.
2226 3523 2361 3589 οὔτε
2426 3525 2541 3595 ἕξις
2598 3549 2681 3594 τις
2725 3528 2989 3610 χωριστὴ
3034 3529 3137 3589 τοῦ

645 3628 883 3714 ἔχοντος
928 3629 1130 3714 αὐτήν,
1199 3633 1280 3699 ὡς
1325 3628 1459 3694 καθ’
1516 3631 1696 3715 αὑτὴν
1742 3629 1887 3694 εἶναι
1934 3630 2235 3707 δύνασθαι,
2302 3626 2436 3691 οὔτε
2480 3629 2519 3712 ἡ
2567 3634 2679 3690 τῶν
2724 3635 2921 3712 φυτῶν
2965 3628 3137 3713 φύσις

642 3733 826 3818 χωρὶς
869 3735 1070 3816 φυτῶν
1115 3733 1396 3817 ὑποσταίη
1443 3731 1568 3796 ποτ’
1625 3733 1713 3797 ἄν.
1789 3733 1855 3796 τό
1901 3757 1963 3796 τε
2007 3738 2135 3818 φῶς
2179 3737 2304 3801 πῶς
2348 3730 2471 3794 οἷόν
2516 3755 2577 3794 τε
2622 3729 2923 3816 ἐπινοῆσαι
2951 3754 3136 3815 κεχω·

640 3834 909 3918 ρισμένον
977 3840 1092 3897 τῶν
1159 3837 1455 3920 διαφανῶν
1504 3837 1822 3919 σωμάτων;
1891 3834 2010 3899 ἀλλ’
2067 3832 2189 3897 οὐδ’
2244 3836 2285 3918 ἡ
2331 3834 2495 3919 ψυχὴ
2540 3839 2815 3911 τοιοῦτον,
2884 3837 2966 3903 ὡς
3009 3833 3130 3895 οἷόν

536 3957 601 4005 35
641 3961 724 4015 τε,
769 3935 832 3999 εἴ
851 3960 917 4019 γε
962 3937 1114 4006 εἶδος
1159 3936 1360 4002 ἔνυλον
1406 3939 1520 4024 οὐχ
1565 3939 1688 4002 οἷόν
1717 3962 1780 4002 τε
1810 3937 1955 4002 εἶναι
1998 3938 2183 4023 χωρὶς
2228 3937 2368 4022 ὕλης
2410 3960 2474 4000 τε
2520 3939 2615 4001 καὶ
2647 3940 2934 4020 σώματος.
3010 3931 3131 3998 ἀλλ’
3166 3951 3224 3993 νο

636 4041 772 4104 οὐδὲ
816 4042 881 4103 τὸ
926 4045 1039 4125 πῦρ
1084 4047 1169 4126 τῷ
1217 4041 1461 4126 σιδήρῳ,
1532 4043 1690 4105 καθά
1732 4062 1895 4126 φασι,
1963 4041 2245 4124 μίγνυται,
2316 4041 2517 4125 ὥσπερ
2582 4039 2721 4104 οὐδὲ
2764 4045 2884 4109 τοῖς
2928 4043 3139 4122 χυμοῖς

531 4257 566 4308 4
610 4255 642 4327 ἢ
691 4255 790 4308 dcl.
837 4255 1000 4308 Ideler
1280 4255 1312 4308 5
1358 4255 1436 4328 (ἢ)
1480 4256 1540 4309 τὸ
1590 4257 1798 4326 scripsi:
1855 4257 1913 4310 τὸ
1964 4257 2110 4310 iibri:
2165 4256 2242 4326 τῷ·
2288 4255 2449 4324 Apelt
2729 4255 2759 4306 9
2804 4252 2975 4322 παντὶ]
3030 4252 3247 4306 fortasse

531 4346 730 4414 πάντῃ
978 4347 1098 4411 post
1143 4362 1189 4396 τι
1229 4347 1298 4396 A¹
1350 4344 1449 4397 dol.
1493 4341 1756 4413 τέμνεσθαι
1793 4344 2069 4412 δυνάμενον
2324 4345 2379 4395 11
2420 4343 2645 4415 κίρναται
2682 4345 2725 4394 Β
2952 4342 3170 4395 fortasse
3206 4341 3253 4394 tl

529 4451 596 4502 γε
632 4434 860 4502 κίρναται
896 4431 1074 4499 μόνα,
1113 4432 1190 4496 (ἃ)
1225 4431 1459 4503 ἀλλήλοις
1494 4433 1580 4484 καὶ
1605 4450 1814 4504 παρεκτ.
2030 4433 2431 4503 παρεκτείνονται
2460 4450 2493 4484 ει
2709 4431 2771 4483 12
2826 4429 3045 4484 fortasse
3090 4429 3245 4500 ἄλλη·

529 4519 610 4588 λα,
648 4519 912 4585 <dativa-:ov
951 4519 1004 4572 δὲ
1041 4519 1208 4578 οὕτως
1233 4519 1449 4591 ἄλληλα)
1696 4521 1987 4591 διῃρηκέναι
2025 4520 2123 4573 del.
2152 4520 2343 4574 Idelert
2382 4522 2468 4573 καὶ
2517 4521 2790 4591 διῃρημένα
2837 4519 2997 4587 Apelt

539 4609 600 4660 13
657 4613 776 4678 post
819 4627 962 4678 κεκρ.
1001 4609 1239 4661 lacunam
1279 4609 1387 4661 ind.
1427 4609 1682 4661 Caninius
1938 4609 2000 4661 15
2037 4607 2095 4660 τὸ
2142 4608 2239 4660 del.
2278 4607 2535 4660 Schwartz
2778 4605 2837 4659 17
2890 4608 3124 4660 lacunam
3165 4607 3243 4658 in-

533 4697 727 4748 dicavit
775 4696 936 4749 ldeler
1113 4695 1174 4747 21
1217 4691 1272 4747 δ’
1320 4695 1494 4748 addidi
1673 4695 1738 4748 29
1775 4697 1839 4748 τὰ
1877 4696 1996 4749 add.
2035 4695 2292 4748 Schwartz
2470 4695 2531 4747 31
2591 4695 2749 4768 χωρὶς
2784 4695 3041 4747 ΒΟΡΒὸι

533 4783 600 4835 32
649 4783 854 4837 δὺναται
891 4783 1052 4836 Ideler
1228 4782 1312 4836 34.
1341 4783 1408 4836 35
1445 4783 1548 4835 οἷόν
1577 4783 1656 4853 τε]
1691 4785 1912 4838 fortasse
1949 4783 2191 4836 οἴονται
2368 4782 2435 4836 35
2472 4783 2592 4836 εἶναι
2628 4798 2727 4836 om.
2766 4785 2845 4836 Rs
3023 4781 3089 4835 36
3128 4795 3244 4852 φασι

530 4873 742 4940 scripsi:
783 4886 913 4942 φησι
955 4874 1075 4927 libri
