3684 5567
588 229 704 268 xm
1677 229 2227 284 ADDITAMENTUM

589 401 654 454 22
692 401 848 470 αὐτῆς
920 402 985 455 28
1020 421 1074 454 τε
1114 399 1140 471 Η
1181 404 1266 455 καὶ
1303 418 1402 456 om.
1475 403 1598 468 73,2
1635 410 1762 457 κινεῖ
1791 401 1880 471 τὰ]
1918 409 2125 456 κινεῖται
2180 405 2215 457 4
2252 405 2377 474 κέρα
2418 401 2443 472 Η
2483 400 2573 457 οἶδ’
2614 405 2691 457 ἐπ.
2754 406 2785 458 6
2824 406 2929 475 ἔχει
2994 406 3058 459 10
3094 404 3165 463 οἷς
3200 411 3294 458 πᾶ-

587 504 662 540 σιν
706 487 758 549 ἐξ
834 489 897 541 14
944 507 1020 558 pr.
1055 491 1141 542 καὶ
1187 505 1284 543 om.
1373 492 1435 546 16
1481 491 1640 543 καίειν
1685 490 1744 543 ἂν
1789 491 1946 543 καίειν
1986 488 2011 559 Η
2052 489 2111 544 τὸ
2158 509 2221 544 ex
2268 492 2350 544 sil.
2435 492 2501 544 29
2546 491 2643 544 οὒκ
2693 491 2819 544 ἄλλα
2889 493 3016 556 74,1
3058 493 3090 562 ἠ
3143 494 3295 560 ἰκμὰς

587 577 634 629 2.
673 576 705 628 3
753 576 850 630 ἀπὸ
893 578 1089 632 τούτων
1127 579 1262 637 εἰκός
1338 580 1398 632 16
1436 579 1528 650 τὴν
1567 596 1611 632 σ.
1685 578 1746 630 21
1787 584 1885 630 πᾶν
1934 585 2008 631 τῶ
2084 579 2149 632 27
2187 578 2364 650 σιδηρή
2412 598 2485 638 τις
2524 577 2552 650 Η
2590 577 2643 640 ἐξ
2681 580 2949 650 ίκασμένης
3019 581 3145 644 75,7
3187 581 3295 633 ἐπεὶ

585 663 620 717 8
655 665 735 717 ἐπὶ
800 665 859 718 17
897 665 960 736 ἦν
1025 665 1089 719 18
1126 664 1254 737 αὕτη
1320 667 1382 720 19
1420 665 1582 725 εἴδους
1640 666 1708 720 28
1745 667 1961 735 ἑκάστην
2008 683 2071 720 ex
2108 667 2191 720 sil.
2264 667 2333 722 30
2368 669 2565 739 λέγεται
2623 667 2691 722 33
2728 669 2812 721 ἐπὶ
2883 669 3001 734 76,6
3040 669 3145 740 ζωὴ
3184 669 3296 739 ἣτις
3386 673 3397 680 “

592 752 648 806 11
689 753 724 822 ἡ
759 753 898 825 ψυχὴ
966 752 1028 805 17
1065 761 1138 806 τῶ
1175 762 1376 825 φυσικῶ
1437 755 1503 807 23
1540 773 1594 807 τε
1631 755 1718 807 καὶ
1755 757 1977 812 στάσεως
2010 771 2112 808 om.
2176 755 2240 808 26
2280 755 2341 807 ἂν
2376 771 2476 809 om.
2506 753 2531 827 Η
2574 755 2719 824 οὖσα]
2758 755 2903 810 οὔπω
2975 757 3095 822 77,2
3129 755 3295 826 λέγων

586 839 675 907 μὲν
738 841 800 892 17
838 841 933 912 πρὸ
969 857 1070 895 om.
1145 841 1264 908 78,2
1299 841 1538 913 διαφορὰν
1575 859 1640 895 ex
1667 842 1750 895 sil.
1813 843 1844 896 6
1882 841 1914 913 ἢ
1983 843 2046 896 14
2082 843 2236 896 ταυτὸ
2303 844 2365 897 17
2403 844 2471 902 είς
2496 849 2572 896 τῶ
2632 845 2700 897 24
2738 844 2789 897 ἓν
2828 844 3015 902 ἁπλοῦς
3088 845 3205 908 79,5
3243 845 3297 897 αἱ

583 925 665 994 τὸ]
716 929 802 981 καὶ
838 926 896 980 τὸ
974 927 1007 981 8
1045 929 1194 998 μέρος
1276 928 1307 981 9
1345 929 1457 995 σὺν]
1505 934 1622 982 νοῦν
1688 931 1747 982 17
1796 928 1949 983 αὐτὸν
1984 928 2061 982 οὗ.
2158 931 2349 993 81,17.
2392 931 2455 983 18
2500 931 2543 985 εἰ
2634 930 2700 984 28
2748 935 2839 998 μὲν
2880 931 2914 1000 ἡ
2994 932 3131 998 82,3
3182 948 3295 984 συν-

585 1013 721 1068 τελοῖ
755 1015 787 1084 ἠ
868 1016 927 1068 17
967 1016 1086 1081 εἶεν]
1123 1016 1165 1068 εί
1189 1016 1242 1067 ἓν
1321 1017 1390 1070 20
1425 1014 1554 1087 αὕτη
1633 1016 1700 1070 26
1751 1023 1954 1086 πρῶτον
2032 1016 2101 1069 30
2142 1017 2266 1090 ὑπὲρ
2344 1017 2467 1084 83,2
2502 1017 2629 1088 αὐτὴ
2668 1033 2796 1072 corr.
2834 1035 2897 1071 ex
2934 1017 3062 1092 αὕτη
3140 1020 3201 1074 15
3240 1039 3296 1089 γε

585 1103 798 1173 νομένην
846 1102 872 1156 ὁ
912 1109 1003 1172 μὲν
1049 1103 1113 1173 ἠν
1163 1101 1350 1172 ὁμοίως
1441 1105 1506 1157 26
1552 1102 1610 1156 οὗ
1657 1104 1746 1156 καὶ
1790 1110 1895 1156 τῶν
1968 1104 2031 1157 31
2084 1103 2245 1165 δείξας
2289 1104 2401 1176 δῆτι
2446 1107 2517 1176 μὴ
2607 1105 2675 1159 35
2730 1105 2789 1158 οὒ
2835 1121 2934 1159 om.
3014 1106 3100 1172 84,
3122 1107 3187 1160 26
3232 1108 3294 1160 ἀν

582 1189 674 1259 τὴν
723 1190 861 1258 (sic)
951 1190 1088 1257 85,ss
1137 1191 1322 1245 οἴονται
1373 1189 1425 1244 δὲ
1519 1190 1582 1243 19
1638 1189 2006 1263 ὑπερθεμένους
2095 1191 2164 1244 32
2212 1192 2333 1259 ὑπὸ]
2378 1193 2460 1246 ἐπὶ
2548 1193 2615 1246 34
2670 1191 2703 1263 ἢ
2748 1199 2826 1246 τῶ
2914 1194 3052 1260 86,2
3106 1195 3187 1247 ἐπὶ
3232 1195 3297 1247 τὰ

584 1277 617 1330 8
662 1280 740 1347 τῷ
789 1279 910 1332 εἶναι
953 1279 1013 1332 τὸ
1060 1279 1110 1333 δὲ
1201 1279 1268 1333 23
1313 1281 1355 1332 εί
1437 1280 1504 1334 24
1553 1277 1812 1351 αίσθησείη
1906 1281 1973 1334 26
2018 1281 2188 1350 ἐαυτῷ
2269 1279 2338 1334 30
2392 1285 2483 1348 μὲν
2565 1281 2631 1334 35
2681 1283 2887 1354 πάσχειν
2970 1282 3091 1346 87,2
3128 1281 3296 1354 φθορά

583 1364 617 1417 3
665 1369 735 1430 (et
783 1366 864 1430 10)
913 1369 1200 1437 προσιόντος
1287 1368 1353 1421 10
1389 1365 1422 1437 ἢ
1508 1367 1570 1420 12
1606 1369 1671 1420 τὰ
1717 1365 1885 1437 φθορὰ
1962 1367 2028 1422 23
2071 1369 2169 1435 ἀεὶ]
2218 1369 2271 1422 δε
2318 1371 2395 1422 sic
2465 1369 2595 1434 88,5
2642 1369 2769 1439 οἶόν]
2806 1369 2881 1422 δι’
2922 1368 2978 1422 δν
3067 1371 3130 1424 13
3176 1371 3203 1424 ὁ
3241 1371 3297 1425 δὲ

589 1453 650 1506 19
687 1452 720 1523 ἢ
757 1455 789 1524 ἡ
865 1455 924 1506 21
966 1455 998 1524 ἢ
1037 1455 1081 1508 εί
1153 1455 1221 1508 24
1257 1455 1326 1513 είς
1350 1455 1409 1507 τὸ
1483 1455 1548 1508 25
1586 1455 1930 1528 ἐνδεχομένων
2004 1457 2070 1508 27
2104 1457 2189 1509 καὶ
2212 1472 2312 1510 om.
2374 1457 2442 1510 33
2466 1461 2557 1510 τοῦ
2581 1472 2679 1510 om.
2712 1455 2739 1527 Η
2766 1456 2969 1512 ἔπεσθαι
3030 1457 3143 1526 89,1
3174 1459 3296 1514 ὓπο-

585 1538 775 1599 θέσεως
834 1541 867 1594 3
905 1541 984 1613 ἤει
1041 1545 1074 1595 4
1113 1543 1144 1610 ἢ
1203 1543 1232 1596 7
1275 1545 1358 1596 καὶ
1395 1543 1438 1595 εί
1502 1542 1563 1596 16
1601 1549 1698 1595 πᾶν
1723 1549 1827 1596 τῶν
1895 1545 1955 1596 17
1993 1545 2025 1614 ἢ
2090 1543 2158 1598 30
2193 1544 2410 1598 ἐκλίπειν
2452 1544 2476 1614 Η
2518 1543 2659 1598 αὑτοὶ
2684 1561 2749 1598 ex
2774 1547 2855 1599 sil.
2916 1546 2985 1600 33
3022 1547 3295 1618 μηδέτερον

583 1629 704 1694 90,5
741 1627 970 1702 αἴσθησιν
995 1630 1178 1701 ἔχομεν
1243 1631 1274 1684 6
1311 1637 1414 1684 τῶν
1440 1631 1514 1700 μὴ
1579 1631 1643 1683 12
1669 1631 1756 1683 alt.
1789 1631 1973 1701 ἔχομεν
2010 1629 2240 1702 αἴσθησιν
2276 1648 2343 1685 ex
2366 1633 2447 1685 sil.
2514 1633 2577 1686 18
2614 1633 2845 1704 ἀντικρὺς
2870 1651 2935 1687 ex
2960 1633 3039 1687 sil.
3081 1633 3105 1706 Η
3147 1639 3295 1688 τοῦτο

583 1715 754 1782 91,15
789 1717 843 1771 δὲ
881 1734 980 1771 om.
1055 1717 1124 1770 30
1159 1717 1405 1789 ἀναλήψει
1476 1718 1539 1772 31
1581 1717 1708 1788 αὕτη
1747 1717 1846 1789 ἤδη
1922 1718 2058 1784 92,2
2098 1717 2227 1790 αὕτη
2264 1719 2297 1790 ἡ
2378 1718 2455 1771 10.
2500 1722 2557 1772 11
2599 1719 2746 1773 αὗται
2822 1722 2884 1774 14
2921 1723 2997 1792 εἴη
3079 1723 3140 1775 17
3178 1721 3295 1793 ἔὲην

580 1803 664 1856 27.
691 1805 760 1857 28
795 1811 1083 1880 κεχρῶσται
1155 1805 1222 1860 33
1259 1807 1346 1858 καὶ
1383 1807 1514 1876 λέγει
1587 1805 1741 1870 93,19
1779 1807 1838 1859 τὸ
1877 1804 2123 1877 αίσθητὸν
2187 1808 2252 1861 26
2290 1805 2549 1877 αἰσθητῶν
2624 1808 2743 1872 94,9
2781 1808 2833 1861 δὲ
2870 1809 2941 1878 μὴ
3021 1809 3082 1862 13
3128 1828 3295 1882 κεχω-

580 1893 807 1961 ρισμένον
873 1894 935 1947 18
973 1895 1016 1947 εί
1079 1895 1147 1949 20
1180 1895 1213 1964 ἢ
1242 1896 1357 1964 μίαν
1397 1893 1422 1964 Η
1463 1896 1496 1965 ἠ
1536 1898 1608 1960 (et
1633 1895 1715 1947 21.
1743 1894 1825 1947 22.
1854 1894 1941 1958 23)
2012 1896 2079 1948 22
2117 1895 2205 1949 οὖν
2242 1896 2328 1949 καὶ
2364 1895 2471 1948 δυσὶ
2534 1895 2600 1950 26
2627 1894 2754 1967 αὕτη
2818 1895 2929 1960 95,1
2974 1895 3297 1951 αἰσθάνεσθαι

577 1979 608 2031 7
651 1979 828 2041 ἔδειξεν
865 1981 968 2034 οῖον
1005 2002 1059 2036 τε
1099 1983 1169 2054 μὴ
1209 1981 1380 2051 ὅμοιόν
1415 2000 1470 2036 τε
1509 2002 1586 2053 κρ.
1627 1984 1714 2041 τὰς
1787 1983 1821 2034 8
1860 1981 1956 2052 μὴ]
1994 1983 2027 2050 ἣ
2069 1982 2095 2053 Η
2136 1982 2169 2054 ἢ
2208 1983 2280 2053 μὴ
2318 1981 2369 2034 ἕν
2442 1983 2519 2035 11.
2553 1984 2615 2036 12
2652 1983 2793 2036 οὐδὲν
2832 1983 2953 2037 ἄλλο
3020 1985 3087 2038 25
3124 1986 3296 2038 ἀνακι-

577 2068 739 2137 νήσεις
801 2070 867 2122 29
903 2069 1048 2124 τόνδε
1108 2071 1177 2124 30
1213 2069 1409 2140 αὒτῷἥ
1471 2070 1534 2124 31
1564 2070 1644 2140 τῷ
1665 2089 1719 2123 τε
1781 2071 1850 2123 32
1888 2069 2165 2143 ἀδιαίρετον
2227 2071 2311 2124 36.
2338 2070 2403 2123 37
2444 2070 2683 2123 ἐναντίων
2758 2071 2877 2136 96,8
2914 2073 3004 2140 μὲν
3029 2072 3105 2142 εἴη
3173 2073 3237 2125 10
3260 2074 3294 2143 ἡ

578 2159 664 2221 (ex
707 2159 858 2221 corr.)
895 2159 984 2225 μία
1050 2161 1114 2212 12
1149 2156 1192 2230 ᾦ
1263 2159 1330 2212 24
1378 2159 1773 2231 κεχωρισμένων
1835 2157 1905 2211 36
1950 2161 2013 2211 τὰ
2050 2173 2149 2212 om.
2216 2159 2280 2211 37
2322 2158 2451 2224 οἷον]
2498 2155 2558 2211 δι’
2598 2157 2653 2211 ὅν
2728 2157 2841 2224 97,1
2884 2160 2946 2212 τὰ
2983 2175 3081 2212 om.
3120 2177 3185 2214 ex
3211 2163 3293 2214 sil.

578 2242 820 2323 §ewam
857 2245 1042 2300 δίδοται
1107 2246 1170 2299 15
1209 2248 1296 2314 μία
1333 2262 1434 2299 om.
1508 2246 1576 2300 20
1612 2245 1710 2314 διὰ]
1748 2247 1886 2300 κατὰ
1960 2246 2166 2300 28-29
2204 2246 2637 2317 κρῖναι-ἐναντία
2678 2261 2778 2300 om.
2852 2245 2915 2299 31
2958 2264 3033 2317 pr.
3059 2247 3141 2314 τὸ]
3176 2267 3224 2302 τι
3262 2247 3291 2320 Η

583 2335 628 2367 ω

577 2386 748 2440 ταῦτῶ
807 2387 876 2440 34
913 2387 970 2440 τὸ
996 2387 1166 2456 μέντοι
1237 2387 1358 2452 98,3
1384 2387 1482 2457 ἔτι]
1519 2388 1621 2442 ἐστι
1681 2387 1729 2442 5.
1757 2387 1789 2439 6
1812 2389 1846 2458 ἠ
1874 2386 2135 2457 δυναμιςῆ
2200 2389 2265 2440 22
2304 2386 2403 2441 ἀπὸ
2430 2391 2521 2440 τοῦ
2582 2387 2647 2440 29
2674 2386 2770 2458 ἔχη
2831 2388 2899 2442 30
2934 2390 2968 2459 ἡ
3027 2387 3147 2456 99,9
3175 2389 3293 2459 γλυ-

577 2476 674 2542 κὴν
739 2477 801 2528 12
825 2475 1034 2546 λέγομεν
1063 2477 1095 2546 ἡ
1123 2475 1180 2528 τὸ
1205 2481 1296 2529 τοῦ
1361 2476 1428 2528 24
1465 2475 1714 2544 πλυνομεν
1741 2475 1867 2529 αὐτὸ
1928 2475 1995 2530 34
2025 2477 2111 2529 καὶ
2136 2474 2434 2546 μεταβολαῖς
2509 2475 2660 2540 100,2
2686 2476 2747 2546 ἦν
2808 2477 2841 2528 4
2868 2476 2937 2534 είς
2960 2492 3059 2530 om.
3126 2479 3189 2530 14
3216 2476 3295 2530 ὅτι

583 2563 644 2616 15
681 2562 734 2616 δὲ
796 2565 862 2617 22
899 2563 978 2617 διὰ
1015 2580 1114 2617 om.
1187 2562 1254 2617 23
1291 2561 1434 2617 ὕδατι
1468 2565 1500 2633 ἢ
1540 2563 1742 2617 τιθέντα
1823 2563 1989 2629 101,8
2025 2565 2078 2616 αἱ
2114 2563 2493 2632 ἀπολυωνυμίαι
2569 2563 2633 2616 10
2669 2561 2967 2616 ὑποτιθέντα
3043 2566 3099 2617 11
3140 2567 3295 2635 πέρας

575 2667 625 2703 τι
702 2651 764 2704 13
801 2652 937 2723 profi}
1004 2651 1068 2704 16
1108 2651 1187 2705 διὰ
1211 2657 1302 2706 τοῦ
1368 2653 1430 2706 19
1468 2659 1544 2704 τῶ
1571 2651 1641 2711 ὡς
1704 2653 1770 2706 22
1805 2654 1838 2723 ἠ
1882 2653 1952 2724 μὴ
2033 2651 2182 2715 102,2
2220 2651 2280 2704 ἂν
2306 2668 2372 2704 ex
2396 2651 2479 2704 sil.
2543 2649 2574 2702 6
2613 2650 2672 2704 οὒ
2735 2653 2793 2704 11
2834 2653 2893 2704 τὸ
2917 2657 3015 2704 πᾶν
3040 2652 3079 2705 L
3160 2654 3222 2706 12
3246 2672 3298 2705 τι

576 2738 646 2790 L·
681 2737 707 2808 Η
749 2741 896 2811 μέρος
921 2741 986 2794 L:
1027 2742 1208 2812 μέρους
1233 2741 1301 2794 L·
1373 2741 1435 2793 13
1475 2747 1680 2794 κακεῖνο
1717 2740 1778 2811 ἧς
1803 2741 1873 2794 L·
1948 2739 2011 2793 15
2050 2740 2125 2809 εἴη
2154 2756 2253 2793 om.
2280 2739 2321 2792 L
2350 2738 2376 2810 Η
2418 2735 2495 2807 ἐφ’
2534 2735 2576 2809 ᾦ
2604 2739 2671 2792 L·
2744 2740 2803 2792 17
2842 2759 2897 2808 μ.
2935 2740 3105 2793 αὐτῶν
3130 2740 3197 2794 L:
3237 2759 3293 2810 μ.

577 2827 731 2881 αὐτοῦ
756 2829 825 2882 L·
859 2827 883 2899 Η
925 2830 957 2897 ἡ
995 2831 1105 2882 ἀντὶ
1140 2833 1231 2883 τοῦ
1264 2829 1334 2883 L=
1375 2830 1451 2900 εἴη
1490 2829 1598 2882 ἄντι
1631 2828 1700 2881 L·
1737 2828 1761 2899 Η
1802 2828 1882 2895 ὃν]
1920 2828 1947 2882 ὃ
1973 2829 2041 2883 L:
2089 2827 2143 2882 ὃν
2169 2827 2237 2880 L·
2310 2828 2375 2882 18
2412 2827 2893 2898 εί-πεπερασμένον
2931 2842 3033 2881 om.
3058 2829 3125 2882 L:
3174 2831 3293 2882 exh.

577 2914 646 2967 L⁸
713 2916 782 2970 20
815 2918 864 2969 τί
898 2917 1002 2970 ἐστι
1023 2917 1092 2970 L:
1127 2936 1202 2977 τις
1236 2917 1306 2975 είς
1341 2935 1390 2970 τι
1415 2917 1484 2970 L·
1518 2915 1543 2988 Η
1585 2915 1737 2970 αὐτὸν
1775 2916 1829 2970 ὃν
1855 2917 1924 2971 Lx
1963 2917 2019 2969 ὃν
2048 2917 2115 2969 L·
2188 2917 2249 2970 21
2291 2911 2389 2968 ὕπ’
2417 2915 2572 2968 αὺτοῦ
2600 2915 2689 2968 L⁸:
2728 2911 2819 2984 ὑφ’
2846 2915 2999 2969 αὑτοῦ
3026 2917 3067 2970 L
3143 2917 3209 2970 22
3246 2935 3295 2969 τι

575 3006 724 3056 τοῦτο
752 3004 817 3056 La
855 3004 908 3058 δέ
947 3006 1078 3058 ἐστιν
1115 3006 1164 3057 τί
1197 3005 1328 3058 ἐστιν
1365 3003 1422 3058 ὃν
1448 3009 1538 3058 τοῦ
1575 3023 1629 3057 τε
1655 3003 1726 3057 L⁸
1795 3004 1863 3058 23
1902 3005 2005 3058 είσο
2044 3004 2133 3072 (cf.
2160 3020 2325 3058 meam
2362 3005 2734 3067 coniecturam)
2807 3005 2874 3058 28
2910 3005 3175 3077 ἐπιστητοῦ
3199 3005 3293 3059 L⁸:

575 3093 850 3164 ἐπικτήτου
887 3093 926 3146 L
979 3091 1005 3164 Η
1051 3092 1148 3162 τῷ]
1186 3097 1277 3145 τοῦ
1348 3091 1414 3145 29
1462 3092 1521 3146 τὸ
1571 3107 1670 3145 om.
1707 3091 1777 3145 L⁸
1813 3089 1840 3162 Η
1900 3094 2221 3162 τεταγμένως
2255 3091 2323 3145 Lz
2376 3093 2679 3161 τεταγμένον
2715 3091 2785 3145 L·
2868 3091 3019 3158 103,2
3055 3092 3115 3146 οὒ
3151 3095 3295 3166 χάρις

575 3182 608 3234 4
645 3185 794 3234 τοῦτο
834 3197 898 3234 ex
936 3181 1017 3234 sil.
1085 3181 1115 3233 7
1151 3178 1288 3241 τάξιν
1347 3179 1381 3232 8
1416 3180 1509 3251 τὴν
1545 3177 1598 3232 δὲ
1633 3179 1718 3233 ἀπ.
1786 3179 1855 3232 20
1892 3178 2034 3232 ἄλλω
2107 3180 2169 3232 21
2210 3179 2359 3238 οὗτος
2398 3178 2423 3249 Η
2464 3181 2531 3232 de
2566 3180 2869 3234 emblemate
2906 3180 2971 3233 cf.
2998 3180 3292 3234 adnotatio-

573 3284 692 3321 nem
765 3268 836 3322 30
871 3267 1038 3321 τοΰτω
1113 3267 1176 3320 31
1217 3266 1328 3336 δυο]
1376 3265 1423 3319 δι
1497 3268 1652 3333 104,1
1706 3266 1940 3337 ἀπείρους
1984 3267 2111 3319 εἶναι
2155 3268 2243 3324 τὰς
2320 3268 2381 3320 12
2419 3264 2577 3335 ὅσων]
2630 3266 2703 3318 ὧν
2777 3269 2843 3320 22
2890 3273 2987 3320 πᾶν
3034 3267 3093 3321 τὸ
3142 3285 3292 3320 πεπε-

575 3357 820 3426 ρασμένου
884 3355 950 3409 23
987 3351 1102 3427 παρ’
1143 3355 1170 3408 ὃ
1206 3373 1297 3426 περ
1334 3355 1465 3408 οἶνον
1542 3354 1702 3419 105,4
1739 3356 2014 3424 γινομένοις
2074 3354 2107 3408 8
2142 3359 2235 3424 τῆς
2270 3355 2381 3420 περὶ
2450 3355 2510 3406 16
2546 3354 2601 3407 δέ
2636 3355 2699 3425 ἠν
2740 3353 2765 3425 Η
2806 3374 2853 3408 τι
2888 3354 2922 3425 ἢ
3000 3355 3117 3420 106,
3134 3355 3199 3408 29
3236 3373 3291 3408 τε

574 3461 674 3499 om.
735 3445 798 3499 31
839 3451 1000 3498 πᾶσαν
1038 3461 1102 3498 ex
1129 3445 1212 3497 sil.
1285 3442 1353 3496 39
1392 3444 1670 3513 ἀντίβαινος
1747 3443 1863 3509 107,
1886 3443 1916 3494 7
1954 3444 2127 3510 μόνων
2170 3449 2275 3495 τῶν
2313 3443 2355 3504 ζ.
2422 3443 2483 3496 16
2521 3441 2580 3495 οὗ
2644 3443 2709 3494 22
2746 3441 2804 3495 τὸ
2842 3441 2955 3495 ὅσον
3031 3443 3195 3508 108,6
3231 3443 3292 3496 τὸ

579 3533 642 3588 19
679 3533 832 3601 πόρος
893 3532 959 3587 23
995 3531 1334 3603 πραγματείαν
1398 3531 1464 3584 29
1503 3531 1554 3592 ἐξ
1579 3531 1818 3602 ἑκάτερον
1880 3531 1951 3584 32
1989 3533 2075 3584 καὶ
2110 3532 2199 3590 τὰς
2260 3531 2327 3584 33
2362 3531 2664 3603 πασχόντων
2742 3529 2929 3597 109,10
2964 3531 2996 3601 ἡ
3032 3532 3077 3584 εί
3146 3531 3216 3584 30
3238 3549 3295 3583 τε

573 3637 674 3674 om.
735 3621 803 3674 34
827 3620 994 3691 λόγων
1072 3619 1257 3685 110,15
1283 3621 1496 3678 καὶτοῖς
1563 3619 1625 3672 18
1649 3617 1978 3688 ἀσθενέστερα
2040 3621 2105 3672 22
2132 3617 2259 3688 αὕτη
2324 3616 2447 3690 23ᾖ
2478 3634 2577 3670 om.
2634 3617 2701 3671 34
2726 3618 2964 3678 πεσόντος
3031 3618 3178 3682 111,7
3207 3616 3292 3671 ὅτε

579 3709 640 3762 16
677 3710 788 3779 περὶ
823 3709 913 3767 τὰς
937 3707 1152 3768 τεὺσεως
1211 3707 1277 3760 35
1315 3706 1456 3777 τότε]
1491 3726 1550 3760 τε
1609 3708 1676 3760 36
1715 3707 1981 3778 ξηρότερον
2056 3707 2206 3774 112,6
2244 3705 2391 3761 πάλιν
2470 3707 2531 3760 15
2568 3705 2853 3776 παθητικὸν
2916 3708 2980 3761 21
3020 3706 3079 3760 οὺ
3104 3709 3209 3777 τῷ]
3232 3706 3291 3760 τὸ

574 3799 640 3851 26
677 3796 948 3854 διαλὺσεως
1009 3796 1092 3850 30.
1119 3795 1183 3848 31
1223 3792 1506 3866 πήγνυσθαι
1576 3795 1642 3848 35
1679 3795 1739 3848 τὸ
1776 3796 1863 3848 καὶ
1900 3796 1985 3860 τὰ]
2032 3797 2119 3849 καὶ
2154 3795 2212 3848 τὸ
2279 3795 2345 3848 36
2382 3800 2490 3847 τῶν
2536 3793 2735 3853 ἐνεκτὸς
2785 3795 2817 3846 ἃ
2852 3793 2950 3848 ὑπὸ
3026 3794 3175 3858 113,1
3216 3797 3293 3864 τῷ

575 3887 605 3938 7
641 3884 771 3955 λέγει
835 3886 898 3938 12
937 3883 1064 3954 ἅμα]
1106 3883 1200 3936 ἀνα
1261 3885 1323 3937 21
1365 3883 1409 3936 εί
1445 3883 1711 3954 πήγνυται]
1747 3881 2027 3953 ὕπήγνυται
2102 3882 2170 3936 33
2206 3883 2450 3952 πήγνυται
2490 3880 2515 3953 Η
2556 3882 2646 3934 alt.
2683 3882 2770 3934 καὶ
2808 3897 2907 3935 om.
2990 3883 3185 3948 114,10
3220 3883 3291 3935 οἰ-

573 3981 686 4027 κεῖα
749 3975 814 4025 22
851 3972 920 4030 είς
943 3972 1004 4024 τὸ
1029 3971 1082 4024 ἓν
1143 3972 1206 4025 31
1249 3970 1364 4044 ὅρος
1424 3971 1492 4024 33
1529 3976 1624 4041 γῆν
1702 3971 1853 4036 115,5
1892 3970 2063 4041 ἐπειδὴ
2122 3971 2154 4023 7
2195 3972 2379 4044 ψυχρῷ
2417 3989 2471 4022 τε
2508 3972 2594 4022 καὶ
2618 3968 2795 4039 θερμῷ
2852 3969 2920 4022 33
2957 3969 3017 4023 οὔ
3054 3969 3201 4023 πάλιν
3229 3969 3289 4024 οὐ

578 4061 727 4126 116,4
765 4056 873 4112 ἀλλ’
913 4059 988 4113 ὅτι
1064 4061 1123 4114 11
1164 4061 1197 4130 ἠ
1285 4059 1471 4124 118,22
1506 4057 1688 4131 ἀπορία
1727 4057 1753 4128 Η
1794 4056 1914 4115 τούς
1948 4076 2005 4111 τε
2042 4059 2083 4120 ζ.
2114 4057 2140 4130 Η
2182 4057 2418 4127 λέγοντας
2452 4059 2538 4111 καὶ
2575 4056 2733 4127 λέγειν
2808 4057 2958 4120 119,6
2994 4057 3289 4126 δυναμένων

573 4151 604 4202 9
641 4147 848 4217 δύναμιν
927 4145 994 4200 25
1037 4146 1096 4199 τὸ
1141 4162 1240 4199 om.
1313 4147 1378 4200 26
1427 4163 1504 4216 pr.
1541 4145 1599 4199 τὸ
1644 4162 1746 4200 om.
1818 4147 1902 4199 26.
1943 4146 2007 4200 27
2046 4144 2355 4216 ὦκειώμεθα
2427 4147 2495 4200 28
2532 4145 2741 4198 ἐκείνων
2786 4145 2912 4198 ἀλλὰ
2984 4145 3052 4199 34
3091 4145 3289 4215 αἱρετὸν

578 4237 744 4302 120,3
781 4233 1066 4304 ὁμοιοειδεῖς
1135 4233 1168 4286 9
1207 4232 1327 4304 ἄρα]
1365 4232 1458 4306 δρα
1521 4233 1583 4287 13
1621 4234 1881 4303 ἐνεργείαις
1946 4234 2027 4287 13.
2060 4235 2123 4286 14
2159 4233 2331 4287 αὐτῶν
2368 4233 2455 4286 οὖν
2494 4233 2758 4303 διαιροῖντο
2824 4234 2887 4286 14
2924 4231 3072 4286 αὗται
3138 4231 3201 4286 15
3238 4233 3289 4286 αἱ

571 4323 650 4394 ἠδ.
695 4341 762 4377 ex
809 4323 889 4376 sil.
975 4323 1034 4375 17
1074 4323 1165 4392 γὰρ
1203 4322 1282 4375 ἐπὶ
1317 4321 1400 4375 πλ.
1475 4323 1542 4375 20
1577 4321 1763 4392 ’ἡδονῆς
1797 4325 1865 4393 τῇ
1900 4317 1977 4390 δ’]
2015 4321 2172 4392 ἡδονὴ
2214 4321 2239 4392 Η
2280 4319 2653 4394 παρακολουθεῖ
2718 4322 2783 4374 22
2821 4319 3135 4390 ὁμολογεῖται
3171 4337 3221 4374 ο.
3246 4337 3291 4373 s.

573 4412 638 4464 24
684 4410 831 4463 αὗται
913 4411 979 4463 28
1025 4409 1184 4480 ἀηδής
1267 4407 1350 4462 28.
1395 4409 1460 4462 29
1514 4409 1686 4466 αὐταῖς
1767 4407 1832 4462 31
1883 4409 2054 4461 ἕπεται
2132 4409 2290 4474 121,3
2336 4415 2443 4466 ταῖς
2489 4409 2592 4473 ἐπὶ]
2638 4409 2717 4462 ἐπὶ
2766 4417 2876 4466 ταῖς
2908 4409 2960 4461 ἐν
3048 4407 3083 4462 5
3128 4407 3181 4473 δ]
3230 4407 3289 4466 ἇς

571 4499 602 4552 9
641 4499 800 4570 ἄλλην
868 4501 924 4552 11
954 4505 1061 4557 ταῖς
1086 4515 1128 4552 e.
1157 4515 1200 4551 s.
1265 4497 1328 4550 14
1354 4514 1408 4549 τε
1435 4497 1520 4549 καὶ
1543 4513 1586 4548 e.
1613 4511 1656 4548 s.
1723 4497 1785 4549 16
1823 4496 2169 4566 ἀναπόβληται
2229 4497 2295 4549 24
2320 4496 2731 4565 ἀναποβλήστους
2800 4494 2867 4549 28
2902 4495 2963 4549 οὗ
2988 4494 3041 4548 δὲ
3096 4496 3161 4549 31
3201 4495 3291 4548 καὶ

571 4587 738 4656 ὥσπερ
817 4587 976 4652 122,8
1013 4585 1322 4656 εὒαπόλητον
1398 4585 1447 4637 9.
1489 4584 1553 4637 10
1597 4583 1656 4636 οὐ
1705 4583 1880 4656 ῥᾳδία]
1937 4584 2061 4638 οὖσα
2106 4583 2187 4637 διὰ
2262 4585 2323 4638 12
2372 4585 2582 4652 μόνιμον
2671 4585 2735 4637 14
2780 4582 2911 4653 αὕτη
2982 4583 3051 4636 20
3092 4583 3147 4636 ἐν
3184 4597 3288 4636 om.

571 4676 638 4728 25
675 4675 806 4728 ἅπαν
853 4676 916 4727 τὰ
994 4675 1164 4740 123,5
1200 4673 1323 4726 αὐτὸ
1391 4673 1838 4737 123,17-129,23
1875 4675 1953 4742 τῷ
1988 4671 2669 4744 πλοὺτῳ-προαιροὺμενοι
2708 4689 2807 4726 om.
2883 4673 2999 4735 129,
3014 4671 3079 4724 25
3118 4671 3288 4729 αὐτοῖς

571 4764 634 4816 27
685 4763 853 4821 αὐτοῖς
897 4763 1045 4817 αἴτιοι
1134 4761 1300 4828 130,6
1345 4761 1565 4831 ἠμέλουν
1647 4763 1680 4814 4
1727 4778 1776 4814 τι
1809 4765 2009 4814 τοιοῦτο
2091 4760 2122 4814 7
2160 4761 2203 4813 εἰ
2250 4765 2342 4830 μὲν
2380 4776 2479 4813 om.
2566 4761 2647 4814 15.
2690 4760 2753 4813 16
2796 4760 2855 4812 οὗ
2894 4757 3284 4830 βία-ἁμαρτό-

569 4865 696 4920 μενα
743 4852 826 4905 bis
900 4852 960 4905 21
1001 4850 1046 4904 εί
1092 4849 1222 4919 ἐνὸν]
1275 4849 1371 4904 εἶεν
1409 4847 1468 4901 ἂν
1550 4848 1618 4902 22
1655 4849 1704 4902 οἱ
1738 4848 1792 4901 δὲ
1870 4848 1940 4901 24
1976 4848 2076 4917 ἀεὶ]
2124 4846 2187 4918 δὴ
2260 4847 2331 4902 30
2366 4847 2535 4906 αὐτοῖς
2610 4846 2773 4913 131,9
2820 4845 2847 4900 ὁ
2882 4847 2975 4917 γὰρ
3012 4843 3285 4920 ἄνθρωπος
