3684 5567
562 253 601 317 10

1283 245 1744 304 ΑΛΕΧΑΝΔΡΟΥ
1784 243 2087 302 ΑΠΟΡΙΩΝ
2132 242 2251 298 ΚΑΙ
2291 241 2551 298 ,ΛΥΣΕΩΝ

2696 325 2709 356 ἱ

700 448 769 489 ει.
845 421 967 490 Ὅτι
1013 426 1068 488 εἰ
1106 425 1146 507 ἡ
1191 424 1336 507 αὐτὴ
1385 424 1493 508 ὕλη
1541 424 1633 486 καὶ
1679 423 1738 484 ἐν
1785 427 1903 490 τοῖς
1950 420 2147 493 θείοις,
2194 417 2353 482 ἔσται
2397 419 2636 482 κάκεῖνα
2678 417 2931 500 φθαρτά.
3188 433 3246 474 ευ

696 551 765 598 ις.
859 527 1088 597 Λέξεως
1133 525 1753 610 ἐξήγησιςείρημένης
1790 525 1851 586 ἐν
1894 529 1975 607 τῷ
2010 535 2049 586 ᾶ
2093 523 2354 605 Φυσικῆς
2395 523 2729 604 ἀκροάσεως
2776 521 2901 602 περὶ
2947 523 3047 583 τοῦ
3094 519 3165 582 τὰ

963 631 1189 694 ἐναντία
1233 654 1358 698 πως
1404 629 1506 696 τὰς
1550 627 1740 712 ἀρχὰς
1781 630 1963 688 ποιεῖν
2009 627 2245 692 πάντας.

696 737 767 805 ιζ.
842 731 966 800 Ὅτι
1012 735 1093 818 μὴ·
1142 735 1206 795 τὸ
1253 732 1404 800 εἶδος
1449 731 1508 794 ἐν
1553 737 1626 813 τῇ
1677 731 1786 812 ὕλῃ
1835 733 1918 798 ὡς
1962 729 2023 792 ἐν
2068 726 2454 811 ὑποκειμένῳ.
3190 741 3245 784 ὅ

594 855 623 903 5
683 859 760 918 ιη.
839 833 960 902 Ὅτι
1015 837 1095 920 μὴ
1153 835 1272 898 οἷόν
1325 859 1388 896 τε
1441 835 1537 897 τὸν
1593 832 1811 916 κόσμον
1873 831 2174 916 ἄφθαρτον
2228 829 2373 892 εἶναι
2428 828 2523 892 διὰ
2577 831 2680 912 τὴν
2736 828 3007 913 βούλησιν
3061 832 3163 892 τοῦ

962 941 1126 1014 θεοῦ,
1173 941 1224 1002 εἰ
1266 937 1358 1021 εἴη
1405 937 1664 1022 φθαρτὸς
1709 942 1782 1020 τῇ
1831 937 2043 998 ἑαυτοῦ
2090 935 2279 1019 φύσει.
2329 933 2335 1020 Ι

683 1042 762 1105 ιθ.
857 1040 994 1112 Πῶς
1038 1045 1075 1126 ἡ
1123 1043 1270 1126 αὐτὴ
1317 1041 1554 1125 δύναμις
1600 1039 1721 1123 ἅμα
1767 1044 1882 1101 τῶν
1930 1039 2200 1101 ἐναντίων
2248 1037 2391 1101 εἶναι
2436 1037 2677 1120 λέγεται.
3236 1041 3270 1097 3

704 1170 758 1208 κ.
849 1143 958 1208 Διὰ
1003 1146 1058 1210 τί
1099 1149 1198 1207 τοῦ
1246 1144 1453 1228 θέρους
1485 1141 1962 1225 ὑπνωτικώτεροί
1984 1143 2181 1223 ἐσμεν,
2228 1142 2280 1204 εἰ
2326 1143 2357 1204 ὃ
2390 1141 2565 1208 ὕπνος
2608 1139 2703 1202 διὰ
2748 1140 2852 1223 τὴν
2893 1143 2993 1201 τοῦ
3024 1161 3164 1219 συμ-

959 1249 1144 1332 φύτου
1189 1249 1328 1331 ἡμῖν
1375 1247 1598 1331 θερμοῦ
1644 1247 1724 1314 εἰς
1768 1246 1833 1306 τὸ
1880 1245 2039 1313 ἐντὸς
2084 1243 2561 1328 ἀντιπερίστασιν.
3218 1257 3247 1298 ε

563 1371 624 1418 10
676 1374 769 1413 κα.
853 1347 948 1414 Ἐν
995 1352 1100 1414 τίνι
1146 1351 1456 1435 κατηγορίᾳ
1498 1352 1536 1433 ἠ
1584 1351 1820 1433 κίνησις.

678 1454 769 1537 κβ.
862 1451 935 1516 Εἰ
979 1455 1044 1516 τὸ
1090 1453 1418 1536 κινούμενον
1465 1453 1563 1516 ἐπί
1604 1476 1754 1521 τινος
1799 1451 1945 1515 κατὰ
1989 1453 2055 1514 τὸ
2088 1449 2365 1536 πρότερον
2413 1449 2612 1534 μόριον
2662 1449 2839 1512 αὐτοῦ
2886 1447 3160 1534 πρότερον

961 1563 1215 1621 κινεῖται.

681 1684 770 1743 κγ.
863 1658 1002 1728 Πῶς
1046 1661 1098 1723 εἰ
1141 1661 1373 1745 φθαρτὴ
1421 1662 1585 1744 ἠγῆ,
1632 1659 1737 1722 οὐκ
1783 1659 2079 1742 ἐνδέχεται
2126 1659 2306 1742 αὐτὴν
2353 1659 2450 1721 καὶ
2496 1657 2621 1738 ἅμα
2664 1657 2804 1720 ποτὲ
2848 1657 3163 1739 φθαρῆναι.
3194 1671 3247 1712 ιο

679 1765 766 1826 κδ.
846 1760 1150 1846 Ἐξήγησις
1200 1762 1408 1831 λέξεως
1451 1763 1516 1824 ἐκ
1571 1766 1672 1825 τοῦ
1720 1775 1757 1824 ᾱ
1803 1762 2067 1843 Φυσικῆς
2122 1761 2461 1842 ἀκροάσεως
2504 1761 2597 1824 ἐπὶ
2640 1758 2790 1822 τέλει
2834 1757 3161 1844 εἰρημένης,

560 1886 621 1934 15
961 1864 1033 1928 δι’
1089 1865 1160 1948 ἧς
1214 1865 1368 1947 λέγει
1430 1865 1767 1948 εὑρεθεῖσαν
1826 1865 1930 1947 τὴν
1992 1864 2131 1948 ὕλην
2186 1869 2354 1928 λῦσαι
2417 1864 2514 1926 καὶ
2571 1863 2673 1930 τὰς
2728 1867 2843 1924 τῶν
2902 1861 3161 1946 ἀρχαίων

956 1968 1218 2051 ἀπορίας.

679 2095 765 2136 κε.
858 2069 962 2140 Εἰς
1003 2071 1075 2133 τὰ
1119 2073 1246 2156 περὶ
1293 2071 1560 2154 προνοίας
1605 2071 1728 2134 τινὰ
1775 2073 2175 2134 συντελοῦντα.
3192 2085 3245 2126 ιε

659 2200 750 2247 κς.
846 2173 979 2244 Πῶς
1023 2175 1088 2236 τὸ
1135 2173 1286 2242 εἶδος
1330 2175 1389 2236 ἐν
1435 2179 1508 2257 τῇ
1556 2174 1689 2256 ὕλῃ,
1736 2173 1980 2256 πότερον
2027 2169 2163 2235 καθ’
2222 2171 2384 2247 αὑτό,
2432 2173 2467 2256 ἦ·
2518 2173 2663 2238 κατὰ
2711 2170 3097 2260 συμβεβηκός.
3141 2169 3147 2256 Ι

659 2485 706 2548 Ι.
797 2484 922 2549 Διὰ
951 2487 1151 2551 τίνων
1192 2484 1268 2548 ἄν
1300 2509 1399 2553 τις
1444 2487 1785 2568 συστήσαι
1818 2486 1891 2547 τὸ
1924 2489 2193 2569 πρῶτον
2234 2483 2456 2548 αἴτιον
2490 2483 3158 2569 κατὰἈριστοτέλη.
3220 2491 3265 2547 11

555 2711 622 2759 2ο
831 2689 904 2756 Εἰ
948 2693 1006 2755 αἱ
1052 2691 1242 2754 οὐσίαι
1287 2695 1467 2754 πᾶσαι
1509 2691 1780 2775 φθαρταί,
1824 2691 2059 2776 φθαρτὰ
2104 2693 2291 2754 πάντα
2336 2689 2529 2755 ἔσται·
2588 2691 2895 2776 ἀχώριστά
2940 2693 3045 2775 γὰρ
3092 2693 3163 2754 τὰ
3218 2708 3243 2750 7

659 2795 810 2859 ἄλλα
853 2801 957 2878 τῆς
997 2794 1213 2864 οὐσίας.
1305 2794 1410 2857 οὐκ
1457 2791 1576 2856 ἔστι
1621 2795 1684 2856 δὲ
1730 2796 1915 2857 πάντα
1960 2795 2216 2878 φθαρτά,
2262 2792 2391 2856 οὔθ’
2433 2797 2491 2857 αἱ
2537 2794 2725 2858 οὐσίαι
2772 2799 2949 2858 πᾶσαι
2980 2795 3162 2880 φθαρ-

658 2900 768 2962 ταί.
838 2899 904 2963 οὐ
952 2900 1137 2961 πάντα
1183 2900 1246 2961 δὲ
1295 2899 1549 2983 φθαρτά,
1597 2897 1682 2960 ὅτι
1723 2899 1999 2960 ἀδύνατον
2044 2899 2148 2981 τὴν
2180 2897 2399 2980 κίνησιν
2446 2900 2711 2982 φθαρτὴν
2758 2897 2929 2961 εἶναι·
2978 2899 3157 2968 ἀίδιος
3186 2915 3241 2958 10

658 3003 786 3085 γάρ.
875 3003 925 3063 εἰ
970 3003 1077 3085 γὰρ
1124 3001 1216 3084 εἴη
1263 3001 1501 3084 γενητή,
1548 3000 1674 3062 ἐπεὶ
1720 3005 1861 3077 πᾶν,
1916 3001 2212 3083 γινόμενον
2259 3000 2369 3064 ὑπό
2416 3023 2595 3074 τινος,
2643 3001 2736 3063 καὶ
2782 2999 2847 3064 ἔκ
2893 3025 3043 3071 τινος
3087 3005 3164 3085 γί-

659 3129 832 3174 νεται,
881 3103 973 3189 εἴη
1022 3103 1090 3166 ἄν
1137 3106 1230 3166 καὶ
1276 3104 1347 3166 τὰ
1393 3103 1452 3172 ἐξ
1498 3104 1580 3166 ὧν
1626 3104 1663 3186 ἡ
1711 3103 1947 3186 κίνησις.
2023 3103 2062 3165 ἃ
2112 3104 2163 3165 εἰ
2211 3105 2313 3187 μὲν
2360 3105 2543 3173 οὕτως
2589 3103 2769 3190 εἶχεν,
2817 3107 2969 3168 ὥστε
3014 3108 3161 3190 μήτε

553 3231 618 3279 25
659 3211 724 3272 τὸ
772 3212 972 3272 ποιοῦν
1024 3209 1172 3290 μήτε
1227 3209 1290 3269 τὸ
1337 3209 1567 3291 πάσχον
1613 3207 1757 3290 πρὸς
1799 3209 1866 3269 τὸ
1912 3206 2193 3270 δύνασθαι
2238 3209 2301 3270 τὸ
2350 3209 2453 3290 μὲν
2500 3209 2767 3292 πάσχειν,
2814 3209 2879 3270 τὸ
2934 3211 2999 3271 δὲ
3044 3231 3163 3271 ποι·
3190 3225 3244 3266 15

659 3321 750 3377 εἶν-
789 3311 1025 3376 δεῖσθαι’
1073 3333 1220 3378 τινος
1267 3311 1616 3394 μεταβολῆς,
1675 3309 1744 3394 ἦν
1803 3309 1870 3372 ἂν
1923 3313 2017 3372 καὶ
2066 3309 2072 3394 Ι
2123 3311 2342 3394 κίνησις
2386 3311 2531 3394 ἤδη,
2590 3309 2710 3373 ἀλλ’
2767 3311 2873 3374 οὐκ
2918 3312 3151 3394 ἐγίνετο.
3208 3319 3269 3377 12

657 3417 708 3479 εἰ
753 3415 818 3478 δέ
871 3437 924 3478 τι
979 3413 1049 3498 ἧν
1103 3413 1374 3494 ἐμποδὼν
1429 3413 1693 3486 ἐκείνοις,
1749 3410 1867 3474 ἔδει
1924 3413 2047 3475 τινὰ
2103 3414 2319 3497 κίνησιν
2372 3414 2672 3497 γενέσθαι,
2730 3415 2883 3477 ὥστε
2935 3416 3001 3478 τὸ
3056 3417 3159 3498 μὲν

658 3523 924 3601 ποιῆσαι,
993 3517 1056 3578 τὸ
1115 3516 1179 3577 δὲ
1231 3516 1471 3587 παθεῖν,
1531 3515 1624 3577 καὶ
1690 3515 1958 3596 γενέσθαι
2014 3517 2115 3599 τὴν
2186 3518 2403 3601 κίνησιν
2470 3517 2529 3585 ἐξ
2598 3516 2821 3589 αὐτῶν,
2888 3519 3041 3581 οὕτω
3096 3519 3159 3581 δὲ

659 3623 878 3705 ἀνάγκη
948 3617 1108 3682 ἔσται
1174 3618 1284 3702 πρὸ
1349 3623 1452 3680 τοῦ
1506 3619 1772 3700 γενέσθαι
1823 3618 1928 3700 τὴν
1992 3619 2207 3703 κίνησιν
2274 3620 2493 3703 κίνησιν
2549 3619 2693 3682 εἶναι
2760 3619 2828 3683 οὐ
2896 3623 3157 3706 γενητήν.
3217 3639 3244 3680 5

559 3785 769 3790 -——-—
834 3785 877 3790 —.
906 3783 1059 3790 .-.----
1120 3783 1358 3788 ----————

560 3897 573 3944 l
620 3891 773 3950 θείοις
810 3893 890 3944 tit.
920 3909 952 3943 a
988 3891 1101 3959 Sp.:
1141 3887 1281 3943 θεοῖσ
1305 3894 1354 3940 V
1515 3887 1546 3940 2
1583 3901 1616 3941 α
1651 3893 1743 3958 τῆς
1779 3889 1888 3940 tit.:
1932 3901 1966 3942 α
2004 3890 2113 3960 περὶ
2138 3907 2170 3941 a
2206 3890 2293 3958 Sp.
2450 3886 2819 3962 Ἀριστοτέλους
2853 3895 2964 3964 περὶ
3000 3896 3077 3947 tit.
3108 3895 3199 3965 Sp.

551 3983 582 4033 4
621 3981 672 4032 ὲν
698 3979 789 4052 τῇ]
828 3980 957 4052 αὐτῇ
985 3997 1016 4031 a
1192 3978 1225 4031 5
1264 3976 1523 4048 βο·3λησιν]
1562 3977 1748 4046 βουλὴν
1794 3995 1827 4028 a
1863 3975 1952 4045 Sp.
2132 3977 2162 4029 6
2201 3977 2276 4048 εἴη
2316 3993 2415 4030 om.
2456 3997 2488 4029 ιι
2686 3979 2716 4032 9
2755 3981 3144 4053 ἀντιπερίστασιν
3184 3985 3269 4036 tit.

553 4069 666 4137 Sp.:
707 4067 1120 4138 ἀντιπεριίσταται
1159 4071 1240 4119 Va
1453 4068 1510 4119 ll
1555 4066 1634 4118 ἐπι
1675 4070 1720 4116 V
1936 4065 1995 4118 τὸ
2038 4082 2136 4118 om.
2180 4067 2261 4118 tit.
2474 4066 2630 4120 αὐτοῦ
2669 4067 2841 4140 μόριον
2880 4088 2913 4124 a
2948 4069 3036 4138 Sp.

557 4157 617 4209 13
655 4155 856 4228 φθαρτὴ
894 4159 976 4208 tit.
1015 4175 1047 4207 a
1083 4156 1199 4223 Sp.:
1237 4153 1488 4227 φθαρτικὴ
1528 4158 1576 4205 V
1784 4154 1846 4205 14
1884 4166 1917 4206 α
1956 4157 2047 4222 τῆς
2084 4155 2165 4206 tit.
2204 4155 2337 4206 vict.
2376 4153 2463 4223 Sp.
2659 4151 3025 4227 Ἀριστοτέλους
3072 4160 3150 4212 ἐπὶ
3186 4161 3269 4212 tit.

553 4247 691 4298 vict.
729 4245 819 4314 Sp.
997 4244 1260 4314 εἰρημένης
1295 4245 1376 4295 tit.
1407 4243 1540 4294 vict.
1567 4242 1683 4308 Sp.:
1723 4241 1962 4314 εἰρημένη
2001 4245 2073 4292 V:
2112 4256 2211 4293 om.
2252 4258 2283 4293 a
2464 4244 2525 4295 19
2565 4244 2801 4314 συστήσαι
2837 4245 2897 4297 τὸ
2934 4245 3051 4316 Sp.:
3090 4247 3273 4317 συστή-

555 4349 696 4386 σαιτο
735 4333 854 4385 libri
1035 4331 1103 4382 20
1147 4332 1369 4398 primum
1409 4335 1568 4398 caput
1605 4329 1792 4397 legitur
1828 4335 2125 4396 excerptum
2152 4331 2209 4382 in
2236 4329 2749 4392 Pseudo-Alexandri
2786 4337 3169 4388 commentariis
3207 4336 3271 4387 ad

563 4422 718 4472 Arist.
747 4420 966 4486 Metaph.
997 4417 1040 4470 Λ
1069 4419 1116 4472 6.
1154 4434 1205 4485 p.
1233 4418 1421 4482 685,·29
1449 4417 1699 4484 Hayduck
1727 4415 1899 4486 λαβὼν
1940 4416 2015 4469 ὅτι
2052 4418 2084 4487 ἡ
2122 4417 2261 4470 οὐσία
2298 4419 2475 4488 πρώτη
2514 4425 2617 4470 τῶν
2656 4419 2828 4472 ἄλλων
2868 4423 3037 4488 (τοῦτο
3074 4423 3167 4494 γὰρ
3194 4423 3271 4476 δέ·

555 4507 764 4574 ὃεικται)
790 4505 920 4576 λέγει
945 4505 1044 4558 ὅτι·
1081 4507 1220 4575 εἰμὴ
1261 4505 1390 4557 ἔστιν
1429 4505 1570 4557 οὐσία
1609 4504 1776 4569 ἀίδιος,
1817 4505 1947 4558 ἀλλὰ
1972 4511 2122 4558 πᾶσαι
2160 4503 2383 4575 φθαρταί
2424 4524 2487 4558 τα
2510 4511 2553 4558 V
2698 4505 2759 4560 21
2804 4505 2937 4577 οὔθ’]
2974 4507 3077 4562 οὐδ’
3108 4511 3197 4578 Sp.

555 4597 639 4648 22.
679 4595 745 4648 ⁴23
783 4593 1082 4651 οὒ-ἀίδιος
1117 4592 1233 4662 γάρ]
1271 4591 1346 4646 ὅτι
1383 4593 1434 4645 δὲ
1473 4593 1532 4645 οὔ
1569 4594 1732 4645 πάντα
1768 4594 1832 4645 τὰ
1869 4595 2003 4661 παρὰ
2039 4593 2131 4662 τὴν
2169 4593 2337 4645 οὐσίαν
2376 4594 2477 4646 ἐστὶ
2517 4593 2732 4666 φθαρτά,
2771 4595 2939 4665 δῆλον.
2994 4598 3027 4667 ἠ
3064 4599 3155 4669 γὰρ
3194 4600 3271 4651 κί-

552 4700 691 4755 νησις
725 4683 968 4735 δέδεικται
1006 4680 1080 4734 ὅτι
1117 4681 1267 4740 ἀίδιος
1305 4683 1390 4734 καὶ
1429 4679 1685 4750 ἄφθαρτος
1725 4682 1808 4732 Ρε.
1850 4681 1930 4732 ΑΙ.
2109 4680 2174 4731 23
2212 4685 2309 4732 πᾶν
2346 4681 2403 4734 τὸ
2440 4683 2696 4751 γινόμενον
2734 4701 2766 4734 ει
2804 4684 2890 4752 Sp.
3058 4685 3125 4736 24
3164 4685 3196 4738 ἃ
3224 4689 3271 4738 V

555 4773 640 4824 Ps.
681 4772 788 4822 AL:
827 4766 937 4822 ἀλλ’
981 4769 1099 4824 GB²
1136 4772 1208 4835 (in
1251 4770 1348 4832 lit.)
1387 4773 1546 4821 SFLa
1585 4769 1671 4836 Sp.
1890 4767 1955 4818 26
1992 4769 2025 4839 ἡ
2063 4770 2251 4839 κίνησις
2288 4769 2372 4822 Ps.
2412 4770 2494 4823 ΑΙ.
2710 4771 2776 4822 27
2816 4771 3049 4838 ἐμποδῶν
3090 4777 3170 4825 Va

556 4861 620 4911 29
678 4861 891 4911 alterum
931 4858 1121 4927 κίνησιν
1158 4858 1278 4909 add.
1315 4874 1359 4908 v.
1401 4875 1442 4909 c·
1487 4861 1548 4907 V:
1607 4875 1704 4908 um.
1745 4875 1807 4910 ex
1850 4865 1994 4926 parte
2045 4859 2159 4910 libri
2200 4859 2279 4910 1²³.
2324 4860 2403 4910 Al.
