3684 5567
571 264 691 327 17⁹2
1446 266 1906 325 ΑΛΕΞΑΝΔΡΟΥ
1945 268 2399 326 ΑΦΡΟΔΙΣΙΕΩΣ

673 438 788 496 τῶν
834 440 937 520 τὴν
983 440 1164 502 αἰτίαν
1211 446 1325 503 τῶν
1373 446 1774 525 περιεστώτων
1822 442 2032 514 αὐτοὺς
2074 449 2271 507 κακῶν
2319 444 2766 529 μεταφέροντας,
2834 446 2977 528 δόξῃ
3049 444 3186 508 οὔτε

674 542 791 605 τοῖς
845 538 1107 623 ἐναργέσι
1164 545 1492 627 συναδοὺσῃ
1560 542 1693 607 οὔτε
1762 546 1916 613 τινὰς
1981 547 2186 615 πιστὰς
2238 546 2554 616 ἀποδείξεις
2609 553 2711 609 τοῦ
2765 548 2954 617 οὕτως
3015 545 3172 632 ἔχειν
3207 564 3264 607 15

673 638 901 723 ἐχούσῃ
947 644 1181 726 προσέτι
1226 668 1289 708 τε
1334 646 1650 729 ἀναιρούσῃ
1698 648 1761 709 τὸ
1808 647 1958 710 εἶναι’
1997 672 2050 711 τι
2093 646 2186 732 ἐφ’
2241 650 2403 731 ἡμῖν,
2449 649 2516 712 ού
2550 651 2954 719 πιστευθέντος
2983 652 3070 718 τίς
3112 648 3180 711 ἂν

674 739 823 825 ἄλλη
858 745 1069 825 μείζων
1116 746 1182 809 ἐκ
1226 747 1413 830 λόγων
1457 749 1675 829 γένοιτο
1723 750 1928 831 ζημία;
1977 750 2066 812 ὅτι
2111 751 2214 832 μὲν
2259 750 2368 833 γὰρ
2415 752 2572 833 παρὰ
2615 752 2687 814 τὰ
2731 752 2964 836 ἐναργῆ,
3009 754 3186 835 δῆλον

607 862 636 909 5
676 843 741 905 ἐκ
788 850 892 907 τοῦ
939 850 1357 913 πεπιστεῦσθαι
1405 851 1507 931 μὲν
1554 852 1767 935 σχεδὸν
1823 852 1936 913 ὑπὸ
1993 852 2223 913 πάντων
2279 852 2524 915 ἰδιωτῶν
2578 878 2641 916 τε
2695 856 2790 918 καὶ
2846 854 3181 939 φιλοσόφων
3211 872 3270 914 ιο

674 947 739 1009 τὸ
784 948 1045 1028 γίνεσθαί
1084 973 1206 1013 τινα
1250 953 1347 1015 καὶ
1391 952 1735 1033 αὐτομάτως
1780 954 1876 1017 καὶ
1921 954 2037 1016 ἀπὸ
2083 954 2285 1038 τύχης,
2329 954 2476 1018 εἶναι
2520 956 2585 1019 δέ
2627 980 2751 1020 τινα
2795 961 2911 1019 τῶν
2956 956 3182 1039 γινομέ-

674 1071 787 1110 νων
833 1052 930 1113 καὶ
974 1052 1375 1137 ἐνδεχομένως
1420 1053 1689 1136 γινόμενα
1734 1056 1829 1117 καὶ
1875 1052 2034 1139 ἔχειν
2080 1056 2206 1118 τινὰ
2249 1060 2451 1140 χώραν
2496 1058 2556 1119 ἐν
2603 1062 2722 1126 τοῖς
2775 1056 2933 1121 οὖσιν
2980 1060 3076 1121 καὶ
3119 1060 3184 1119 τὸ

676 1152 856 1234 μηδὲν
905 1156 1125 1232 μᾶλλον
1171 1154 1303 1218 τόδε
1348 1159 1537 1229 τοῦδε,
1594 1156 1810 1218 τούτων
1859 1158 1922 1220 δὲ
1970 1158 2150 1241 μηδὲν
2197 1158 2494 1228 σώζεσθαι
2539 1160 2688 1222 κατὰ
2731 1160 2861 1229 τοὺς
2907 1160 2966 1227 ἐξ
3012 1161 3182 1241 ἀναγ-

675 1276 782 1335 κης
826 1256 1009 1317 πάντα
1052 1257 1311 1337 γίνεσθαι
1354 1258 1643 1338 λέγοντας,
1690 1258 1838 1339 εἴγε
1869 1262 2046 1331 σώζει
2091 1261 2196 1341 μὲν
2241 1260 2388 1323 αὐτὰ
2433 1263 2498 1323 τὸ
2543 1262 2638 1346 ἐφ’
2693 1263 2780 1331 οἷς
2835 1262 3186 1347 σημαινομέ-
3214 1280 3272 1322 εὖ

578 1376 638 1421 10
676 1378 793 1424 νοις
836 1357 909 1419 τὰ
955 1358 1211 1442 ὀνόματα
1256 1364 1435 1423 ταῦτα
1482 1362 1711 1423 κεῖσθαι
1765 1362 2156 1435 πεπίστευται,
2209 1366 2388 1425 ταῦτα
2444 1364 2525 1446 μὴ
2583 1370 2780 1427 κινεῖν·
2836 1364 2905 1428 οὐ
2959 1365 3066 1448 γὰρ
3120 1366 3187 1427 τὸ

676 1457 824 1521 ἄλλα
880 1460 1004 1521 τινὰ
1060 1461 1461 1545 ὑποβάλλοντα
1514 1461 1912 1545 σημαινόμενα
1963 1468 2082 1532 τοῖς
2140 1462 2414 1545 ὀνόμασιν
2460 1465 2556 1528 διὰ
2607 1470 2708 1528 τοῦ
2757 1467 2944 1549 μένειν
2991 1466 3184 1529 ἐκεῖνα

680 1561 870 1642 μένειν
917 1564 1189 1645 ἡγεῖσθαι
1235 1564 1331 1626 καὶ
1384 1564 1455 1627 τὰ
1500 1565 1892 1649 προειρημένα
1947 1563 2252 1635 σωζόντων
2307 1566 2426 1629 ἐστὶ
2479 1568 2552 1629 τὰ
2605 1569 2858 1650 κείμενα.
2956 1569 3024 1631 οὐ
3079 1568 3186 1651 γὰρ

674 1666 923 1735 σώζεται
970 1666 1034 1727 τὸ
1080 1666 1347 1746 γίνεσθαί
1384 1690 1508 1730 τινα
1552 1668 1667 1729 ἀπὸ
1714 1667 1918 1751 τύχης,
1963 1665 2088 1749 <ἂν>
2133 1668 2356 1731 ἀνελών
2401 1693 2486 1738 τις
2529 1671 2635 1753 τὴν
2681 1676 2796 1733 τῶν
2828 1672 3013 1739 οὕτως
3043 1693 3184 1752 γινο-
3212 1687 3272 1729 ao

680 1764 868 1845 μένων
908 1768 1076 1849 φύσιν
1122 1766 1303 1850 ὄνομα
1346 1770 1521 1852 θῆται
1566 1774 1685 1837 τοῖς
1727 1769 2048 1851 γινομένοις
2091 1768 2152 1838 ἐξ
2198 1770 2453 1855 ἀνάγκης
2483 1774 2586 1854 τὴν
2617 1774 2822 1857 τύχην,
2869 1772 2990 1836 ἀλλ’
3037 1772 3184 1836 αὐτὰ

576 1888 635 1937 15
675 1868 854 1937 δεῖξαι
899 1871 1185 1953 δυνάμενα
1231 1874 1549 1948 σώζεσθαι,
1598 1870 1692 1955 ἐφ’
1749 1874 1831 1932 ὧν
1863 1872 1928 1933 τὸ
1975 1876 2080 1953 τῆς
2109 1870 2294 1955 τύχης
2329 1870 2512 1955 ὄνομα
2541 1875 2993 1958 κατηγορεῖσθαι
3023 1874 3188 1939 πεπί-

678 1993 931 2035 στευται.
3229 1982 3297 2038 22

852 2074 1094 2157 Λέγεται
1135 2077 1206 2159 δὴ
1239 2079 1383 2161 πρὸς
1428 2078 1699 2141 ἁπάντων
1745 2078 2076 2161 ἀνθρώπων
2106 2080 2324 2143 κοιναῖς
2367 2100 2430 2139 τε
2474 2078 2572 2140 καὶ
2601 2082 2874 2161 φυσικαῖς
2905 2078 3144 2148 ἐννοίαις
3177 2087 3298 2140 VIII

680 2176 1049 2258 ἐμμενόντων
1097 2185 1273 2243 ταῦτα
1330 2181 1445 2242 ἀπὸ
1500 2180 1684 2265 τύχης
1738 2202 1799 2241 τε
1856 2180 1952 2242 καὶ
2007 2182 2106 2241 τοῦ
2165 2176 2494 2259 αὐτομάτου
2547 2180 2826 2259 γίνεσθαι,
2887 2180 2926 2243 ἃ
2979 2180 3183 2249 αἰτίαις

674 2278 867 2343 ἄλλων
927 2286 1097 2343 τινῶν
1153 2288 1478 2366 ποιητικαῖς
1532 2282 1996 2367 προηγουμέναις
2049 2281 2376 2362 ἐπιγίνεται.
2467 2279 2604 2343 ὅταν
2647 2282 2758 2365 γὰρ
2809 2281 2990 2345 ἄλλου
3034 2284 3186 2352 τινὸς
3239 2302 3270 2343 τι

572 2401 638 2447 20
676 2384 846 2466 χάριν
891 2384 1173 2469 γινομένῳ
1218 2386 1325 2448 τινὶ
1371 2386 1451 2467 μὴ
1500 2390 1669 2448 τοῦτο
1714 2384 2025 2466 ἀπαντήσῃ
2071 2380 2136 2445 οὔ
2185 2383 2356 2466 χάριν
2401 2382 2650 2464 ἐγένετο,
2696 2383 2839 2447 ἄλλο
2886 2384 2971 2459 δέ,
3019 2384 3050 2446 ὃ
3083 2386 3186 2469 τὴν

679 2486 871 2569 ἀρχὴν
919 2487 1069 2569 μηδὲ
1113 2488 1411 2570 ἠλπίζετο,
1458 2486 1613 2550 τοῦτ’
1670 2488 1788 2549 ἀπὸ
1831 2487 2016 2571 τύχης
2060 2484 2288 2566 λέγεται
2344 2484 2634 2566 γεγονέναι
2688 2484 2824 2549 καθ’
2891 2487 3032 2550 αὑτὸ
3079 2488 3186 2569 μὲν

680 2588 911 2668 γεγονὸς
940 2588 1227 2661 ἀναιτίως,
1258 2590 1405 2651 κατὰ
1437 2589 1809 2673 συμβεβηκὸς
1842 2586 1893 2651 δ’
1935 2588 2192 2672 ἐσχηκὸς
2223 2584 2405 2649 αἴτιον
2436 2589 2504 2650 τὸ
2534 2588 2838 2671 γενόμενον
2869 2586 2965 2651 ἐπ’
3007 2587 3187 2652 ἄλλου

679 2688 899 2771 γενέσει
944 2691 1113 2760 τινός.
1204 2693 1299 2755 καὶ
1344 2690 1431 2753 ὅτι
1476 2692 1735 2755 τοιοῦτόν
1783 2714 1834 2753 τι
1878 2690 2140 2771 λέγουσιν
2185 2690 2396 2758 πάντες
2451 2691 2518 2752 τὸ
2572 2687 2868 2772 γινόμενον
2923 2690 3040 2753 ἀπὸ
3097 2690 3187 2753 τὺ-
3217 2709 3276 2750 ιο

679 2814 795 2876 χης
860 2795 1037 2877 δῆλον
1104 2794 1166 2863 ἐξ
1210 2795 1291 2856 ὧν
1339 2794 1764 2879 ὑποβάλλουσιν
1812 2791 2255 2875 σημαινομένων
2299 2791 2387 2860 οἷς
2433 2791 2549 2853 ἀπὸ
2607 2792 2793 2876 τύχης
2835 2794 3010 2877 φασὶν
3051 2792 3191 2873 γίνε-

572 2912 638 2963 25
679 2894 837 2958 σθαι.
928 2896 1226 2981 θησαυρόν
1272 2920 1335 2959 τε
1376 2898 1485 2981 γάρ
1532 2917 1703 2979 φασιν
1750 2896 1868 2959 ἀπὸ
1914 2895 2099 2979 τύχης
2143 2893 2450 2977 εὑρηκέναι
2494 2896 2640 2971 τινά,
2695 2893 2804 2957 κᾶν
2849 2894 3032 2957 ἄλλου
3077 2897 3186 2979 χά-

680 3022 765 3081 ριν
813 3000 1076 3081 ὀρύσσων
1129 3001 1213 3067 τίς
1268 3022 1435 3075 τινος,
1493 2998 1612 3062 ἀλλ’
1679 2998 1747 3061 ού
1804 3002 1906 3059 τοῦ
1963 2997 2258 3079 θησαυρὸν
2313 2996 2500 3079 εὑρεῖν
2558 2997 2842 3080 θησαυρῷν
2897 2996 3186 3081 περιπέσῃ

674 3100 740 3183 (ὁ
774 3102 879 3183 μὲν
911 3102 1019 3183 γὰρ
1064 3104 1268 3164 τούτου
1315 3105 1483 3185 χάριν
1530 3101 1793 3186 ὀρύσσων
1840 3100 1948 3162 οὐκ
1991 3100 2108 3161 ἀπὸ
2153 3098 2364 3183 τύχης·
2421 3096 2488 3161 οὔ
2533 3100 2641 3183 γὰρ
2685 3101 2856 3184 χάριν
2901 3101 3187 3183 ὤρυσσεν,
3215 3117 3272 3160 ιε

679 3207 849 3265 τοῦτο
895 3204 1225 3286 ἀπήντησεν
1272 3203 1454 3287 αὐτῷ,
1514 3199 1565 3287 ᾧ
1620 3204 1685 3266 δὲ
1743 3204 1926 3287 μηδὲν
1980 3206 2083 3285 τῆς
2141 3201 2426 3284 εὑρέσεως
2483 3206 2584 3263 τοῦ
2640 3202 2940 3286 θησαυροῦ
2993 3200 3186 3283 ἔμελε,

679 3309 933 3367 ποιοῦντι
964 3305 1029 3368 δὲ
1060 3304 1240 3368 ἄλλου
1284 3306 1436 3374 τινὸς
1481 3308 1648 3389 χάριν
1694 3306 1733 3388 ἡ
1780 3306 2005 3387 εδρεσις
2049 3304 2379 3387 ἀπήντησεν
2427 3306 2508 3371 ὡς
2551 3304 2714 3373 τέλος
2761 3304 3002 3377 ἐκείνου,
3055 3308 3186 3367 τοῦ·

572 3426 639 3473 3ο
678 3432 772 3471 τον
819 3407 937 3470 ἀπὸ
967 3408 1151 3491 τύχης
1180 3408 1276 3471 τὸν
1312 3408 1605 3491 θησαυρὸν
1652 3407 1960 3493 εὑρηκέναι
2007 3407 2214 3474 πάντες
2244 3405 2562 3489 λέγουσιν),
2609 3406 2760 3470 ἀλλὰ
2790 3407 2886 3470 καὶ
2917 3408 2982 3469 τὸ
3015 3406 3185 3491 ἀργύ-

1209 3572 1373 3579 ——-—-

574 3673 596 3724 1
640 3671 806 3732 αὐτοῖς
832 3677 881 3725 H
1059 3672 1178 3742 δόξῃ
1219 3673 1316 3725 del.
1346 3674 1488 3725 Diels
1666 3673 2006 3743 ἀναφέροντας
2039 3674 2096 3725 in
2133 3688 2235 3741 mg.
2259 3673 2631 3742 μεταφέροντας
2657 3674 2704 3722 Η
2888 3670 2921 3722 3
2957 3686 3006 3721 τι
3040 3682 3141 3721 om.
3168 3670 3220 3721 ⁸¹

567 3779 601 3830 4
640 3777 821 3847 γίνοιτο
850 3781 894 3829 O
1056 3776 1089 3829 5
1126 3777 1217 3843 μὲν
1244 3792 1343 3828 om.
1370 3776 1425 3828 ³²
1601 3776 1631 3826 9
1670 3776 1817 3837 σώζει
1845 3776 2035 3828 Lond.:
2073 3762 2250 3837 σώζειν
2289 3778 2366 3828 sic
2395 3780 2454 3827 V:
2493 3775 2669 3834 σώζειν
2706 3772 2784 3825 ³¹²
2949 3770 3078 3823 αὐτὰ
3113 3776 3297 3838 (supra

569 3864 633 3916 τὰ
673 3864 745 3915 m²
770 3865 983 3931 scripsit
1007 3883 1039 3933 η
1079 3870 1135 3914 ut
1174 3864 1395 3924 videtur)
1419 3868 1481 3915 V:
1522 3862 1649 3915 αὑτά
1687 3865 1789 3915 ἐστι
1825 3864 1904 3915 8¹²
2087 3862 2150 3915 10
2187 3868 2344 3915 ταῦτα
2381 3878 2481 3914 om.
2518 3866 2563 3915 Ο
2749 3862 2804 3913 11
2849 3858 3007 3911 ἅλλασ
3041 3873 3183 3911 τινασ
3219 3860 3292 3909 V¹

568 3956 717 4016 (corr.
747 3951 838 4014 vv)
1080 3951 1140 4003 13
1194 3951 1406 4012 σώζεται
1446 3952 1629 4003 V²a¹²z
1685 3950 1934 4011 σώζεσθαι
1975 3952 2042 4000 V¹
2329 3948 2389 4000 ἂν
2427 3948 2650 4002 V²a¹Oz
2700 3962 2798 4000 om.
2845 3946 2981 3997 V¹a²

569 4036 761 4090 ανελών
808 4039 885 4089 sic
934 4042 979 4088 V
1232 4040 1296 4089 14
1350 4038 1493 4091 θοῖτο
1538 4038 1608 4089 B²
1882 4033 2014 4103 ἀλλ’]
2061 4033 2176 4089 ἀλλ’
2225 4036 2285 4088 ἂν
2328 4034 2452 4088 V²a¹
2700 4034 2778 4085 14.
2825 4033 2884 4085 15
2939 4032 3070 4085 αὐτὰ
3116 4030 3294 4101 δεῖξαι]

570 4142 629 4195 ἂν
668 4138 901 4209 ἀποδείξῃ
942 4141 1199 4194 Schwartz
1250 4142 1380 4193 bene
1601 4140 1660 4192 15
1715 4139 1964 4207 δυνάμενα
1999 4138 2078 4193 αέ
2136 4130 2420 4209 δυνάμενασ
2461 4143 2536 4195 sic
2577 4142 2672 4192 V¹:
2721 4134 2919 4209 δυνηθῇ
2954 4136 3132 4192 V²a¹O

569 4227 957 4299 κατηγορεῖσθαι
996 4228 1172 4280 V²a¹²³z
1230 4235 1579 4297 κατηγορεῖται
1615 4230 1689 4279 V¹
1927 4228 1986 4278 19
2044 4230 2441 4297 προηγουμέναις
2480 4228 2673 4281 v2a¹02
2721 4226 3113 4295 προηγουμένως
3151 4226 3296 4291 V¹a²,

568 4322 811 4382 expectas
856 4315 1250 4387 προηγουμένως
1294 4323 1577 4385 ποιητικαῖς
1788 4312 2276 4384 ὅταν-περιπεσεῖν
2324 4314 2590 4383 (173,10)]
2637 4314 2758 4366 Eus.
2807 4326 2983 4380 praep.
3021 4329 3097 4365 ev,
3129 4314 3220 4378 vl,
3245 4312 3297 4365 9.

570 4402 920 4455 ‘Illa—2711>
968 4404 1031 4455 τὰ
1068 4402 1119 4454 δὲ
1159 4402 1257 4453 ἀπὸ
1295 4401 1454 4474 τύχης
1490 4405 1711 4467 τοιαῦτα,
1770 4398 1890 4451 ὅταν
1929 4400 2076 4451 κ.τ.λ.
2290 4402 2359 4454 20
2403 4404 2662 4472 γινομένου
2704 4400 2774 4451 V¹
2811 4402 2960 4463 (corr.
2999 4416 3045 4450 v.
3074 4402 3164 4462 c.):
3219 4419 3297 4469 γε-

570 4490 765 4559 νομένῳ
806 4490 1061 4542 Eusebius
1313 4488 1365 4541 δέ
1400 4506 1447 4539 τι
1484 4488 1603 4559 ὅπερ
1642 4488 1900 4539 Eusebius
2149 4486 2212 4539 21
2269 4488 2383 4542 οὐδὲ
2429 4488 2688 4541 Eusebius
2952 4485 3300 4555 τοῦτ’-γίνε-

570 4576 685 4628 σθαι
736 4576 841 4642 (24.
870 4576 959 4641 25)
1000 4592 1100 4629 om.
1142 4576 1399 4628 Eusebius
1662 4574 1726 4625 24
1785 4574 2156 4643 σημαινομένου
2194 4572 2252 4625 οἳ
2495 4572 2564 4625 25
2601 4590 2748 4642 φησιν
2787 4574 3048 4625 Eusebius

568 4681 706 4720 τινας
742 4664 797 4714 a²
1029 4662 1089 4715 ἂν
1127 4662 1269 4713 V²a¹z
1328 4662 1421 4714 κᾶν
1459 4662 1599 4714 V¹a‘·':
1658 4660 1777 4713 ὅταν
1820 4661 2076 4713 Eusebius
2335 4660 2399 4713 26
2455 4678 2588 4717 τινος
2623 4674 2724 4711 om.
2761 4662 2810 4711 a¹
3049 4661 3124 4718 τίς
3160 4680 3300 4720 τινος

570 4764 669 4801 om.
712 4750 970 4802 Eusebius
1221 4748 1305 4818 οὑ]
1353 4750 1420 4819 μὴ
1466 4749 1717 4800 Eusebius
1965 4750 2030 4802 27
2087 4748 2116 4802 ὁ
2154 4747 2467 4817 μὲν-ἀλλὰ
2501 4746 2616 4813 (30)
2653 4762 2752 4797 om.
2795 4746 3050 4799 Eusebius

572 4834 749 4907 ὥρισσε
786 4837 838 4887 a¹
1052 4836 1120 4887 ‘28
1158 4835 1301 4905 ἔμελε
1329 4838 1465 4891 ν’·Ὀι
1504 4836 1681 4905 ἔμελλε
1720 4838 1821 4887 21¹²:
1867 4838 2014 4889 πάλιν
2045 4840 2114 4889 V¹
