<?xml version="1.0" encoding="UTF-8"?>
<!DOCTYPE html PUBLIC "-//W3C//DTD XHTML 1.0 Transitional//EN"
    "http://www.w3.org/TR/xhtml1/DTD/xhtml1-transitional.dtd">
<html xmlns="http://www.w3.org/1999/xhtml" xml:lang="en" lang="en">
 <head>
  <title>
</title>
<meta http-equiv="Content-Type" content="text/html;charset=utf-8" />
  <meta name='ocr-system' content='tesseract 3.04.00' />
  <meta name='ocr-capabilities' content='ocr_page ocr_carea ocr_par ocr_line ocrx_word'/>
</head>
<body>
  <div class='ocr_page' id='page_1' title='image "./supplementumari00wissgoog_0099.png"; bbox 0 0 3684 5567; ppageno 0'>
   <div class='ocr_carea' id='block_1_1' title="bbox 1394 262 3172 329">
    <p class='ocr_par' dir='ltr' id='par_1_1' title="bbox 1394 262 3172 329">
     <span class='ocr_line' id='line_1_1' title="bbox 1394 262 3172 329; baseline -0.001 -10"><span class='ocrx_word' id='word_1_1' title='bbox 1394 262 1681 320; x_wconf 85' lang='grc' dir='ltr'>ΒΙΒΑΙΟΝ</span> <span class='ocrx_word' id='word_1_2' title='bbox 1723 262 2002 319; x_wconf 83' lang='grc' dir='ltr'>ΠΡΩΤΟΝ</span> <span class='ocrx_word' id='word_1_3' title='bbox 2044 266 2249 318; x_wconf 78' lang='lat'>25—26</span> <span class='ocrx_word' id='word_1_4' title='bbox 3091 266 3172 329; x_wconf 83' lang='lat'>41</span> 
     </span>
    </p>
   </div>
   <div class='ocr_carea' id='block_1_2' title="bbox 449 436 3169 2360">
    <p class='ocr_par' dir='ltr' id='par_1_2' title="bbox 556 436 3150 829">
     <span class='ocr_line' id='line_1_2' title="bbox 560 436 3147 522; baseline -0.001 -23"><span class='ocrx_word' id='word_1_5' title='bbox 560 438 651 500; x_wconf 88' lang='grc' dir='ltr'>καὶ</span> <span class='ocrx_word' id='word_1_6' title='bbox 698 438 878 513; x_wconf 80' lang='grc' dir='ltr'>θεῖον,</span> <span class='ocrx_word' id='word_1_7' title='bbox 926 437 988 501; x_wconf 79' lang='grc' dir='ltr'>ὃν</span> <span class='ocrx_word' id='word_1_8' title='bbox 1034 437 1095 499; x_wconf 85' lang='grc' dir='ltr'>ἐν</span> <span class='ocrx_word' id='word_1_9' title='bbox 1140 437 1359 520; x_wconf 78' lang='grc' dir='ltr'>γενέσει</span> <span class='ocrx_word' id='word_1_10' title='bbox 1414 460 1475 500; x_wconf 87' lang='grc' dir='ltr'>τε</span> <span class='ocrx_word' id='word_1_11' title='bbox 1520 440 1617 501; x_wconf 87' lang='grc' dir='ltr'>καὶ</span> <span class='ocrx_word' id='word_1_12' title='bbox 1662 437 1884 522; x_wconf 78' lang='grc' dir='ltr'>φθορᾷ,</span> <span class='ocrx_word' id='word_1_13' title='bbox 1939 436 2067 500; x_wconf 86' lang='grc' dir='ltr'>ἐπεὶ</span> <span class='ocrx_word' id='word_1_14' title='bbox 2113 438 2254 521; x_wconf 87' lang='grc' dir='ltr'>πρὸς</span> <span class='ocrx_word' id='word_1_15' title='bbox 2299 439 2402 521; x_wconf 88' lang='grc' dir='ltr'>τὴν</span> <span class='ocrx_word' id='word_1_16' title='bbox 2449 438 2630 501; x_wconf 86' lang='grc' dir='ltr'>ἀίδιον</span> <span class='ocrx_word' id='word_1_17' title='bbox 2673 437 2869 507; x_wconf 83' lang='grc' dir='ltr'>αὐτοῖς</span> <span class='ocrx_word' id='word_1_18' title='bbox 2914 460 3064 521; x_wconf 79' lang='grc' dir='ltr'>περι·</span> <span class='ocrx_word' id='word_1_19' title='bbox 3093 452 3147 495; x_wconf 75' lang='grc'>15</span> 
     </span>
     <span class='ocr_line' id='line_1_3' title="bbox 558 538 3067 624; baseline 0 -23"><span class='ocrx_word' id='word_1_20' title='bbox 558 540 739 624; x_wconf 84' lang='grc' dir='ltr'>φορὰν</span> <span class='ocrx_word' id='word_1_21' title='bbox 794 543 1058 603; x_wconf 81' lang='grc' dir='ltr'>συντελεῖ</span> <span class='ocrx_word' id='word_1_22' title='bbox 1107 541 1202 603; x_wconf 82' lang='grc' dir='ltr'>καὶ</span> <span class='ocrx_word' id='word_1_23' title='bbox 1263 542 1329 603; x_wconf 86' lang='grc' dir='ltr'>τὸ</span> <span class='ocrx_word' id='word_1_24' title='bbox 1385 540 1606 603; x_wconf 84' lang='grc' dir='ltr'>τοιόνδε</span> <span class='ocrx_word' id='word_1_25' title='bbox 1660 544 1864 621; x_wconf 85' lang='grc' dir='ltr'>σῶμα,</span> <span class='ocrx_word' id='word_1_26' title='bbox 1939 538 2054 624; x_wconf 85' lang='grc' dir='ltr'>οὐχ</span> <span class='ocrx_word' id='word_1_27' title='bbox 2109 540 2230 604; x_wconf 84' lang='grc' dir='ltr'>οἷόν</span> <span class='ocrx_word' id='word_1_28' title='bbox 2285 564 2346 603; x_wconf 94' lang='grc' dir='ltr'>τε</span> <span class='ocrx_word' id='word_1_29' title='bbox 2399 542 2464 604; x_wconf 85' lang='grc' dir='ltr'>δὲ</span> <span class='ocrx_word' id='word_1_30' title='bbox 2519 540 2665 604; x_wconf 80' lang='grc' dir='ltr'>εἶναι</span> <span class='ocrx_word' id='word_1_31' title='bbox 2721 542 2787 604; x_wconf 82' lang='grc' dir='ltr'>τὸ</span> <span class='ocrx_word' id='word_1_32' title='bbox 2841 544 3067 605; x_wconf 80' lang='grc' dir='ltr'>τοιοῦτο</span> 
     </span>
     <span class='ocr_line' id='line_1_4' title="bbox 556 640 3069 728; baseline 0 -24"><span class='ocrx_word' id='word_1_33' title='bbox 556 647 730 722; x_wconf 84' lang='grc' dir='ltr'>σῶμα</span> <span class='ocrx_word' id='word_1_34' title='bbox 774 640 901 705; x_wconf 84' lang='grc' dir='ltr'>κατ’</span> <span class='ocrx_word' id='word_1_35' title='bbox 956 641 1111 709; x_wconf 80' lang='grc' dir='ltr'>εἶδος</span> <span class='ocrx_word' id='word_1_36' title='bbox 1155 642 1334 705; x_wconf 80' lang='grc' dir='ltr'>ἀίδιον</span> <span class='ocrx_word' id='word_1_37' title='bbox 1392 642 1579 725; x_wconf 88' lang='grc' dir='ltr'>μένειν</span> <span class='ocrx_word' id='word_1_38' title='bbox 1642 642 1723 723; x_wconf 82' lang='grc' dir='ltr'>μὴ</span> <span class='ocrx_word' id='word_1_39' title='bbox 1776 646 1902 709; x_wconf 88' lang='grc' dir='ltr'>ταῖς</span> <span class='ocrx_word' id='word_1_40' title='bbox 1946 642 2182 705; x_wconf 81' lang='grc' dir='ltr'>ἐκείνων</span> <span class='ocrx_word' id='word_1_41' title='bbox 2228 642 2510 713; x_wconf 77' lang='grc' dir='ltr'>ποικίλαις</span> <span class='ocrx_word' id='word_1_42' title='bbox 2565 645 2824 727; x_wconf 85' lang='grc' dir='ltr'>κινήσεσι</span> <span class='ocrx_word' id='word_1_43' title='bbox 2869 643 3069 728; x_wconf 84' lang='grc' dir='ltr'>κυβερ-</span> 
     </span>
     <span class='ocr_line' id='line_1_5' title="bbox 558 742 3150 829; baseline -0.001 -25"><span class='ocrx_word' id='word_1_44' title='bbox 558 747 836 827; x_wconf 84' lang='grc' dir='ltr'>νώμενον.</span> <span class='ocrx_word' id='word_1_45' title='bbox 926 744 1145 807; x_wconf 79' lang='grc' dir='ltr'>τούτων</span> <span class='ocrx_word' id='word_1_46' title='bbox 1191 744 1255 807; x_wconf 83' lang='grc' dir='ltr'>δὲ</span> <span class='ocrx_word' id='word_1_47' title='bbox 1300 747 1499 807; x_wconf 87' lang='grc' dir='ltr'>τοῦτον</span> <span class='ocrx_word' id='word_1_48' title='bbox 1546 744 1806 828; x_wconf 87' lang='grc' dir='ltr'>ἐχόντων</span> <span class='ocrx_word' id='word_1_49' title='bbox 1861 745 1958 805; x_wconf 84' lang='grc' dir='ltr'>τὸν</span> <span class='ocrx_word' id='word_1_50' title='bbox 2006 742 2245 826; x_wconf 85' lang='grc' dir='ltr'>τρόπον,</span> <span class='ocrx_word' id='word_1_51' title='bbox 2298 746 2350 807; x_wconf 82' lang='grc' dir='ltr'>εἰ</span> <span class='ocrx_word' id='word_1_52' title='bbox 2396 745 2500 828; x_wconf 89' lang='grc' dir='ltr'>μέν</span> <span class='ocrx_word' id='word_1_53' title='bbox 2545 768 2627 814; x_wconf 90' lang='grc' dir='ltr'>τις</span> <span class='ocrx_word' id='word_1_54' title='bbox 2673 745 2934 829; x_wconf 79' lang='grc' dir='ltr'>βούλοιτο</span> <span class='ocrx_word' id='word_1_55' title='bbox 2979 744 3064 806; x_wconf 92' lang='grc' dir='ltr'>λέ-</span> <span class='ocrx_word' id='word_1_56' title='bbox 3092 758 3150 801; x_wconf 73' lang='lat'>2⁰</span> 
     </span>
    </p>

    <p class='ocr_par' dir='ltr' id='par_1_3' title="bbox 493 846 3169 1340">
     <span class='ocr_line' id='line_1_6' title="bbox 493 846 3066 932; baseline 0 -24"><span class='ocrx_word' id='word_1_57' title='bbox 493 865 523 913; x_wconf 88' lang='lat'>5</span> <span class='ocrx_word' id='word_1_58' title='bbox 558 869 673 927; x_wconf 89' lang='grc' dir='ltr'>γειν</span> <span class='ocrx_word' id='word_1_59' title='bbox 719 846 1096 930; x_wconf 74' lang='grc' dir='ltr'>προνοεῖσθαι</span> <span class='ocrx_word' id='word_1_60' title='bbox 1151 849 1265 907; x_wconf 85' lang='grc' dir='ltr'>πᾶν</span> <span class='ocrx_word' id='word_1_61' title='bbox 1320 848 1385 909; x_wconf 87' lang='grc' dir='ltr'>τὸ</span> <span class='ocrx_word' id='word_1_62' title='bbox 1438 848 1535 909; x_wconf 84' lang='grc' dir='ltr'>διά</span> <span class='ocrx_word' id='word_1_63' title='bbox 1578 870 1629 909; x_wconf 94' lang='grc' dir='ltr'>τι</span> <span class='ocrx_word' id='word_1_64' title='bbox 1682 846 1779 909; x_wconf 86' lang='grc' dir='ltr'>καὶ</span> <span class='ocrx_word' id='word_1_65' title='bbox 1825 848 1985 929; x_wconf 84' lang='grc' dir='ltr'>παρά</span> <span class='ocrx_word' id='word_1_66' title='bbox 2039 868 2188 914; x_wconf 91' lang='grc' dir='ltr'>τινος</span> <span class='ocrx_word' id='word_1_67' title='bbox 2242 848 2513 909; x_wconf 78' lang='grc' dir='ltr'>ὁπωσοῦν</span> <span class='ocrx_word' id='word_1_68' title='bbox 2568 848 2632 909; x_wconf 86' lang='grc' dir='ltr'>τὸ</span> <span class='ocrx_word' id='word_1_69' title='bbox 2690 848 3066 932; x_wconf 80' lang='grc' dir='ltr'>μεταβάλλειν</span> 
     </span>
     <span class='ocr_line' id='line_1_7' title="bbox 558 947 3064 1039; baseline -0.001 -28"><span class='ocrx_word' id='word_1_70' title='bbox 558 947 697 1033; x_wconf 88' lang='grc' dir='ltr'>ἔχον</span> <span class='ocrx_word' id='word_1_71' title='bbox 742 950 837 1012; x_wconf 87' lang='grc' dir='ltr'>καὶ</span> <span class='ocrx_word' id='word_1_72' title='bbox 884 949 949 1011; x_wconf 86' lang='grc' dir='ltr'>τὸ</span> <span class='ocrx_word' id='word_1_73' title='bbox 983 948 1284 1023; x_wconf 83' lang='grc' dir='ltr'>κινεῖσθαι,</span> <span class='ocrx_word' id='word_1_74' title='bbox 1339 948 1431 1031; x_wconf 77' lang='grc' dir='ltr'>εἴη</span> <span class='ocrx_word' id='word_1_75' title='bbox 1481 947 1549 1011; x_wconf 81' lang='grc' dir='ltr'>ἂν</span> <span class='ocrx_word' id='word_1_76' title='bbox 1596 953 1755 1012; x_wconf 84' lang='grc' dir='ltr'>πᾶσα</span> <span class='ocrx_word' id='word_1_77' title='bbox 1803 948 2106 1031; x_wconf 79' lang='grc' dir='ltr'>σωματικὴ</span> <span class='ocrx_word' id='word_1_78' title='bbox 2155 947 2324 1010; x_wconf 85' lang='grc' dir='ltr'>οὐσία</span> <span class='ocrx_word' id='word_1_79' title='bbox 2368 949 2407 1031; x_wconf 82' lang='grc' dir='ltr'>ἦ</span> <span class='ocrx_word' id='word_1_80' title='bbox 2452 947 2502 1011; x_wconf 83' lang='grc' dir='ltr'>τ’</span> <span class='ocrx_word' id='word_1_81' title='bbox 2555 950 2732 1039; x_wconf 74' lang='grc' dir='ltr'>ἀίδιος</span> <span class='ocrx_word' id='word_1_82' title='bbox 2777 949 2873 1013; x_wconf 82' lang='grc' dir='ltr'>καὶ</span> <span class='ocrx_word' id='word_1_83' title='bbox 2919 950 2956 1031; x_wconf 80' lang='grc' dir='ltr'>ἡ</span> <span class='ocrx_word' id='word_1_84' title='bbox 3003 948 3064 1010; x_wconf 86' lang='grc' dir='ltr'>ἐν</span> 
     </span>
     <span class='ocr_line' id='line_1_8' title="bbox 555 1050 3066 1135; baseline 0 -22"><span class='ocrx_word' id='word_1_85' title='bbox 555 1051 776 1133; x_wconf 75' lang='grc' dir='ltr'>γενέσει</span> <span class='ocrx_word' id='word_1_86' title='bbox 820 1051 916 1114; x_wconf 80' lang='grc' dir='ltr'>καὶ</span> <span class='ocrx_word' id='word_1_87' title='bbox 948 1051 1145 1134; x_wconf 80' lang='grc' dir='ltr'>φθορᾷ</span> <span class='ocrx_word' id='word_1_88' title='bbox 1192 1050 1305 1112; x_wconf 86' lang='grc' dir='ltr'>ὑπὸ</span> <span class='ocrx_word' id='word_1_89' title='bbox 1351 1054 1456 1133; x_wconf 81' lang='grc' dir='ltr'>τῆς</span> <span class='ocrx_word' id='word_1_90' title='bbox 1503 1052 1739 1131; x_wconf 79' lang='grc' dir='ltr'>πρώτης</span> <span class='ocrx_word' id='word_1_91' title='bbox 1783 1050 1982 1119; x_wconf 83' lang='grc' dir='ltr'>οὐσίας</span> <span class='ocrx_word' id='word_1_92' title='bbox 2025 1055 2131 1133; x_wconf 76' lang='grc' dir='ltr'>τῆς</span> <span class='ocrx_word' id='word_1_93' title='bbox 2175 1050 2360 1112; x_wconf 81' lang='grc' dir='ltr'>ἀιδίου</span> <span class='ocrx_word' id='word_1_94' title='bbox 2407 1074 2469 1113; x_wconf 91' lang='grc' dir='ltr'>τε</span> <span class='ocrx_word' id='word_1_95' title='bbox 2513 1052 2606 1113; x_wconf 83' lang='grc' dir='ltr'>καὶ</span> <span class='ocrx_word' id='word_1_96' title='bbox 2655 1051 2926 1135; x_wconf 83' lang='grc' dir='ltr'>ἀκινήτου</span> <span class='ocrx_word' id='word_1_97' title='bbox 2971 1052 3066 1113; x_wconf 87' lang='grc' dir='ltr'>καὶ</span> 
     </span>
     <span class='ocr_line' id='line_1_9' title="bbox 556 1152 3148 1239; baseline -0.002 -24"><span class='ocrx_word' id='word_1_98' title='bbox 556 1154 875 1236; x_wconf 79' lang='grc' dir='ltr'>ἀσωμάτου</span> <span class='ocrx_word' id='word_1_99' title='bbox 907 1152 1334 1237; x_wconf 80' lang='grc' dir='ltr'>προνοουμένη.</span> <span class='ocrx_word' id='word_1_100' title='bbox 1404 1152 1458 1213; x_wconf 83' lang='grc' dir='ltr'>εἰ</span> <span class='ocrx_word' id='word_1_101' title='bbox 1501 1152 1564 1215; x_wconf 85' lang='grc' dir='ltr'>δέ</span> <span class='ocrx_word' id='word_1_102' title='bbox 1612 1175 1695 1221; x_wconf 89' lang='grc' dir='ltr'>τις</span> <span class='ocrx_word' id='word_1_103' title='bbox 1724 1156 1906 1215; x_wconf 80' lang='grc' dir='ltr'>ταῦτα</span> <span class='ocrx_word' id='word_1_104' title='bbox 1954 1152 2101 1235; x_wconf 85' lang='grc' dir='ltr'>μόνα</span> <span class='ocrx_word' id='word_1_105' title='bbox 2141 1152 2512 1235; x_wconf 79' lang='grc' dir='ltr'>προνοεῖσθαι</span> <span class='ocrx_word' id='word_1_106' title='bbox 2558 1152 2734 1234; x_wconf 82' lang='grc' dir='ltr'>λέγοι,</span> <span class='ocrx_word' id='word_1_107' title='bbox 2782 1155 2862 1216; x_wconf 84' lang='grc' dir='ltr'>ὧν</span> <span class='ocrx_word' id='word_1_108' title='bbox 2893 1157 3065 1239; x_wconf 81' lang='grc' dir='ltr'>χάριν</span> <span class='ocrx_word' id='word_1_109' title='bbox 3093 1170 3148 1211; x_wconf 68' lang='grc' dir='ltr'>ετ»</span> 
     </span>
     <span class='ocr_line' id='line_1_10' title="bbox 558 1254 3169 1340; baseline 0.001 -23"><span class='ocrx_word' id='word_1_110' title='bbox 558 1256 623 1317; x_wconf 81' lang='grc' dir='ltr'>τὸ</span> <span class='ocrx_word' id='word_1_111' title='bbox 668 1261 931 1340; x_wconf 80' lang='grc' dir='ltr'>προνοεῖν</span> <span class='ocrx_word' id='word_1_112' title='bbox 977 1254 1169 1317; x_wconf 79' lang='grc' dir='ltr'>αὐτῶν</span> <span class='ocrx_word' id='word_1_113' title='bbox 1229 1254 1547 1336; x_wconf 85' lang='grc' dir='ltr'>λεγόμενον</span> <span class='ocrx_word' id='word_1_114' title='bbox 1600 1254 1856 1337; x_wconf 80' lang='grc' dir='ltr'>ἐνεργείᾳ</span> <span class='ocrx_word' id='word_1_115' title='bbox 1910 1254 2065 1323; x_wconf 83' lang='grc' dir='ltr'>τινὰς</span> <span class='ocrx_word' id='word_1_116' title='bbox 2117 1254 2403 1337; x_wconf 80' lang='grc' dir='ltr'>ἐνεργείας</span> <span class='ocrx_word' id='word_1_117' title='bbox 2447 1254 2808 1336; x_wconf 83' lang='grc' dir='ltr'>κινούμενον,</span> <span class='ocrx_word' id='word_1_118' title='bbox 2866 1255 3056 1340; x_wconf 85' lang='grc' dir='ltr'>μόΙνον</span> <span class='ocrx_word' id='word_1_119' title='bbox 3097 1265 3169 1321; x_wconf 85' lang='grc'>80</span> 
     </span>
    </p>

    <p class='ocr_par' dir='ltr' id='par_1_4' title="bbox 449 1355 3147 1852">
     <span class='ocr_line' id='line_1_11' title="bbox 449 1355 3054 1441; baseline -0.002 -14"><span class='ocrx_word' id='word_1_120' title='bbox 449 1380 515 1427; x_wconf 92' lang='lat'>10</span> <span class='ocrx_word' id='word_1_121' title='bbox 558 1358 623 1423; x_wconf 80' lang='grc' dir='ltr'>ἂν</span> <span class='ocrx_word' id='word_1_122' title='bbox 677 1357 770 1440; x_wconf 76' lang='grc' dir='ltr'>εἴη</span> <span class='ocrx_word' id='word_1_123' title='bbox 820 1356 974 1439; x_wconf 83' lang='grc' dir='ltr'>[κατ’</span> <span class='ocrx_word' id='word_1_124' title='bbox 1024 1355 1428 1441; x_wconf 87' lang='grc' dir='ltr'>Ἀριστοτέλη]</span> <span class='ocrx_word' id='word_1_125' title='bbox 1487 1358 1553 1419; x_wconf 86' lang='grc' dir='ltr'>τὸ</span> <span class='ocrx_word' id='word_1_126' title='bbox 1602 1357 1714 1419; x_wconf 86' lang='grc' dir='ltr'>ὑπὸ</span> <span class='ocrx_word' id='word_1_127' title='bbox 1762 1356 2011 1440; x_wconf 84' lang='grc' dir='ltr'>σελήνην</span> <span class='ocrx_word' id='word_1_128' title='bbox 2058 1360 2231 1438; x_wconf 84' lang='grc' dir='ltr'>σῶμα</span> <span class='ocrx_word' id='word_1_129' title='bbox 2278 1356 2730 1440; x_wconf 83' lang='grc' dir='ltr'>προνοούμενον,</span> <span class='ocrx_word' id='word_1_130' title='bbox 2788 1362 2956 1421; x_wconf 79' lang='grc' dir='ltr'>τοῦτο</span> <span class='ocrx_word' id='word_1_131' title='bbox 3002 1358 3054 1422; x_wconf 81' lang='grc' dir='ltr'>δ’</span> 
     </span>
     <span class='ocr_line' id='line_1_12' title="bbox 554 1458 3055 1546; baseline -0.001 -20"><span class='ocrx_word' id='word_1_132' title='bbox 554 1463 676 1526; x_wconf 86' lang='grc' dir='ltr'>ἐστὶ</span> <span class='ocrx_word' id='word_1_133' title='bbox 720 1464 787 1524; x_wconf 88' lang='grc' dir='ltr'>τὸ</span> <span class='ocrx_word' id='word_1_134' title='bbox 833 1458 1033 1524; x_wconf 79' lang='grc' dir='ltr'>ἔνυλὸν</span> <span class='ocrx_word' id='word_1_135' title='bbox 1079 1480 1141 1521; x_wconf 86' lang='grc' dir='ltr'>τε</span> <span class='ocrx_word' id='word_1_136' title='bbox 1187 1460 1283 1522; x_wconf 80' lang='grc' dir='ltr'>καὶ</span> <span class='ocrx_word' id='word_1_137' title='bbox 1328 1458 1390 1520; x_wconf 86' lang='grc' dir='ltr'>ἐν</span> <span class='ocrx_word' id='word_1_138' title='bbox 1435 1458 1659 1538; x_wconf 81' lang='grc' dir='ltr'>γενέσει</span> <span class='ocrx_word' id='word_1_139' title='bbox 1709 1459 1806 1522; x_wconf 86' lang='grc' dir='ltr'>καὶ</span> <span class='ocrx_word' id='word_1_140' title='bbox 1853 1460 1914 1521; x_wconf 87' lang='grc' dir='ltr'>ἐν</span> <span class='ocrx_word' id='word_1_141' title='bbox 1961 1459 2184 1542; x_wconf 73' lang='grc' dir='ltr'>φθορᾷ,</span> <span class='ocrx_word' id='word_1_142' title='bbox 2241 1458 2440 1541; x_wconf 87' lang='grc' dir='ltr'>ἐπειδὴ</span> <span class='ocrx_word' id='word_1_143' title='bbox 2487 1464 2591 1541; x_wconf 80' lang='grc' dir='ltr'>τῆς</span> <span class='ocrx_word' id='word_1_144' title='bbox 2635 1460 2840 1523; x_wconf 80' lang='grc' dir='ltr'>τούτου</span> <span class='ocrx_word' id='word_1_145' title='bbox 2885 1463 3055 1546; x_wconf 85' lang='grc' dir='ltr'>χάριν</span> 
     </span>
     <span class='ocr_line' id='line_1_13' title="bbox 558 1558 3147 1647; baseline -0.001 -22"><span class='ocrx_word' id='word_1_146' title='bbox 558 1564 905 1647; x_wconf 85' lang='grc' dir='ltr'>τεταγμένης</span> <span class='ocrx_word' id='word_1_147' title='bbox 952 1563 1277 1645; x_wconf 83' lang='grc' dir='ltr'>μεταβολῆς</span> <span class='ocrx_word' id='word_1_148' title='bbox 1322 1561 1419 1623; x_wconf 86' lang='grc' dir='ltr'>καὶ</span> <span class='ocrx_word' id='word_1_149' title='bbox 1460 1560 1649 1622; x_wconf 84' lang='grc' dir='ltr'>ἀιδίου</span> <span class='ocrx_word' id='word_1_150' title='bbox 1698 1558 1825 1623; x_wconf 87' lang='grc' dir='ltr'>κατ’</span> <span class='ocrx_word' id='word_1_151' title='bbox 1867 1559 2021 1627; x_wconf 79' lang='grc' dir='ltr'>εἶδος</span> <span class='ocrx_word' id='word_1_152' title='bbox 2065 1562 2344 1643; x_wconf 78' lang='grc' dir='ltr'>διαμονῆς</span> <span class='ocrx_word' id='word_1_153' title='bbox 2390 1563 2604 1623; x_wconf 87' lang='grc' dir='ltr'>κεῖνται</span> <span class='ocrx_word' id='word_1_154' title='bbox 2651 1566 2933 1627; x_wconf 85' lang='grc' dir='ltr'>κινεῖσθαι</span> <span class='ocrx_word' id='word_1_155' title='bbox 2962 1570 3066 1628; x_wconf 77' lang='grc' dir='ltr'>τοῦ</span> <span class='ocrx_word' id='word_1_156' title='bbox 3119 1582 3147 1623; x_wconf 76' lang='grc' dir='ltr'><strong>ὅ</strong></span> 
     </span>
     <span class='ocr_line' id='line_1_14' title="bbox 556 1661 3062 1752; baseline 0 -23"><span class='ocrx_word' id='word_1_157' title='bbox 556 1669 1051 1749; x_wconf 82' lang='grc' dir='ltr'>κυκλοφορητικοῢ</span> <span class='ocrx_word' id='word_1_158' title='bbox 1098 1666 1371 1746; x_wconf 82' lang='grc' dir='ltr'>σώματος</span> <span class='ocrx_word' id='word_1_159' title='bbox 1424 1664 1483 1725; x_wconf 87' lang='grc' dir='ltr'>αἱ</span> <span class='ocrx_word' id='word_1_160' title='bbox 1532 1661 1677 1745; x_wconf 82' lang='grc' dir='ltr'>μετὰ</span> <span class='ocrx_word' id='word_1_161' title='bbox 1723 1663 1825 1745; x_wconf 86' lang='grc' dir='ltr'>τὴν</span> <span class='ocrx_word' id='word_1_162' title='bbox 1873 1664 2110 1746; x_wconf 79' lang='grc' dir='ltr'>πρώτην</span> <span class='ocrx_word' id='word_1_163' title='bbox 2167 1684 2229 1725; x_wconf 89' lang='grc' dir='ltr'>τε</span> <span class='ocrx_word' id='word_1_164' title='bbox 2282 1663 2378 1724; x_wconf 83' lang='grc' dir='ltr'>καὶ</span> <span class='ocrx_word' id='word_1_165' title='bbox 2424 1662 2653 1747; x_wconf 79' lang='grc' dir='ltr'>ἀπλανῆ</span> <span class='ocrx_word' id='word_1_166' title='bbox 2700 1666 3062 1752; x_wconf 84' lang='grc' dir='ltr'>καλουμένην</span> 
     </span>
     <span class='ocr_line' id='line_1_15' title="bbox 556 1762 3062 1852; baseline -0 -20"><span class='ocrx_word' id='word_1_167' title='bbox 556 1768 701 1831; x_wconf 78' lang='grc' dir='ltr'>ἑπτὰ</span> <span class='ocrx_word' id='word_1_168' title='bbox 746 1772 983 1852; x_wconf 85' lang='grc' dir='ltr'>σφαῖραι</span> <span class='ocrx_word' id='word_1_169' title='bbox 1028 1768 1133 1849; x_wconf 80' lang='grc' dir='ltr'>τὴν</span> <span class='ocrx_word' id='word_1_170' title='bbox 1180 1764 1399 1848; x_wconf 85' lang='grc' dir='ltr'>κίνησιν</span> <span class='ocrx_word' id='word_1_171' title='bbox 1446 1765 1551 1846; x_wconf 81' lang='grc' dir='ltr'>τὴν</span> <span class='ocrx_word' id='word_1_172' title='bbox 1596 1764 1890 1847; x_wconf 86' lang='grc' dir='ltr'>δευτέραν,</span> <span class='ocrx_word' id='word_1_173' title='bbox 1937 1763 2080 1827; x_wconf 80' lang='grc' dir='ltr'>διότι</span> <span class='ocrx_word' id='word_1_174' title='bbox 2123 1764 2230 1847; x_wconf 83' lang='grc' dir='ltr'>γὰρ</span> <span class='ocrx_word' id='word_1_175' title='bbox 2278 1762 2392 1827; x_wconf 83' lang='grc' dir='ltr'>ἔδει</span> <span class='ocrx_word' id='word_1_176' title='bbox 2440 1770 2561 1833; x_wconf 86' lang='grc' dir='ltr'>τοῖς</span> <span class='ocrx_word' id='word_1_177' title='bbox 2604 1766 2920 1848; x_wconf 87' lang='grc' dir='ltr'>γινομένοις</span> <span class='ocrx_word' id='word_1_178' title='bbox 2965 1770 3062 1831; x_wconf 83' lang='grc' dir='ltr'>καὶ</span> 
     </span>
    </p>

    <p class='ocr_par' dir='ltr' id='par_1_5' title="bbox 450 1863 3145 2360">
     <span class='ocr_line' id='line_1_16' title="bbox 450 1863 3144 1953; baseline -0.002 -20"><span class='ocrx_word' id='word_1_179' title='bbox 450 1890 509 1938; x_wconf 84' lang='grc'>15</span> <span class='ocrx_word' id='word_1_180' title='bbox 550 1870 955 1953; x_wconf 76' lang='grc' dir='ltr'>φθειρομένοις</span> <span class='ocrx_word' id='word_1_181' title='bbox 1002 1869 1265 1951; x_wconf 82' lang='grc' dir='ltr'>ποικίλης</span> <span class='ocrx_word' id='word_1_182' title='bbox 1296 1868 1601 1949; x_wconf 83' lang='grc' dir='ltr'>κινήσεως.</span> <span class='ocrx_word' id='word_1_183' title='bbox 1670 1864 1737 1927; x_wconf 82' lang='grc' dir='ltr'>οὐ</span> <span class='ocrx_word' id='word_1_184' title='bbox 1769 1866 1880 1949; x_wconf 85' lang='grc' dir='ltr'>γὰρ</span> <span class='ocrx_word' id='word_1_185' title='bbox 1925 1864 2046 1927; x_wconf 78' lang='grc' dir='ltr'>οἷόν</span> <span class='ocrx_word' id='word_1_186' title='bbox 2093 1863 2144 1927; x_wconf 84' lang='grc' dir='ltr'>τ’</span> <span class='ocrx_word' id='word_1_187' title='bbox 2187 1865 2257 1949; x_wconf 87' lang='grc' dir='ltr'>ἧν</span> <span class='ocrx_word' id='word_1_188' title='bbox 2305 1867 2586 1935; x_wconf 79' lang='grc' dir='ltr'>ὡσαύτως</span> <span class='ocrx_word' id='word_1_189' title='bbox 2629 1865 2842 1951; x_wconf 83' lang='grc' dir='ltr'>ἔχοντα</span> <span class='ocrx_word' id='word_1_190' title='bbox 2873 1872 3059 1934; x_wconf 76' lang='grc' dir='ltr'>πάντα</span> <span class='ocrx_word' id='word_1_191' title='bbox 3089 1886 3144 1928; x_wconf 87' lang='grc' dir='ltr'>ιο</span> 
     </span>
     <span class='ocr_line' id='line_1_17' title="bbox 550 1967 3066 2053; baseline 0 -19"><span class='ocrx_word' id='word_1_192' title='bbox 550 1972 620 2034; x_wconf 83' lang='grc' dir='ltr'>τὰ</span> <span class='ocrx_word' id='word_1_193' title='bbox 665 1972 795 2034; x_wconf 85' lang='grc' dir='ltr'>θεῖα</span> <span class='ocrx_word' id='word_1_194' title='bbox 842 1972 991 2052; x_wconf 82' lang='grc' dir='ltr'>ὁμοῦ</span> <span class='ocrx_word' id='word_1_195' title='bbox 1045 1970 1147 2051; x_wconf 86' lang='grc' dir='ltr'>μὲν</span> <span class='ocrx_word' id='word_1_196' title='bbox 1192 1969 1477 2051; x_wconf 87' lang='grc' dir='ltr'>γενέσεως</span> <span class='ocrx_word' id='word_1_197' title='bbox 1532 1970 1679 2050; x_wconf 82' lang='grc' dir='ltr'>ὁμοῦ</span> <span class='ocrx_word' id='word_1_198' title='bbox 1736 1969 1801 2030; x_wconf 80' lang='grc' dir='ltr'>δὲ</span> <span class='ocrx_word' id='word_1_199' title='bbox 1855 1968 2080 2052; x_wconf 81' lang='grc' dir='ltr'>φθορᾶς</span> <span class='ocrx_word' id='word_1_200' title='bbox 2139 1967 2490 2050; x_wconf 80' lang='grc' dir='ltr'>τεταγμένης</span> <span class='ocrx_word' id='word_1_201' title='bbox 2545 1967 2701 2032; x_wconf 79' lang='grc' dir='ltr'>αἴτια</span> <span class='ocrx_word' id='word_1_202' title='bbox 2754 1974 2873 2037; x_wconf 80' lang='grc' dir='ltr'>τοῖς</span> <span class='ocrx_word' id='word_1_203' title='bbox 2917 1972 3066 2053; x_wconf 81' lang='grc' dir='ltr'>τῇδε</span> 
     </span>
     <span class='ocr_line' id='line_1_18' title="bbox 546 2068 3065 2154; baseline 0.001 -19"><span class='ocrx_word' id='word_1_204' title='bbox 546 2074 833 2154; x_wconf 84' lang='grc' dir='ltr'>γίνεσθαι,</span> <span class='ocrx_word' id='word_1_205' title='bbox 895 2071 966 2135; x_wconf 81' lang='grc' dir='ltr'>δι’</span> <span class='ocrx_word' id='word_1_206' title='bbox 1026 2072 1091 2141; x_wconf 81' lang='grc' dir='ltr'>ἃς</span> <span class='ocrx_word' id='word_1_207' title='bbox 1145 2071 1394 2153; x_wconf 81' lang='grc' dir='ltr'>γενέσεις</span> <span class='ocrx_word' id='word_1_208' title='bbox 1452 2071 1545 2133; x_wconf 88' lang='grc' dir='ltr'>καὶ</span> <span class='ocrx_word' id='word_1_209' title='bbox 1599 2070 1825 2154; x_wconf 80' lang='grc' dir='ltr'>φθορὰς</span> <span class='ocrx_word' id='word_1_210' title='bbox 1883 2074 2081 2132; x_wconf 81' lang='grc' dir='ltr'>τοῦτον</span> <span class='ocrx_word' id='word_1_211' title='bbox 2136 2068 2438 2154; x_wconf 85' lang='grc' dir='ltr'>γινομένας</span> <span class='ocrx_word' id='word_1_212' title='bbox 2490 2072 2588 2133; x_wconf 83' lang='grc' dir='ltr'>τὸν</span> <span class='ocrx_word' id='word_1_213' title='bbox 2643 2071 2854 2154; x_wconf 85' lang='grc' dir='ltr'>τρόπον</span> <span class='ocrx_word' id='word_1_214' title='bbox 2907 2072 3065 2137; x_wconf 85' lang='grc' dir='ltr'>ἀίδια</span> 
     </span>
     <span class='ocr_line' id='line_1_19' title="bbox 546 2168 3145 2258; baseline -0.001 -21"><span class='ocrx_word' id='word_1_215' title='bbox 546 2176 641 2237; x_wconf 85' lang='grc' dir='ltr'>καὶ</span> <span class='ocrx_word' id='word_1_216' title='bbox 684 2168 865 2238; x_wconf 78' lang='grc' dir='ltr'>ταῦτα</span> <span class='ocrx_word' id='word_1_217' title='bbox 916 2172 1041 2237; x_wconf 79' lang='grc' dir='ltr'>κατ’</span> <span class='ocrx_word' id='word_1_218' title='bbox 1098 2173 1252 2242; x_wconf 77' lang='grc' dir='ltr'>εἶδος</span> <span class='ocrx_word' id='word_1_219' title='bbox 1306 2172 1493 2254; x_wconf 89' lang='grc' dir='ltr'>μένει,</span> <span class='ocrx_word' id='word_1_220' title='bbox 1550 2173 1632 2255; x_wconf 85' lang='grc' dir='ltr'>μὴ</span> <span class='ocrx_word' id='word_1_221' title='bbox 1688 2169 1868 2255; x_wconf 77' lang='grc' dir='ltr'>οὔσης</span> <span class='ocrx_word' id='word_1_222' title='bbox 1913 2173 2064 2240; x_wconf 85' lang='grc' dir='ltr'>τινὸς</span> <span class='ocrx_word' id='word_1_223' title='bbox 2118 2174 2214 2236; x_wconf 79' lang='grc' dir='ltr'>καὶ</span> <span class='ocrx_word' id='word_1_224' title='bbox 2267 2172 2326 2235; x_wconf 90' lang='grc' dir='ltr'>ἐν</span> <span class='ocrx_word' id='word_1_225' title='bbox 2379 2172 2622 2242; x_wconf 83' lang='grc' dir='ltr'>ἐκείνοις</span> <span class='ocrx_word' id='word_1_226' title='bbox 2674 2174 2941 2258; x_wconf 85' lang='grc' dir='ltr'>ποικίλης</span> <span class='ocrx_word' id='word_1_227' title='bbox 2983 2200 3060 2239; x_wconf 89' lang='grc' dir='ltr'>κι-</span> <span class='ocrx_word' id='word_1_228' title='bbox 3092 2192 3145 2235; x_wconf 76' lang='lat'>15</span> 
     </span>
     <span class='ocr_line' id='line_1_20' title="bbox 549 2278 790 2360; baseline 0.004 -22"><span class='ocrx_word' id='word_1_229' title='bbox 549 2278 790 2360; x_wconf 82' lang='grc' dir='ltr'>νήσεως.</span> 
     </span>
    </p>
   </div>
   <div class='ocr_carea' id='block_1_3' title="bbox 438 2514 3064 2704">
    <p class='ocr_par' dir='ltr' id='par_1_6' title="bbox 438 2514 3064 2704">
     <span class='ocr_line' id='line_1_21' title="bbox 438 2514 3064 2600; baseline 0 -19"><span class='ocrx_word' id='word_1_230' title='bbox 438 2536 508 2582; x_wconf 77' lang='lat'>20</span> <span class='ocrx_word' id='word_1_231' title='bbox 546 2516 769 2581; x_wconf 87' lang='lat' dir='ltr'>XXVI.</span> <span class='ocrx_word' id='word_1_232' title='bbox 889 2516 1043 2585; x_wconf 84' lang='grc' dir='ltr'>Πῶς</span> <span class='ocrx_word' id='word_1_233' title='bbox 1094 2516 1170 2578; x_wconf 84' lang='grc' dir='ltr'>τὸ</span> <span class='ocrx_word' id='word_1_234' title='bbox 1238 2516 1424 2585; x_wconf 81' lang='grc' dir='ltr'>εἶδος</span> <span class='ocrx_word' id='word_1_235' title='bbox 1488 2518 1558 2579; x_wconf 85' lang='grc' dir='ltr'>ἐν</span> <span class='ocrx_word' id='word_1_236' title='bbox 1612 2522 1695 2600; x_wconf 83' lang='grc' dir='ltr'>τῇ</span> <span class='ocrx_word' id='word_1_237' title='bbox 1767 2518 1928 2600; x_wconf 78' lang='grc' dir='ltr'>ὕλῃ,</span> <span class='ocrx_word' id='word_1_238' title='bbox 1997 2515 2292 2600; x_wconf 86' lang='grc' dir='ltr'>πότερον</span> <span class='ocrx_word' id='word_1_239' title='bbox 2362 2514 2518 2579; x_wconf 83' lang='grc' dir='ltr'>καθ’</span> <span class='ocrx_word' id='word_1_240' title='bbox 2573 2517 2740 2580; x_wconf 81' lang='grc' dir='ltr'>αὐτὸ</span> <span class='ocrx_word' id='word_1_241' title='bbox 2796 2516 2833 2599; x_wconf 82' lang='grc' dir='ltr'><strong>ἥ</strong></span> <span class='ocrx_word' id='word_1_242' title='bbox 2889 2518 3064 2581; x_wconf 81' lang='grc' dir='ltr'>κατὰ</span> 
     </span>
     <span class='ocr_line' id='line_1_22' title="bbox 1568 2618 2034 2704; baseline -0.004 -21"><span class='ocrx_word' id='word_1_243' title='bbox 1568 2618 2034 2704; x_wconf 50' lang='grc' dir='ltr'>συμβεβηκός</span> 
     </span>
    </p>
   </div>
   <div class='ocr_carea' id='block_1_4' title="bbox 438 2787 3168 3488">
    <p class='ocr_par' dir='ltr' id='par_1_7' title="bbox 546 2787 3144 3080">
     <span class='ocr_line' id='line_1_23' title="bbox 716 2787 3060 2873; baseline -0.001 -19"><span class='ocrx_word' id='word_1_244' title='bbox 716 2788 788 2854; x_wconf 84' lang='grc' dir='ltr'>Εἰ</span> <span class='ocrx_word' id='word_1_245' title='bbox 835 2790 937 2871; x_wconf 85' lang='grc' dir='ltr'>μὲν</span> <span class='ocrx_word' id='word_1_246' title='bbox 984 2790 1141 2872; x_wconf 87' lang='grc' dir='ltr'>λέγοι</span> <span class='ocrx_word' id='word_1_247' title='bbox 1186 2815 1267 2859; x_wconf 88' lang='grc' dir='ltr'>τις</span> <span class='ocrx_word' id='word_1_248' title='bbox 1312 2792 1373 2853; x_wconf 87' lang='grc' dir='ltr'>ἐν</span> <span class='ocrx_word' id='word_1_249' title='bbox 1405 2797 1479 2872; x_wconf 83' lang='grc' dir='ltr'>τῇ</span> <span class='ocrx_word' id='word_1_250' title='bbox 1528 2792 1639 2873; x_wconf 76' lang='grc' dir='ltr'>ὕλῃ</span> <span class='ocrx_word' id='word_1_251' title='bbox 1672 2791 1932 2872; x_wconf 87' lang='grc' dir='ltr'>γίνεσθαι</span> <span class='ocrx_word' id='word_1_252' title='bbox 1977 2792 2042 2852; x_wconf 81' lang='grc' dir='ltr'>τὸ</span> <span class='ocrx_word' id='word_1_253' title='bbox 2087 2788 2238 2858; x_wconf 81' lang='grc' dir='ltr'>εἶδος</span> <span class='ocrx_word' id='word_1_254' title='bbox 2283 2788 2420 2852; x_wconf 82' lang='grc' dir='ltr'>καθ’</span> <span class='ocrx_word' id='word_1_255' title='bbox 2462 2788 2624 2865; x_wconf 81' lang='grc' dir='ltr'>αὑτό,</span> <span class='ocrx_word' id='word_1_256' title='bbox 2671 2787 2835 2853; x_wconf 87' lang='grc' dir='ltr'>ἔσται</span> <span class='ocrx_word' id='word_1_257' title='bbox 2881 2790 2940 2852; x_wconf 88' lang='grc' dir='ltr'>ἐν</span> <span class='ocrx_word' id='word_1_258' title='bbox 2981 2794 3060 2873; x_wconf 79' lang='grc' dir='ltr'>τῇ</span> 
     </span>
     <span class='ocr_line' id='line_1_24' title="bbox 546 2890 3144 2977; baseline -0.001 -23"><span class='ocrx_word' id='word_1_259' title='bbox 546 2891 713 2975; x_wconf 75' lang='grc' dir='ltr'>οὐσίᾳ</span> <span class='ocrx_word' id='word_1_260' title='bbox 756 2896 861 2974; x_wconf 83' lang='grc' dir='ltr'>τῆς</span> <span class='ocrx_word' id='word_1_261' title='bbox 908 2893 1049 2976; x_wconf 81' lang='grc' dir='ltr'>ὕλης</span> <span class='ocrx_word' id='word_1_262' title='bbox 1094 2894 1160 2955; x_wconf 87' lang='grc' dir='ltr'>τὸ</span> <span class='ocrx_word' id='word_1_263' title='bbox 1205 2893 1359 2962; x_wconf 84' lang='grc' dir='ltr'>εἶδος</span> <span class='ocrx_word' id='word_1_264' title='bbox 1404 2891 1540 2957; x_wconf 78' lang='grc' dir='ltr'>καθ’</span> <span class='ocrx_word' id='word_1_265' title='bbox 1596 2892 1769 2967; x_wconf 85' lang='grc' dir='ltr'>αὑτό,</span> <span class='ocrx_word' id='word_1_266' title='bbox 1822 2892 1875 2953; x_wconf 83' lang='grc' dir='ltr'>εἰ</span> <span class='ocrx_word' id='word_1_267' title='bbox 1919 2892 1985 2953; x_wconf 89' lang='grc' dir='ltr'>τὸ</span> <span class='ocrx_word' id='word_1_268' title='bbox 2031 2890 2168 2955; x_wconf 84' lang='grc' dir='ltr'>καθ’</span> <span class='ocrx_word' id='word_1_269' title='bbox 2223 2891 2369 2953; x_wconf 83' lang='grc' dir='ltr'>αὑτὸ</span> <span class='ocrx_word' id='word_1_270' title='bbox 2417 2892 2680 2976; x_wconf 82' lang='grc' dir='ltr'>ὑπάρχον</span> <span class='ocrx_word' id='word_1_271' title='bbox 2725 2894 2832 2955; x_wconf 91' lang='grc' dir='ltr'>τινὶ</span> <span class='ocrx_word' id='word_1_272' title='bbox 2879 2895 2938 2957; x_wconf 86' lang='grc' dir='ltr'>ἐν</span> <span class='ocrx_word' id='word_1_273' title='bbox 2983 2898 3057 2977; x_wconf 85' lang='grc' dir='ltr'>τῇ</span> <span class='ocrx_word' id='word_1_274' title='bbox 3087 2909 3144 2951; x_wconf 73' lang='grc' dir='ltr'>εο</span> 
     </span>
     <span class='ocr_line' id='line_1_25' title="bbox 549 2992 3053 3080; baseline 0.001 -24"><span class='ocrx_word' id='word_1_275' title='bbox 549 2993 717 3077; x_wconf 75' lang='grc' dir='ltr'>οὐσίᾳ</span> <span class='ocrx_word' id='word_1_276' title='bbox 760 2994 958 3057; x_wconf 82' lang='grc' dir='ltr'>αὐτοῦ.</span> <span class='ocrx_word' id='word_1_277' title='bbox 1036 2994 1156 3057; x_wconf 82' lang='grc' dir='ltr'>ἀλλ’</span> <span class='ocrx_word' id='word_1_278' title='bbox 1202 2996 1253 3057; x_wconf 83' lang='grc' dir='ltr'>εἰ</span> <span class='ocrx_word' id='word_1_279' title='bbox 1298 3000 1489 3069; x_wconf 79' lang='grc' dir='ltr'>τοῦτο,</span> <span class='ocrx_word' id='word_1_280' title='bbox 1537 2992 1940 3078; x_wconf 82' lang='grc' dir='ltr'>συμφθει’ροιτ’</span> <span class='ocrx_word' id='word_1_281' title='bbox 1981 2993 2050 3056; x_wconf 78' lang='grc' dir='ltr'>ἂν</span> <span class='ocrx_word' id='word_1_282' title='bbox 2097 2995 2134 3077; x_wconf 87' lang='grc' dir='ltr'>ἡ</span> <span class='ocrx_word' id='word_1_283' title='bbox 2184 2995 2292 3077; x_wconf 78' lang='grc' dir='ltr'>ὕλη</span> <span class='ocrx_word' id='word_1_284' title='bbox 2340 2997 2427 3078; x_wconf 72' lang='grc' dir='ltr'>τῷ</span> <span class='ocrx_word' id='word_1_285' title='bbox 2473 2992 2616 3056; x_wconf 82' lang='grc' dir='ltr'>εἴδει</span> <span class='ocrx_word' id='word_1_286' title='bbox 2661 2995 3053 3080; x_wconf 81' lang='grc' dir='ltr'>φθειρομένῳ.</span> 
     </span>
    </p>

    <p class='ocr_par' dir='ltr' id='par_1_8' title="bbox 438 3093 3168 3488">
     <span class='ocr_line' id='line_1_26' title="bbox 438 3093 3168 3182; baseline 0.001 -23"><span class='ocrx_word' id='word_1_287' title='bbox 438 3118 506 3166; x_wconf 80' lang='lat'>25</span> <span class='ocrx_word' id='word_1_288' title='bbox 548 3098 586 3180; x_wconf 84' lang='grc' dir='ltr'><strong>ἢ</strong></span> <span class='ocrx_word' id='word_1_289' title='bbox 634 3098 731 3159; x_wconf 89' lang='grc' dir='ltr'>καὶ</span> <span class='ocrx_word' id='word_1_290' title='bbox 775 3098 835 3159; x_wconf 85' lang='grc' dir='ltr'>ἐν</span> <span class='ocrx_word' id='word_1_291' title='bbox 880 3102 955 3179; x_wconf 85' lang='grc' dir='ltr'>τῇ</span> <span class='ocrx_word' id='word_1_292' title='bbox 1004 3096 1175 3180; x_wconf 70' lang='grc' dir='ltr'>οὐσία</span> <span class='ocrx_word' id='word_1_293' title='bbox 1231 3098 1351 3161; x_wconf 81' lang='grc' dir='ltr'>ἐστὶ</span> <span class='ocrx_word' id='word_1_294' title='bbox 1396 3103 1500 3180; x_wconf 77' lang='grc' dir='ltr'>τῆς</span> <span class='ocrx_word' id='word_1_295' title='bbox 1544 3098 1687 3181; x_wconf 81' lang='grc' dir='ltr'>ὕλης</span> <span class='ocrx_word' id='word_1_296' title='bbox 1740 3099 1804 3160; x_wconf 85' lang='grc' dir='ltr'>τὸ</span> <span class='ocrx_word' id='word_1_297' title='bbox 1851 3096 2022 3165; x_wconf 85' lang='grc' dir='ltr'>εἶδος.</span> <span class='ocrx_word' id='word_1_298' title='bbox 2113 3096 2181 3159; x_wconf 84' lang='grc' dir='ltr'>οὐ</span> <span class='ocrx_word' id='word_1_299' title='bbox 2227 3095 2338 3178; x_wconf 81' lang='grc' dir='ltr'>γὰρ</span> <span class='ocrx_word' id='word_1_300' title='bbox 2383 3096 2506 3159; x_wconf 78' lang='grc' dir='ltr'>οἷόν</span> <span class='ocrx_word' id='word_1_301' title='bbox 2561 3120 2623 3160; x_wconf 88' lang='grc' dir='ltr'>τε</span> <span class='ocrx_word' id='word_1_302' title='bbox 2673 3093 2680 3182; x_wconf 79' lang='grc' dir='ltr'>Ι</span> <span class='ocrx_word' id='word_1_303' title='bbox 2731 3098 2871 3180; x_wconf 81' lang='grc' dir='ltr'>ὕλην</span> <span class='ocrx_word' id='word_1_304' title='bbox 2917 3098 3061 3162; x_wconf 85' lang='grc' dir='ltr'>εἶναι</span> <span class='ocrx_word' id='word_1_305' title='bbox 3109 3107 3168 3167; x_wconf 87' lang='grc'>81</span> 
     </span>
     <span class='ocr_line' id='line_1_27' title="bbox 544 3196 3048 3285; baseline 0.001 -24"><span class='ocrx_word' id='word_1_306' title='bbox 544 3198 685 3262; x_wconf 82' lang='grc' dir='ltr'>ἄνευ</span> <span class='ocrx_word' id='word_1_307' title='bbox 730 3204 831 3262; x_wconf 81' lang='grc' dir='ltr'>τοῦ</span> <span class='ocrx_word' id='word_1_308' title='bbox 878 3200 1095 3263; x_wconf 87' lang='grc' dir='ltr'>οἰκείου</span> <span class='ocrx_word' id='word_1_309' title='bbox 1128 3198 1335 3275; x_wconf 79' lang='grc' dir='ltr'>εἴδους,</span> <span class='ocrx_word' id='word_1_310' title='bbox 1382 3201 1531 3263; x_wconf 80' lang='grc' dir='ltr'>ἀλλὰ</span> <span class='ocrx_word' id='word_1_311' title='bbox 1577 3200 1902 3285; x_wconf 87' lang='grc' dir='ltr'>φθαρέντος</span> <span class='ocrx_word' id='word_1_312' title='bbox 1947 3202 2048 3260; x_wconf 82' lang='grc' dir='ltr'>τοῦ</span> <span class='ocrx_word' id='word_1_313' title='bbox 2097 3196 2288 3266; x_wconf 72' lang='grc' dir='ltr'>εἴδους</span> <span class='ocrx_word' id='word_1_314' title='bbox 2333 3196 2802 3282; x_wconf 84' lang='grc' dir='ltr'>ἣχωρισθέντος</span> <span class='ocrx_word' id='word_1_315' title='bbox 2845 3200 3048 3264; x_wconf 81' lang='grc' dir='ltr'>οὐκέθ’</span> 
     </span>
     <span class='ocr_line' id='line_1_28' title="bbox 554 3298 3052 3386; baseline 0.001 -22"><span class='ocrx_word' id='word_1_316' title='bbox 554 3300 675 3364; x_wconf 82' lang='grc' dir='ltr'>οἷόν</span> <span class='ocrx_word' id='word_1_317' title='bbox 722 3324 783 3364; x_wconf 89' lang='grc' dir='ltr'>τε</span> <span class='ocrx_word' id='word_1_318' title='bbox 828 3302 1051 3386; x_wconf 85' lang='grc' dir='ltr'>ἐκείνην</span> <span class='ocrx_word' id='word_1_319' title='bbox 1097 3304 1199 3385; x_wconf 87' lang='grc' dir='ltr'>τὴν</span> <span class='ocrx_word' id='word_1_320' title='bbox 1248 3303 1387 3385; x_wconf 75' lang='grc' dir='ltr'>ὓλην</span> <span class='ocrx_word' id='word_1_321' title='bbox 1420 3302 1585 3378; x_wconf 79' lang='grc' dir='ltr'>εἶναι,</span> <span class='ocrx_word' id='word_1_322' title='bbox 1632 3303 1705 3385; x_wconf 78' lang='grc' dir='ltr'>ἧς</span> <span class='ocrx_word' id='word_1_323' title='bbox 1748 3300 1819 3384; x_wconf 83' lang='grc' dir='ltr'>ἧν</span> <span class='ocrx_word' id='word_1_324' title='bbox 1869 3301 2022 3367; x_wconf 79' lang='grc' dir='ltr'>εἶδος</span> <span class='ocrx_word' id='word_1_325' title='bbox 2067 3298 2276 3373; x_wconf 84' lang='grc' dir='ltr'>ἐκεῖνο,</span> <span class='ocrx_word' id='word_1_326' title='bbox 2322 3298 2475 3361; x_wconf 78' lang='grc' dir='ltr'>ἀλλὰ</span> <span class='ocrx_word' id='word_1_327' title='bbox 2519 3299 2644 3381; x_wconf 82' lang='grc' dir='ltr'>ἅμα</span> <span class='ocrx_word' id='word_1_328' title='bbox 2688 3301 2864 3378; x_wconf 83' lang='grc' dir='ltr'>ἐστίν,</span> <span class='ocrx_word' id='word_1_329' title='bbox 2911 3302 3052 3366; x_wconf 80' lang='grc' dir='ltr'>ὥστ’</span> 
     </span>
     <span class='ocr_line' id='line_1_29' title="bbox 552 3400 3148 3488; baseline -0.001 -22"><span class='ocrx_word' id='word_1_330' title='bbox 552 3405 634 3473; x_wconf 80' lang='grc' dir='ltr'>εἰς</span> <span class='ocrx_word' id='word_1_331' title='bbox 688 3405 754 3468; x_wconf 86' lang='grc' dir='ltr'>τὸ</span> <span class='ocrx_word' id='word_1_332' title='bbox 812 3403 961 3466; x_wconf 78' lang='grc' dir='ltr'>εἶναι</span> <span class='ocrx_word' id='word_1_333' title='bbox 1017 3404 1127 3487; x_wconf 72' lang='grc' dir='ltr'>ὕλῃ</span> <span class='ocrx_word' id='word_1_334' title='bbox 1189 3404 1581 3488; x_wconf 82' lang='grc' dir='ltr'>συμβάλλεται</span> <span class='ocrx_word' id='word_1_335' title='bbox 1634 3402 1785 3486; x_wconf 80' lang='grc' dir='ltr'>αὐτῇ</span> <span class='ocrx_word' id='word_1_336' title='bbox 1842 3405 1882 3487; x_wconf 77' lang='grc' dir='ltr'>ἡ</span> <span class='ocrx_word' id='word_1_337' title='bbox 1939 3401 2228 3486; x_wconf 86' lang='grc' dir='ltr'>παρουσία</span> <span class='ocrx_word' id='word_1_338' title='bbox 2281 3405 2382 3464; x_wconf 79' lang='grc' dir='ltr'>τοῦ</span> <span class='ocrx_word' id='word_1_339' title='bbox 2435 3400 2643 3471; x_wconf 82' lang='grc' dir='ltr'>εἴδους.</span> <span class='ocrx_word' id='word_1_340' title='bbox 2733 3403 2869 3467; x_wconf 81' lang='grc' dir='ltr'>καθ’</span> <span class='ocrx_word' id='word_1_341' title='bbox 2925 3406 3065 3469; x_wconf 86' lang='grc' dir='ltr'>αὑτὸ</span> <span class='ocrx_word' id='word_1_342' title='bbox 3119 3422 3148 3464; x_wconf 74' lang='lat'>5</span> 
     </span>
    </p>
   </div>
   <div class='ocr_carea' id='block_1_5' title="bbox 995 3578 1247 3584">
    <p class='ocr_par' dir='ltr' id='par_1_9' title="bbox 995 3578 1247 3584">
     <span class='ocr_line' id='line_1_30' title="bbox 995 3578 1247 3584; baseline 0 0"><span class='ocrx_word' id='word_1_343' title='bbox 995 3578 1247 3584; x_wconf 95' lang='lat' dir='ltr'> </span> 
     </span>
    </p>
   </div>
   <div class='ocr_carea' id='block_1_6' title="bbox 436 3688 3174 4198">
    <p class='ocr_par' dir='ltr' id='par_1_10' title="bbox 438 3688 3170 3847">
     <span class='ocr_line' id='line_1_31' title="bbox 438 3688 3170 3762; baseline 0.002 -19"><span class='ocrx_word' id='word_1_344' title='bbox 438 3690 469 3743; x_wconf 78' lang='grc'>2</span> <span class='ocrx_word' id='word_1_345' title='bbox 516 3690 569 3743; x_wconf 74' lang='grc' dir='ltr'>δὲ</span> <span class='ocrx_word' id='word_1_346' title='bbox 616 3692 738 3744; x_wconf 80' lang='grc' dir='ltr'>εἶναι</span> <span class='ocrx_word' id='word_1_347' title='bbox 787 3694 997 3761; x_wconf 84' lang='lat' dir='ltr'>scripsi:</span> <span class='ocrx_word' id='word_1_348' title='bbox 1057 3693 1109 3746; x_wconf 84' lang='grc' dir='ltr'>δὲ</span> <span class='ocrx_word' id='word_1_349' title='bbox 1156 3693 1249 3762; x_wconf 82' lang='grc' dir='ltr'>τὴν</span> <span class='ocrx_word' id='word_1_350' title='bbox 1290 3693 1385 3743; x_wconf 77' lang='lat' dir='ltr'>V¹z</span> <span class='ocrx_word' id='word_1_351' title='bbox 1441 3692 1494 3745; x_wconf 82' lang='grc' dir='ltr'>δὲ</span> <span class='ocrx_word' id='word_1_352' title='bbox 1532 3690 1751 3744; x_wconf 75' lang='lat' dir='ltr'><strong>v²BS²a</strong></span> <span class='ocrx_word' id='word_1_353' title='bbox 1786 3690 1900 3759; x_wconf 79' lang='lat' dir='ltr'><strong>Sp.=</strong></span> <span class='ocrx_word' id='word_1_354' title='bbox 1957 3688 2010 3742; x_wconf 82' lang='grc' dir='ltr'>δὲ</span> <span class='ocrx_word' id='word_1_355' title='bbox 2053 3688 2116 3759; x_wconf 82' lang='grc' dir='ltr'>ἠν</span> <span class='ocrx_word' id='word_1_356' title='bbox 2155 3693 2354 3744; x_wconf 85' lang='lat' dir='ltr'><strong>GFS¹L</strong></span> <span class='ocrx_word' id='word_1_357' title='bbox 2625 3692 2657 3744; x_wconf 88' lang='grc'><strong>3</strong></span> <span class='ocrx_word' id='word_1_358' title='bbox 2703 3699 2807 3745; x_wconf 87' lang='grc' dir='ltr'>τῶν</span> <span class='ocrx_word' id='word_1_359' title='bbox 2845 3692 3060 3749; x_wconf 78' lang='grc' dir='ltr'>ἐκείναισ</span> <span class='ocrx_word' id='word_1_360' title='bbox 3098 3700 3170 3749; x_wconf 87' lang='lat' dir='ltr'>V¹</span> 
     </span>
     <span class='ocr_line' id='line_1_32' title="bbox 439 3777 3100 3847; baseline 0.002 -16"><span class='ocrx_word' id='word_1_361' title='bbox 439 3779 591 3845; x_wconf 83' lang='lat' dir='ltr'><strong>(corr.</strong></span> <span class='ocrx_word' id='word_1_362' title='bbox 616 3778 707 3844; x_wconf 62' lang='grc' dir='ltr'>ν’)</span> <span class='ocrx_word' id='word_1_363' title='bbox 887 3780 918 3833; x_wconf 85' lang='lat'>5</span> <span class='ocrx_word' id='word_1_364' title='bbox 956 3780 1011 3833; x_wconf 84' lang='grc' dir='ltr'>τὸ</span> <span class='ocrx_word' id='word_1_365' title='bbox 1036 3778 1344 3835; x_wconf 79' lang='lat' dir='ltr'>v¹GSFB²a</span> <span class='ocrx_word' id='word_1_366' title='bbox 1376 3779 1495 3847; x_wconf 87' lang='lat' dir='ltr'><strong>Sp.:</strong></span> <span class='ocrx_word' id='word_1_367' title='bbox 1534 3778 1815 3831; x_wconf 59' lang='lat' dir='ltr'>166213¹v²</span> <span class='ocrx_word' id='word_1_368' title='bbox 1992 3777 2072 3829; x_wconf 83' lang='grc' dir='ltr'>διά</span> <span class='ocrx_word' id='word_1_369' title='bbox 2107 3796 2155 3829; x_wconf 93' lang='grc' dir='ltr'>τι</span> <span class='ocrx_word' id='word_1_370' title='bbox 2176 3778 2370 3832; x_wconf 77' lang='lat' dir='ltr'><strong>v²FBa</strong></span> <span class='ocrx_word' id='word_1_371' title='bbox 2395 3781 2510 3846; x_wconf 87' lang='lat' dir='ltr'><strong>Sp.:</strong></span> <span class='ocrx_word' id='word_1_372' title='bbox 2550 3778 2678 3831; x_wconf 82' lang='grc' dir='ltr'>διατι</span> <span class='ocrx_word' id='word_1_373' title='bbox 2699 3782 2795 3833; x_wconf 84' lang='lat' dir='ltr'>V¹=</span> <span class='ocrx_word' id='word_1_374' title='bbox 2835 3780 2913 3833; x_wconf 86' lang='grc' dir='ltr'>δια</span> <span class='ocrx_word' id='word_1_375' title='bbox 2938 3782 2988 3834; x_wconf 87' lang='grc' dir='ltr'>τί</span> <span class='ocrx_word' id='word_1_376' title='bbox 3015 3788 3100 3839; x_wconf 87' lang='lat' dir='ltr'>GS</span> 
     </span>
    </p>

    <p class='ocr_par' dir='ltr' id='par_1_11' title="bbox 436 3864 3174 4198">
     <span class='ocr_line' id='line_1_33' title="bbox 438 3864 3172 3939; baseline 0.004 -23"><span class='ocrx_word' id='word_1_377' title='bbox 438 3866 468 3916; x_wconf 88' lang='grc'>7</span> <span class='ocrx_word' id='word_1_378' title='bbox 510 3865 713 3934; x_wconf 78' lang='grc' dir='ltr'>γενέσει]</span> <span class='ocrx_word' id='word_1_379' title='bbox 758 3883 842 3919; x_wconf 83' lang='grc' dir='ltr'>νεσ</span> <span class='ocrx_word' id='word_1_380' title='bbox 878 3868 935 3919; x_wconf 90' lang='lat' dir='ltr'>in</span> <span class='ocrx_word' id='word_1_381' title='bbox 974 3870 1049 3920; x_wconf 79' lang='lat' dir='ltr'><strong>lit.</strong></span> <span class='ocrx_word' id='word_1_382' title='bbox 1094 3872 1137 3917; x_wconf 88' lang='lat' dir='ltr'>V</span> <span class='ocrx_word' id='word_1_383' title='bbox 1302 3883 1355 3918; x_wconf 80' lang='grc' dir='ltr'>τε</span> <span class='ocrx_word' id='word_1_384' title='bbox 1395 3882 1495 3918; x_wconf 91' lang='lat' dir='ltr'>om.</span> <span class='ocrx_word' id='word_1_385' title='bbox 1532 3870 1649 3919; x_wconf 78' lang='lat' dir='ltr'>FSa</span> <span class='ocrx_word' id='word_1_386' title='bbox 1684 3870 1771 3930; x_wconf 83' lang='lat' dir='ltr'>Sp.</span> <span class='ocrx_word' id='word_1_387' title='bbox 1941 3864 1974 3917; x_wconf 85' lang='lat'>8</span> <span class='ocrx_word' id='word_1_388' title='bbox 2011 3864 2178 3937; x_wconf 83' lang='grc' dir='ltr'>χάριν]</span> <span class='ocrx_word' id='word_1_389' title='bbox 2219 3883 2244 3934; x_wconf 91' lang='grc' dir='ltr'>ρ</span> <span class='ocrx_word' id='word_1_390' title='bbox 2283 3865 2338 3917; x_wconf 88' lang='lat' dir='ltr'>in</span> <span class='ocrx_word' id='word_1_391' title='bbox 2380 3866 2457 3918; x_wconf 80' lang='lat' dir='ltr'><strong>lit.</strong></span> <span class='ocrx_word' id='word_1_392' title='bbox 2495 3871 2546 3918; x_wconf 89' lang='lat' dir='ltr'>V</span> <span class='ocrx_word' id='word_1_393' title='bbox 2708 3869 2740 3920; x_wconf 90' lang='grc'><strong>9</strong></span> <span class='ocrx_word' id='word_1_394' title='bbox 2785 3878 3027 3939; x_wconf 86' lang='grc' dir='ltr'>προνοοῠν</span> <span class='ocrx_word' id='word_1_395' title='bbox 3065 3873 3098 3925; x_wconf 93' lang='lat' dir='ltr'>l.</span> <span class='ocrx_word' id='word_1_396' title='bbox 3126 3890 3172 3926; x_wconf 83' lang='grc' dir='ltr'>ο.</span> 
     </span>
     <span class='ocr_line' id='line_1_34' title="bbox 438 3951 3172 4027; baseline 0.004 -24"><span class='ocrx_word' id='word_1_397' title='bbox 438 3968 489 4020; x_wconf 85' lang='lat' dir='ltr'>p.</span> <span class='ocrx_word' id='word_1_398' title='bbox 518 3951 619 4004; x_wconf 75' lang='lat'>229</span> <span class='ocrx_word' id='word_1_399' title='bbox 656 3955 823 4006; x_wconf 86' lang='lat' dir='ltr'><strong>otiose</strong></span> <span class='ocrx_word' id='word_1_400' title='bbox 861 3956 1183 4023; x_wconf 81' lang='lat' dir='ltr'><strong>corrigebam</strong></span> <span class='ocrx_word' id='word_1_401' title='bbox 1326 3953 1535 4023; x_wconf 81' lang='grc' dir='ltr'>λέγομεν</span> <span class='ocrx_word' id='word_1_402' title='bbox 1581 3955 1715 4007; x_wconf 85' lang='lat' dir='ltr'><strong>coni.</strong></span> <span class='ocrx_word' id='word_1_403' title='bbox 1756 3958 1844 4021; x_wconf 73' lang='lat' dir='ltr'>Sp.</span> <span class='ocrx_word' id='word_1_404' title='bbox 2003 3952 2293 4019; x_wconf 73' lang='grc' dir='ltr'>κινοῦμενον</span> <span class='ocrx_word' id='word_1_405' title='bbox 2331 3954 2462 4017; x_wconf 83' lang='lat' dir='ltr'><strong>(scil.</strong></span> <span class='ocrx_word' id='word_1_406' title='bbox 2490 3953 2640 4017; x_wconf 77' lang='grc' dir='ltr'>ἐστίν)</span> <span class='ocrx_word' id='word_1_407' title='bbox 2679 3954 2822 4009; x_wconf 89' lang='lat' dir='ltr'>libri:</span> <span class='ocrx_word' id='word_1_408' title='bbox 2863 3960 3172 4027; x_wconf 81' lang='grc' dir='ltr'>κινουμένων</span> 
     </span>
     <span class='ocr_line' id='line_1_35' title="bbox 438 4038 3174 4111; baseline 0.003 -20"><span class='ocrx_word' id='word_1_409' title='bbox 438 4041 576 4092; x_wconf 89' lang='lat' dir='ltr'><strong>coni.</strong></span> <span class='ocrx_word' id='word_1_410' title='bbox 615 4040 703 4107; x_wconf 87' lang='lat' dir='ltr'>Sp.</span> <span class='ocrx_word' id='word_1_411' title='bbox 876 4043 941 4093; x_wconf 92' lang='lat'>10</span> <span class='ocrx_word' id='word_1_412' title='bbox 978 4041 1036 4093; x_wconf 83' lang='grc' dir='ltr'>ἂν</span> <span class='ocrx_word' id='word_1_413' title='bbox 1073 4042 1149 4111; x_wconf 80' lang='grc' dir='ltr'>εἴη</span> <span class='ocrx_word' id='word_1_414' title='bbox 1178 4042 1291 4094; x_wconf 86' lang='lat' dir='ltr'>v²B</span> <span class='ocrx_word' id='word_1_415' title='bbox 1332 4042 1445 4109; x_wconf 84' lang='lat' dir='ltr'><strong>Sp.:</strong></span> <span class='ocrx_word' id='word_1_416' title='bbox 1486 4042 1545 4093; x_wconf 79' lang='grc' dir='ltr'>ἂν</span> <span class='ocrx_word' id='word_1_417' title='bbox 1584 4042 1625 4093; x_wconf 75' lang='grc' dir='ltr'>εἰ</span> <span class='ocrx_word' id='word_1_418' title='bbox 1663 4038 1781 4092; x_wconf 65' lang='lat'>8²⁸:</span> <span class='ocrx_word' id='word_1_419' title='bbox 1822 4040 1898 4091; x_wconf 83' lang='grc' dir='ltr'>ἀεὶ</span> <span class='ocrx_word' id='word_1_420' title='bbox 1923 4040 2196 4093; x_wconf 81' lang='lat' dir='ltr'><strong>V¹GFS¹L</strong></span> <span class='ocrx_word' id='word_1_421' title='bbox 2361 4041 2678 4111; x_wconf 85' lang='grc' dir='ltr'>ἀριστοτέλην</span> <span class='ocrx_word' id='word_1_422' title='bbox 2714 4060 2746 4094; x_wconf 79' lang='lat' dir='ltr'><strong>a</strong></span> <span class='ocrx_word' id='word_1_423' title='bbox 2783 4046 2872 4111; x_wconf 89' lang='lat' dir='ltr'>Sp.</span> <span class='ocrx_word' id='word_1_424' title='bbox 3039 4050 3174 4100; x_wconf 82' lang='grc' dir='ltr'>κατὰ</span> 
     </span>
     <span class='ocr_line' id='line_1_36' title="bbox 436 4124 3171 4198; baseline 0.003 -20"><span class='ocrx_word' id='word_1_425' title='bbox 436 4124 746 4198; x_wconf 76' lang='grc' dir='ltr'>Ἀριστοτέλη</span> <span class='ocrx_word' id='word_1_426' title='bbox 787 4128 954 4181; x_wconf 80' lang='lat' dir='ltr'><strong>delevi</strong></span> <span class='ocrx_word' id='word_1_427' title='bbox 982 4128 1045 4180; x_wconf 83' lang='lat' dir='ltr'>cf.</span> <span class='ocrx_word' id='word_1_428' title='bbox 1077 4128 1107 4180; x_wconf 92' lang='grc' dir='ltr'>Ι.</span> <span class='ocrx_word' id='word_1_429' title='bbox 1140 4146 1183 4181; x_wconf 87' lang='lat' dir='ltr'>c.</span> <span class='ocrx_word' id='word_1_430' title='bbox 1213 4145 1260 4196; x_wconf 88' lang='lat' dir='ltr'>p.</span> <span class='ocrx_word' id='word_1_431' title='bbox 1290 4129 1389 4181; x_wconf 78' lang='lat'>229</span> <span class='ocrx_word' id='word_1_432' title='bbox 1410 4145 1485 4197; x_wconf 83' lang='lat' dir='ltr'>sq.</span> <span class='ocrx_word' id='word_1_433' title='bbox 1645 4128 1705 4179; x_wconf 76' lang='lat'>12</span> <span class='ocrx_word' id='word_1_434' title='bbox 1745 4126 1989 4195; x_wconf 84' lang='grc' dir='ltr'>διαμονησ</span> <span class='ocrx_word' id='word_1_435' title='bbox 2017 4128 2092 4179; x_wconf 83' lang='lat' dir='ltr'>sic</span> <span class='ocrx_word' id='word_1_436' title='bbox 2121 4128 2189 4178; x_wconf 87' lang='lat' dir='ltr'>V¹</span> <span class='ocrx_word' id='word_1_437' title='bbox 2334 4127 2545 4196; x_wconf 82' lang='grc' dir='ltr'>κεῖνται]</span> <span class='ocrx_word' id='word_1_438' title='bbox 2585 4137 2795 4183; x_wconf 82' lang='grc' dir='ltr'>κινεῖται</span> <span class='ocrx_word' id='word_1_439' title='bbox 2831 4148 2864 4182; x_wconf 79' lang='lat' dir='ltr'><strong>a</strong></span> <span class='ocrx_word' id='word_1_440' title='bbox 3012 4132 3074 4186; x_wconf 85' lang='lat'>15</span> <span class='ocrx_word' id='word_1_441' title='bbox 3113 4133 3171 4186; x_wconf 79' lang='grc' dir='ltr'>οὒ</span> 
     </span>
    </p>
   </div>
   <div class='ocr_carea' id='block_1_7' title="bbox 434 4210 3170 4917">
    <p class='ocr_par' dir='ltr' id='par_1_12' title="bbox 434 4210 3170 4737">
     <span class='ocr_line' id='line_1_37' title="bbox 438 4210 3169 4288; baseline 0.003 -22"><span class='ocrx_word' id='word_1_442' title='bbox 438 4217 531 4285; x_wconf 85' lang='grc' dir='ltr'>γὰρ</span> <span class='ocrx_word' id='word_1_443' title='bbox 569 4214 671 4266; x_wconf 77' lang='grc' dir='ltr'>οἶόν</span> <span class='ocrx_word' id='word_1_444' title='bbox 708 4210 750 4267; x_wconf 78' lang='grc' dir='ltr'>τ’</span> <span class='ocrx_word' id='word_1_445' title='bbox 790 4215 853 4285; x_wconf 79' lang='grc' dir='ltr'>ἦν</span> <span class='ocrx_word' id='word_1_446' title='bbox 894 4219 1059 4270; x_wconf 77' lang='lat' dir='ltr'><strong>GFSa</strong></span> <span class='ocrx_word' id='word_1_447' title='bbox 1095 4217 1210 4284; x_wconf 86' lang='lat' dir='ltr'><strong>Sp.:</strong></span> <span class='ocrx_word' id='word_1_448' title='bbox 1251 4216 1309 4268; x_wconf 78' lang='grc' dir='ltr'>οὒ</span> <span class='ocrx_word' id='word_1_449' title='bbox 1346 4217 1438 4288; x_wconf 83' lang='grc' dir='ltr'>γὰρ</span> <span class='ocrx_word' id='word_1_450' title='bbox 1477 4216 1581 4270; x_wconf 81' lang='grc' dir='ltr'>οἷον</span> <span class='ocrx_word' id='word_1_451' title='bbox 1618 4217 1711 4285; x_wconf 80' lang='grc' dir='ltr'>τὴν</span> <span class='ocrx_word' id='word_1_452' title='bbox 1739 4216 1832 4266; x_wconf 86' lang='lat' dir='ltr'>V¹:</span> <span class='ocrx_word' id='word_1_453' title='bbox 1881 4213 2004 4284; x_wconf 68' lang='grc' dir='ltr'>οὐχ’</span> <span class='ocrx_word' id='word_1_454' title='bbox 2041 4214 2145 4267; x_wconf 79' lang='grc' dir='ltr'>οἷόν</span> <span class='ocrx_word' id='word_1_455' title='bbox 2183 4212 2235 4267; x_wconf 68' lang='grc' dir='ltr'>τ’</span> <span class='ocrx_word' id='word_1_456' title='bbox 2277 4215 2341 4284; x_wconf 74' lang='grc' dir='ltr'>ἦν</span> <span class='ocrx_word' id='word_1_457' title='bbox 2383 4214 2495 4267; x_wconf 79' lang='lat' dir='ltr'>V²B</span> <span class='ocrx_word' id='word_1_458' title='bbox 2646 4218 2708 4269; x_wconf 87' lang='grc'>16</span> <span class='ocrx_word' id='word_1_459' title='bbox 2747 4216 2880 4269; x_wconf 83' lang='grc' dir='ltr'>αἴτια</span> <span class='ocrx_word' id='word_1_460' title='bbox 2915 4227 3024 4272; x_wconf 85' lang='grc' dir='ltr'>τοῐσ</span> <span class='ocrx_word' id='word_1_461' title='bbox 3045 4224 3169 4275; x_wconf 72' lang='lat' dir='ltr'>VGx</span> 
     </span>
     <span class='ocr_line' id='line_1_38' title="bbox 439 4302 3099 4374; baseline 0.003 -21"><span class='ocrx_word' id='word_1_462' title='bbox 439 4302 573 4354; x_wconf 73' lang='grc' dir='ltr'>αἰτία</span> <span class='ocrx_word' id='word_1_463' title='bbox 608 4310 713 4359; x_wconf 81' lang='grc' dir='ltr'>τοῖς</span> <span class='ocrx_word' id='word_1_464' title='bbox 738 4306 853 4355; x_wconf 85' lang='lat' dir='ltr'>FL:</span> <span class='ocrx_word' id='word_1_465' title='bbox 893 4304 1132 4361; x_wconf 73' lang='grc' dir='ltr'>αἰτιατοῖς</span> <span class='ocrx_word' id='word_1_466' title='bbox 1167 4307 1239 4357; x_wconf 83' lang='lat' dir='ltr'>Sa</span> <span class='ocrx_word' id='word_1_467' title='bbox 1274 4304 1387 4372; x_wconf 84' lang='lat' dir='ltr'><strong>Sp.:</strong></span> <span class='ocrx_word' id='word_1_468' title='bbox 1427 4305 1627 4356; x_wconf 79' lang='grc' dir='ltr'>αἰτιατὰ</span> <span class='ocrx_word' id='word_1_469' title='bbox 1662 4311 1769 4361; x_wconf 87' lang='grc' dir='ltr'>τοῖς</span> <span class='ocrx_word' id='word_1_470' title='bbox 1804 4304 1940 4355; x_wconf 87' lang='lat' dir='ltr'><strong>coni.</strong></span> <span class='ocrx_word' id='word_1_471' title='bbox 1967 4302 2055 4371; x_wconf 89' lang='lat' dir='ltr'>Sp.</span> <span class='ocrx_word' id='word_1_472' title='bbox 2216 4303 2336 4373; x_wconf 80' lang='grc' dir='ltr'>τῆδε</span> <span class='ocrx_word' id='word_1_473' title='bbox 2365 4306 2410 4353; x_wconf 88' lang='lat' dir='ltr'>V</span> <span class='ocrx_word' id='word_1_474' title='bbox 2577 4303 2636 4354; x_wconf 88' lang='grc'>17</span> <span class='ocrx_word' id='word_1_475' title='bbox 2677 4302 2906 4372; x_wconf 78' lang='grc' dir='ltr'>γενέσθαι</span> <span class='ocrx_word' id='word_1_476' title='bbox 2942 4322 2974 4358; x_wconf 78' lang='lat' dir='ltr'><strong>a</strong></span> <span class='ocrx_word' id='word_1_477' title='bbox 3010 4310 3099 4374; x_wconf 91' lang='lat' dir='ltr'>Sp.</span> 
     </span>
     <span class='ocr_line' id='line_1_39' title="bbox 434 4388 3101 4462; baseline 0.003 -23"><span class='ocrx_word' id='word_1_478' title='bbox 434 4391 535 4451; x_wconf 81' lang='grc' dir='ltr'>(τε)</span> <span class='ocrx_word' id='word_1_479' title='bbox 572 4389 658 4441; x_wconf 80' lang='grc' dir='ltr'>καὶ</span> <span class='ocrx_word' id='word_1_480' title='bbox 693 4405 725 4440; x_wconf 77' lang='lat' dir='ltr'><strong>a</strong></span> <span class='ocrx_word' id='word_1_481' title='bbox 761 4392 850 4456; x_wconf 88' lang='lat' dir='ltr'>Sp.</span> <span class='ocrx_word' id='word_1_482' title='bbox 1042 4392 1106 4443; x_wconf 90' lang='lat'>18</span> <span class='ocrx_word' id='word_1_483' title='bbox 1144 4392 1213 4462; x_wconf 85' lang='grc' dir='ltr'>μὴ</span> <span class='ocrx_word' id='word_1_484' title='bbox 1254 4390 1408 4461; x_wconf 76' lang='grc' dir='ltr'>οὔσης</span> <span class='ocrx_word' id='word_1_485' title='bbox 1445 4392 1743 4445; x_wconf 71' lang='lat' dir='ltr'>v¹GFS¹L2</span> <span class='ocrx_word' id='word_1_486' title='bbox 1784 4388 2031 4460; x_wconf 74' lang='grc' dir='ltr'>μενούσης</span> <span class='ocrx_word' id='word_1_487' title='bbox 2067 4390 2253 4444; x_wconf 77' lang='lat' dir='ltr'>v²BS²</span> <span class='ocrx_word' id='word_1_488' title='bbox 2289 4392 2402 4459; x_wconf 86' lang='lat' dir='ltr'><strong>Sp.:</strong></span> <span class='ocrx_word' id='word_1_489' title='bbox 2441 4388 2686 4457; x_wconf 72' lang='grc' dir='ltr'>μενούσας</span> <span class='ocrx_word' id='word_1_490' title='bbox 2723 4392 2886 4444; x_wconf 57' lang='lat' dir='ltr'><strong>vien:</strong></span> <span class='ocrx_word' id='word_1_491' title='bbox 2927 4407 3026 4446; x_wconf 87' lang='lat' dir='ltr'>om.</span> <span class='ocrx_word' id='word_1_492' title='bbox 3068 4412 3101 4449; x_wconf 79' lang='lat' dir='ltr'><strong>a</strong></span> 
     </span>
     <span class='ocr_line' id='line_1_40' title="bbox 436 4484 3169 4567; baseline 0.004 -26"><span class='ocrx_word' id='word_1_493' title='bbox 436 4490 521 4543; x_wconf 80' lang='lat'>20.</span> <span class='ocrx_word' id='word_1_494' title='bbox 548 4490 609 4542; x_wconf 79' lang='lat'>21</span> <span class='ocrx_word' id='word_1_495' title='bbox 652 4493 1179 4563; x_wconf 80' lang='grc' dir='ltr'>πῶς-συμβεβηκὸς</span> <span class='ocrx_word' id='word_1_496' title='bbox 1214 4498 1404 4564; x_wconf 84' lang='lat' dir='ltr'><strong>repetit</strong></span> <span class='ocrx_word' id='word_1_497' title='bbox 1440 4499 1561 4547; x_wconf 82' lang='lat' dir='ltr'><strong>ante</strong></span> <span class='ocrx_word' id='word_1_498' title='bbox 1599 4496 1642 4547; x_wconf 78' lang='grc' dir='ltr'>εἰ</span> <span class='ocrx_word' id='word_1_499' title='bbox 1679 4494 1787 4559; x_wconf 77' lang='lat'>(22)</span> <span class='ocrx_word' id='word_1_500' title='bbox 1809 4498 1852 4547; x_wconf 90' lang='grc' dir='ltr'>Β</span> <span class='ocrx_word' id='word_1_501' title='bbox 2050 4493 2117 4547; x_wconf 81' lang='lat'>25</span> <span class='ocrx_word' id='word_1_502' title='bbox 2153 4494 2186 4561; x_wconf 82' lang='grc' dir='ltr'>ἢ</span> <span class='ocrx_word' id='word_1_503' title='bbox 2228 4494 2429 4550; x_wconf 75' lang='lat' dir='ltr'>GFSB²</span> <span class='ocrx_word' id='word_1_504' title='bbox 2464 4496 2522 4547; x_wconf 87' lang='lat' dir='ltr'>in</span> <span class='ocrx_word' id='word_1_505' title='bbox 2559 4496 2636 4547; x_wconf 81' lang='lat' dir='ltr'><strong>lit.</strong></span> <span class='ocrx_word' id='word_1_506' title='bbox 2674 4512 2706 4547; x_wconf 75' lang='lat' dir='ltr'>a</span> <span class='ocrx_word' id='word_1_507' title='bbox 2742 4496 2856 4565; x_wconf 78' lang='lat' dir='ltr'><strong>Sp.=</strong></span> <span class='ocrx_word' id='word_1_508' title='bbox 2894 4484 2928 4567; x_wconf 74' lang='grc' dir='ltr'>ἦ</span> <span class='ocrx_word' id='word_1_509' title='bbox 2967 4498 3043 4550; x_wconf 85' lang='lat' dir='ltr'>sic</span> <span class='ocrx_word' id='word_1_510' title='bbox 3073 4500 3169 4551; x_wconf 78' lang='lat' dir='ltr'>v¹=</span> 
     </span>
     <span class='ocr_line' id='line_1_41' title="bbox 442 4577 3170 4652; baseline 0.003 -23"><span class='ocrx_word' id='word_1_511' title='bbox 442 4578 477 4647; x_wconf 84' lang='grc' dir='ltr'><strong>ἧ</strong></span> <span class='ocrx_word' id='word_1_512' title='bbox 520 4577 591 4629; x_wconf 77' lang='lat' dir='ltr'>V²</span> <span class='ocrx_word' id='word_1_513' title='bbox 786 4580 913 4649; x_wconf 81' lang='grc' dir='ltr'>ἐστὶ]</span> <span class='ocrx_word' id='word_1_514' title='bbox 954 4580 1027 4633; x_wconf 79' lang='grc' dir='ltr'>ἔτι</span> <span class='ocrx_word' id='word_1_515' title='bbox 1063 4598 1120 4633; x_wconf 81' lang='lat' dir='ltr'>a:</span> <span class='ocrx_word' id='word_1_516' title='bbox 1158 4582 1237 4634; x_wconf 76' lang='grc' dir='ltr'>ἐπὶ</span> <span class='ocrx_word' id='word_1_517' title='bbox 1274 4586 1317 4633; x_wconf 91' lang='lat' dir='ltr'>L</span> <span class='ocrx_word' id='word_1_518' title='bbox 1497 4582 1562 4633; x_wconf 79' lang='lat'>26</span> <span class='ocrx_word' id='word_1_519' title='bbox 1600 4587 1691 4633; x_wconf 80' lang='grc' dir='ltr'>τοῦ</span> <span class='ocrx_word' id='word_1_520' title='bbox 1730 4598 1829 4633; x_wconf 89' lang='lat' dir='ltr'>om.</span> <span class='ocrx_word' id='word_1_521' title='bbox 1857 4600 1888 4633; x_wconf 80' lang='lat' dir='ltr'><strong>a</strong></span> <span class='ocrx_word' id='word_1_522' title='bbox 1927 4581 2014 4649; x_wconf 90' lang='lat' dir='ltr'>Sp.</span> <span class='ocrx_word' id='word_1_523' title='bbox 2191 4581 2254 4633; x_wconf 81' lang='lat'>27</span> <span class='ocrx_word' id='word_1_524' title='bbox 2296 4580 2425 4651; x_wconf 76' lang='grc' dir='ltr'>ἅμα]</span> <span class='ocrx_word' id='word_1_525' title='bbox 2465 4582 2592 4652; x_wconf 79' lang='grc' dir='ltr'>ἄλλη</span> <span class='ocrx_word' id='word_1_526' title='bbox 2629 4584 2766 4635; x_wconf 86' lang='lat' dir='ltr'><strong>coni.</strong></span> <span class='ocrx_word' id='word_1_527' title='bbox 2803 4583 2952 4636; x_wconf 83' lang='lat' dir='ltr'>Kroll</span> <span class='ocrx_word' id='word_1_528' title='bbox 2991 4586 3068 4634; x_wconf 84' lang='lat' dir='ltr'>De</span> <span class='ocrx_word' id='word_1_529' title='bbox 3110 4586 3170 4644; x_wconf 80' lang='lat' dir='ltr'>Q.</span> 
     </span>
     <span class='ocr_line' id='line_1_42' title="bbox 438 4664 2928 4737; baseline 0.003 -23"><span class='ocrx_word' id='word_1_530' title='bbox 438 4666 641 4716; x_wconf 73' lang='lat' dir='ltr'>Aurelii</span> <span class='ocrx_word' id='word_1_531' title='bbox 675 4664 955 4734; x_wconf 75' lang='lat' dir='ltr'>Symmachi</span> <span class='ocrx_word' id='word_1_532' title='bbox 985 4670 1165 4719; x_wconf 54' lang='lat' dir='ltr'>studit}</span> <span class='ocrx_word' id='word_1_533' title='bbox 1200 4669 1439 4735; x_wconf 73' lang='lat' dir='ltr'>&lt;VratisL</span> <span class='ocrx_word' id='word_1_534' title='bbox 1482 4671 1637 4736; x_wconf 80' lang='lat'>1891)</span> <span class='ocrx_word' id='word_1_535' title='bbox 1680 4686 1727 4737; x_wconf 82' lang='lat' dir='ltr'>p.</span> <span class='ocrx_word' id='word_1_536' title='bbox 1756 4670 1844 4732; x_wconf 81' lang='grc'>43,</span> <span class='ocrx_word' id='word_1_537' title='bbox 1871 4670 1916 4721; x_wconf 86' lang='lat' dir='ltr'>ll</span> <span class='ocrx_word' id='word_1_538' title='bbox 2097 4669 2180 4721; x_wconf 76' lang='grc'>27.</span> <span class='ocrx_word' id='word_1_539' title='bbox 2219 4669 2286 4721; x_wconf 75' lang='grc'>28</span> <span class='ocrx_word' id='word_1_540' title='bbox 2344 4666 2464 4721; x_wconf 75' lang='grc' dir='ltr'>ὥστ’</span> <span class='ocrx_word' id='word_1_541' title='bbox 2515 4668 2604 4737; x_wconf 81' lang='grc' dir='ltr'>εἰς]</span> <span class='ocrx_word' id='word_1_542' title='bbox 2663 4668 2735 4726; x_wconf 85' lang='grc' dir='ltr'>ὥς</span> <span class='ocrx_word' id='word_1_543' title='bbox 2779 4688 2854 4728; x_wconf 81' lang='grc' dir='ltr'>τις</span> <span class='ocrx_word' id='word_1_544' title='bbox 2896 4689 2928 4722; x_wconf 77' lang='lat' dir='ltr'><strong>a</strong></span> 
     </span>
    </p>

    <p class='ocr_par' dir='ltr' id='par_1_13' title="bbox 440 4750 3160 4917">
     <span class='ocr_line' id='line_1_43' title="bbox 440 4750 3160 4831; baseline 0.003 -27"><span class='ocrx_word' id='word_1_545' title='bbox 440 4753 510 4805; x_wconf 76' lang='lat'>28</span> <span class='ocrx_word' id='word_1_546' title='bbox 548 4750 643 4823; x_wconf 77' lang='grc' dir='ltr'>ὕλῃ</span> <span class='ocrx_word' id='word_1_547' title='bbox 688 4757 749 4805; x_wconf 77' lang='lat' dir='ltr'>V:</span> <span class='ocrx_word' id='word_1_548' title='bbox 806 4755 874 4828; x_wconf 76' lang='grc' dir='ltr'>τῇ</span> <span class='ocrx_word' id='word_1_549' title='bbox 909 4752 1003 4825; x_wconf 81' lang='grc' dir='ltr'>ὕλῃ</span> <span class='ocrx_word' id='word_1_550' title='bbox 1042 4754 1209 4808; x_wconf 79' lang='lat' dir='ltr'><strong>B²S²a</strong></span> <span class='ocrx_word' id='word_1_551' title='bbox 1246 4758 1364 4822; x_wconf 83' lang='lat' dir='ltr'><strong>Sp.:</strong></span> <span class='ocrx_word' id='word_1_552' title='bbox 1425 4754 1519 4823; x_wconf 79' lang='grc' dir='ltr'>ὕλη</span> <span class='ocrx_word' id='word_1_553' title='bbox 1556 4757 1710 4809; x_wconf 80' lang='lat' dir='ltr'>B&#39;S&#39;:</span> <span class='ocrx_word' id='word_1_554' title='bbox 1768 4754 1894 4825; x_wconf 80' lang='grc' dir='ltr'>ὓλην</span> <span class='ocrx_word' id='word_1_555' title='bbox 1933 4760 2069 4809; x_wconf 80' lang='lat' dir='ltr'>GFL</span> <span class='ocrx_word' id='word_1_556' title='bbox 2247 4757 2380 4828; x_wconf 78' lang='grc' dir='ltr'>αὐτῇ</span> <span class='ocrx_word' id='word_1_557' title='bbox 2415 4756 2531 4809; x_wconf 82' lang='lat' dir='ltr'>V²B</span> <span class='ocrx_word' id='word_1_558' title='bbox 2570 4757 2688 4825; x_wconf 77' lang='lat' dir='ltr'><strong>Sp.=</strong></span> <span class='ocrx_word' id='word_1_559' title='bbox 2727 4775 2854 4827; x_wconf 87' lang='grc' dir='ltr'>αυτη</span> <span class='ocrx_word' id='word_1_560' title='bbox 2896 4758 2992 4811; x_wconf 86' lang='lat' dir='ltr'>V¹:</span> <span class='ocrx_word' id='word_1_561' title='bbox 3031 4758 3160 4831; x_wconf 76' lang='grc' dir='ltr'>αὐτὴ</span> 
     </span>
     <span class='ocr_line' id='line_1_44' title="bbox 440 4839 2748 4917; baseline 0.001 -24"><span class='ocrx_word' id='word_1_562' title='bbox 440 4842 560 4895; x_wconf 82' lang='lat' dir='ltr'>SLa</span> <span class='ocrx_word' id='word_1_563' title='bbox 596 4840 764 4893; x_wconf 82' lang='lat' dir='ltr'><strong>Kroll:</strong></span> <span class='ocrx_word' id='word_1_564' title='bbox 804 4840 931 4914; x_wconf 72' lang='grc' dir='ltr'>αὕτη</span> <span class='ocrx_word' id='word_1_565' title='bbox 972 4846 1013 4893; x_wconf 91' lang='lat' dir='ltr'>F</span> <span class='ocrx_word' id='word_1_566' title='bbox 1226 4842 1259 4913; x_wconf 80' lang='grc' dir='ltr'>ἡ</span> <span class='ocrx_word' id='word_1_567' title='bbox 1299 4848 1421 4895; x_wconf 71' lang='lat' dir='ltr'><strong>ante</strong></span> <span class='ocrx_word' id='word_1_568' title='bbox 1458 4842 1587 4896; x_wconf 78' lang='grc' dir='ltr'>καθ’</span> <span class='ocrx_word' id='word_1_569' title='bbox 1626 4844 1723 4897; x_wconf 82' lang='lat' dir='ltr'>del.</span> <span class='ocrx_word' id='word_1_570' title='bbox 1765 4845 1861 4895; x_wconf 87' lang='lat' dir='ltr'>V¹:</span> <span class='ocrx_word' id='word_1_571' title='bbox 1913 4842 1944 4917; x_wconf 76' lang='grc' dir='ltr'>ἢ</span> <span class='ocrx_word' id='word_1_572' title='bbox 1983 4839 2108 4895; x_wconf 70' lang='grc' dir='ltr'>καθ’</span> <span class='ocrx_word' id='word_1_573' title='bbox 2149 4861 2203 4895; x_wconf 79' lang='lat' dir='ltr'>a:</span> <span class='ocrx_word' id='word_1_574' title='bbox 2243 4844 2286 4897; x_wconf 78' lang='grc' dir='ltr'>εἰ</span> <span class='ocrx_word' id='word_1_575' title='bbox 2323 4840 2448 4897; x_wconf 83' lang='grc' dir='ltr'>καθ’</span> <span class='ocrx_word' id='word_1_576' title='bbox 2489 4846 2623 4896; x_wconf 81' lang='lat' dir='ltr'><strong>coni.</strong></span> <span class='ocrx_word' id='word_1_577' title='bbox 2661 4844 2748 4913; x_wconf 90' lang='lat' dir='ltr'>Sp.</span> 
     </span>
    </p>
   </div>
  </div>
 </body>
</html>
