3684 5567
1173 254 1335 314 ΠΕΡΙ
1372 257 1686 314 ΚΡΑΣΕΩΣ
1722 257 1845 315 ΚΑΙ
1885 257 2236 318 ΑΥΞΗΣΕΩΣ
2275 261 2413 316 3--4
3014 263 3135 327 217

543 433 680 510 λων,
747 431 779 496 ὃ
827 431 1020 514 μόνως
1083 433 1294 516 γίνεται
1337 436 1425 518 τῷ
1497 436 1704 506 σώζειν
1769 434 1830 498 ἐν
1873 440 1949 520 τῆ
2006 434 2150 518 μίξει
2204 435 2275 499 τὰ
2329 436 2653 521 κεκραμένα
2697 436 2799 505 τὰς
2841 435 3031 499 αὑτῶν

545 531 762 616 φύσεις.
851 535 916 598 τὸ
960 537 1026 599 δὲ
1069 537 1279 605 ταύτας
1322 537 1424 604 τὰς
1468 538 1746 622 διαφορὰς
1789 536 1934 601 εἶναι
1978 543 2081 622 τῆς
2127 536 2334 621 μίξεως
2379 544 2647 624 πειρᾶται
2690 537 3034 603 πιστοῦσθαι

547 635 641 697 διὰ
685 640 800 699 τῶν
846 643 1052 702 κοινῶν
1096 640 1354 714 ἐννοιῶν,
1423 639 1672 722 μάλιστα
1715 641 1781 703 δὲ
1823 641 2088 725 κριτήρια
2150 645 2254 723 τῆς
2320 641 2598 725 ἀληθείας
2658 644 2831 726 φησὶν
2876 641 3033 725 ἡμᾶς

547 739 702 821 παρὰ
745 745 850 825 τῆς
895 741 1126 826 φύσεως
1168 741 1466 826 λαβόντας.
1555 741 1736 825 ἄλλην
1781 747 1917 826 γοῦν
1962 741 2277 827 φαντασίαν
2322 742 2478 828 ἔχειν
2522 746 2680 828 ἡμᾶς
2721 749 2837 808 τῶν
2884 741 3021 808 καθ’
3058 759 3114 802 8⁰

475 859 506 909 5
546 841 736 926 ἁρμὴν
781 844 1192 928 συγκειμένων,
1260 845 1358 909 καὶ
1401 843 1585 928 ἄλλην
1627 847 1745 908 τῶν
1789 845 2237 930 συγκεχυμένων
2280 869 2342 908 τε
2385 849 2481 912 καὶ
2526 846 3031 932 συνεφθαρμένων,

548 944 644 1007 καὶ
687 943 869 1030 ἄλλην
913 951 1028 1007 τῶν
1073 945 1442 1030 κεκραμένων
1487 969 1551 1010 τε
1593 949 1689 1011 καὶ
1734 947 2009 1032 ἀλλήλοις
2054 947 2126 1011 δι’
2182 951 2334 1012 ὅλων
2380 949 3030 1033 άντιπαρεκτεινομένων

549 1047 751 1123 οὕτως,
796 1050 879 1118 ὡς
924 1052 1130 1121 σώζειν
1175 1049 1418 1114 ἕκαστον
1463 1049 1656 1114 αὐτῶν
1701 1052 1805 1134 τὴν
1850 1050 2061 1114 οἰκείαν
2106 1051 2293 1133 φύσιν.
2381 1054 2454 1137 ἣν
2498 1053 2775 1137 διαφορὰν
2818 1074 3031 1136 φαντα-

549 1154 692 1215 σιῶν
736 1149 843 1215 οόκ
885 1149 956 1214 ἂν
999 1150 1256 1237 εἴχομεν,
1303 1152 1356 1214 εἰ
1400 1153 1586 1216 πάντα
1627 1154 1700 1216 τὰ
1743 1155 2014 1218 ὁπωσοῦν
2052 1154 2373 1237 ,μιγνύμενα
2412 1155 2715 1239 παρέκειτο
2760 1155 3035 1238 ἀλλήλοις
3060 1169 3115 1211 ²⁵

547 1251 681 1317 καθ’
731 1254 941 1338 ἁρμήν.
1013 1256 1120 1338 τὴν
1163 1255 1228 1318 δὲ
1270 1254 1536 1339 τοιαύτην
1580 1255 2053 1341 ἀντιπαρέκτασιν
2098 1260 2214 1319 τῶν
2258 1257 2612 1342 κιρναμένων
2643 1259 3035 1342 ὑπολαμβάνει

450 1377 512 1422 ιο
547 1356 806 1438 γίνεσθαι
873 1358 1222 1442 χωρούντων
1289 1357 1360 1422 δι’
1438 1358 1707 1442 ἀλλήλων
1772 1363 1889 1422 τῶν
1934 1360 2287 1445 κιρναμένων
2330 1363 2638 1445 σωμάτων,
2707 1365 2789 1430 ὡς
2857 1361 3035 1444 μηδὲν

549 1463 746 1545 μόριον
788 1463 849 1524 ἐν
893 1460 1090 1529 αὐτοῖς
1133 1461 1280 1524 εἶναι
1325 1462 1407 1545 μὴ
1455 1461 1700 1548 μετέχον
1745 1463 1975 1526 πάντων
2018 1467 2137 1526 τῶν
2184 1464 2242 1526 ἐν
2286 1470 2372 1548 τῷ
2419 1464 2664 1549 τοιούτῳ
2696 1463 3033 1550 κεκραμένῳ

554 1564 807 1646 μίγματι.
895 1563 1090 1628 οὐκέτι
1131 1565 1238 1649 γὰρ
1283 1563 1374 1641 ἄν,
1417 1566 1471 1628 εἰ
1515 1567 1597 1650 μὴ
1643 1568 1812 1628 τοῦτο
1858 1565 1971 1650 εἴη,
2016 1570 2236 1651 κρᾶσιν,
2282 1568 2433 1630 ἀλλὰ
2477 1568 2797 1652 παράθεσιν
2840 1568 2906 1630 τὸ
2951 1590 3031 1649 γι·
3057 1581 3114 1624 ³⁰

439 1673 514 1726 lv
553 1665 789 1750 νόμενον
835 1665 998 1731 εἶναι.
1090 1665 1210 1732 Τοῦ
1255 1668 1320 1732 δὲ
1363 1671 1532 1730 τοῦτο
1577 1665 1805 1732 οἴεσθαι
1846 1669 2105 1749 γίνεσθαι
2146 1670 2361 1740 πίστεις
2417 1670 2691 1755 φέρουσιν
2756 1672 2808 1733 οἱ
2875 1680 3033 1753 προϊ-

551 1771 820 1852 στάμενοι
885 1772 1063 1854 τῆσδε
1112 1776 1217 1854 τῆς
1261 1770 1428 1854 δόξης
1472 1769 1538 1834 τό
1583 1793 1646 1833 τε
1689 1771 1878 1858 πολλὰ
1921 1775 2037 1834 τῶν
2081 1773 2371 1856 σωμάτων
2409 1777 2617 1848 σώζειν
2663 1774 2766 1843 τὰς
2808 1774 3034 1837 ἑαυτῶν

445 1893 506 1942 15
548 1871 859 1956 ποιότητας
923 1873 1024 1936 ἐπί
1061 1872 1113 1936 τ’
1168 1872 1488 1937 ἐλαττόνων
1533 1869 1804 1958 ἐναργῶν
1854 1872 2041 1956 ὄγκων
2096 1877 2191 1938 καὶ
2236 1875 2331 1938 ἐπὶ
2396 1876 2673 1958 μειζόνων
2720 1874 2857 1940 ὄντα
2917 1875 3034 1958 (ὡς

547 1978 688 2060 ὁρᾶν
753 1973 907 2039 ἔστιν
973 1977 1069 2039 ἐπὶ
1132 1981 1236 2040 τοῦ
1301 1977 1644 2061 λιβανωτοῦ,
1711 1978 1774 2044 ὃς
1827 1977 1890 2040 ἐν
1942 1981 2027 2062 τῷ
2075 1978 2401 2062 θυμιᾶσθαι
2464 1981 2883 2063 λεπτυνόμενος
2937 1979 3033 2040 ἐπὶ

547 2084 812 2144 πλεῖστον
859 2079 962 2162 τὴν
998 2076 1004 2164 Ι
1053 2079 1233 2145 αὑτοῦ
1278 2081 1566 2163 φυλάσσει
1607 2078 1937 2164 ποιότητα),
1990 2077 2077 2144 ἔτι
2119 2104 2181 2144 τε
2208 2082 2273 2145 τὸ
2316 2083 2506 2146 πολλὰ
2548 2082 2711 2156 εἶναι,
2756 2081 2794 2144 ἃ
2840 2078 2975 2143 καθ’
3032 2085 3137 2142 596

546 2183 729 2247 ἑαυτὰ
775 2186 856 2267 μὴ
903 2183 1002 2246 οἷά
1044 2197 1106 2245 τε
1151 2180 1288 2248 ὄντα
1331 2170 1431 2244 ἐπί
1469 2205 1524 2244 τι
1565 2182 1758 2245 ἐλθεῖν
1827 2181 2073 2265 μέγεθος
2118 2181 2215 2246 ὑπ’
2272 2182 2466 2248 ἄλλων
2516 2184 2889 2268 βοηθούμενα
2931 2180 3023 2244 ἐπ’

545 2286 686 2351 αὐτὸ
754 2286 997 2372 πρόεισι.
1085 2286 1182 2350 τὸν
1248 2289 1382 2367 γοῦν
1449 2285 1667 2370 χρυσὸν
1733 2284 1846 2348 ὑπό
1912 2308 2079 2349 τινων
2144 2287 2499 2370 μιγνυμένων
2566 2288 2885 2370 φαρμάκων
2940 2284 3035 2346 ἐπὶ

443 2407 512 2454 20
547 2390 815 2452 πλεῖστον
881 2389 1124 2474 χεῖσθαί
1173 2411 1237 2450 τε
1281 2389 1376 2451 καὶ
1419 2387 1823 2463 λεπτύνεσθαι,
1891 2385 1984 2473 ἐφ’
2040 2389 2177 2453 ὅσον
2230 2389 2369 2454 καθ’
2426 2391 2598 2454 αὑτὸν
2655 2387 3036 2468 ἐλαυνόμενος
3089 2404 3117 2445 ε

549 2493 657 2556 οὐκ
699 2492 957 2556 ἐδύνατο.
1032 2492 1129 2555 καὶ
1174 2492 1344 2574 ἡμεῖς
1387 2491 1472 2566 δέ,
1517 2491 1556 2554 ἃ
1601 2487 1732 2555 καθ’
1789 2491 1999 2559 αὑτοὺς
2044 2490 2203 2560 ὄντες
2248 2492 2355 2556 οὔκ
2397 2494 2572 2577 ἐσμεν
2618 2492 2735 2556 οἶοί
2774 2514 2837 2554 τε
2882 2490 3032 2573 ἐνερ·

549 2598 688 2678 γεῖν,
733 2597 836 2660 σὺν
880 2594 1076 2662 ἄλλοις
1122 2594 1482 2678 ἐνεργοῦμεν.
1574 2594 1706 2661 τούς
1751 2617 1812 2656 τε
1855 2592 1963 2677 γὰρ
2008 2596 2303 2679 ποταμοὺς
2350 2596 2713 2680 διαβαίνομεν
2767 2595 3037 2676 ἀλλήλων

549 2697 959 2781 ἐφαπτόμενοι,
1026 2695 1124 2764 οὓς
1170 2695 1282 2782 οὐχ
1327 2697 1448 2760 οἶοί
1485 2696 1548 2760 τέ
1611 2696 1786 2779 ἐσμεν
1831 2697 2137 2781 διαβαίνειν
2204 2698 2340 2762 καθ’
2408 2697 2638 2765 αύτούς.
2726 2698 2820 2760 καὶ
2885 2697 3035 2780 βάρη

549 2799 672 2862 τινὰ
713 2799 965 2884 φέρομεν
1012 2797 1138 2881 μετ’
1193 2797 1406 2874 ἄλλων,
1473 2800 1556 2863 ὧν
1600 2800 1665 2862 τὸ
1710 2800 2022 2884 ἐπιβάλλον
2089 2802 2231 2885 ἡμῖν
2277 2802 2448 2885 μέρος
2515 2799 2677 2884 μόνοι
2742 2797 3037 2881 γενόμενοι

443 2923 510 2970 25
549 2903 856 2986 φέρειν-οὐ
901 2903 1214 2984 δυνάμεθα.
1304 2905 1399 2966 καὶ
1445 2901 1696 2985 ἄμπελοι
1741 2903 1807 2965 δὲ
1850 2901 1989 2966 καθ’
2046 2903 2225 2971 αὑτὰς
2278 2904 2551 2968 ἵστασθαι
2597 2904 2678 2987 μὴ
2726 2904 3035 2984 δυνάμεναι
3065 2917 3119 2959 ιο
3198 2919 3203 2924 ·

550 3005 873 3070 ἀνίστανται
939 3005 1218 3088 ἀλλήλαις
1283 3005 1728 3088 ἐμπλεκόμεναι.
1820 3007 1901 3069 ὧν
1956 3005 2139 3074 οὕτως
2193 3005 2450 3091 ἐχόντων
2504 3006 2672 3070 οὐδέν
2715 3027 2858 3089 φασι
2904 3005 3039 3066 θαυ-

550 3109 765 3192 μαστὸν
830 3110 895 3171 τὸ
963 3109 1058 3173 καὶ
1124 3109 1372 3190 σώματά
1437 3130 1560 3171 τινα
1613 3108 1987 3192 βοηθούμενα
2040 3107 2138 3170 ὑπ’
2196 3110 2466 3194 ἀλλήλων
2532 3109 2715 3176 οὕτως
2766 3109 3039 3192 ἀλλήλοις

550 3212 826 3275 ἑνοῦσθαι
869 3210 946 3274 δι’
1002 3211 1176 3286 ὅλων,
1222 3213 1304 3278 ὥς
1347 3209 1496 3274 αὐτὰ
1540 3210 1849 3295 σωζόμενα
1895 3211 2041 3293 μετὰ
2083 3216 2199 3275 τῶν
2246 3213 2473 3276 οἰκείων
2518 3213 2842 3296 ποιοτήτων
2886 3211 3039 3273 ἀντι-

548 3314 1021 3399 παρεκτείνεσθαι
1064 3314 1338 3398 ἀλλήλοις
1383 3311 1456 3377 δι’
1513 3312 1666 3376 ὅλων
1711 3312 1840 3390 ὅλα,
1906 3312 2013 3377 κᾶν
2056 3309 2098 3398 ᾖ
2149 3338 2273 3380 τινα
2318 3316 2541 3378 ἐλάττω
2588 3317 2684 3378 τὸν
2734 3312 2901 3396 ὄγκον
2946 3314 3041 3376 καὶ
3071 3328 3123 3369 1⁵

443 3437 512 3485 3ο
551 3421 631 3502 μὴ
679 3419 972 3501 δυνάμενα
1037 3415 1174 3481 καθ’
1231 3416 1380 3481 αὑτὰ
1426 3415 1519 3479 ἐπὶ
1563 3419 1836 3479 τοσοῦτον
1881 3417 2127 3502 χεῖσθαί
2164 3441 2225 3480 τε
2277 3419 2375 3481 καὶ
2432 3421 2639 3490 σώζειν
2683 3417 2785 3485 τὰς
2829 3417 3042 3484 οἰκείας

549 3520 875 3605 ποιότητας.
964 3519 1120 3582 οὕτω
1160 3518 1272 3604 γὰρ
1316 3521 1412 3582 καὶ
1455 3520 1553 3582 τὸν
1598 3519 1818 3582 κύαθον
1885 3525 1989 3584 τοῦ
2043 3519 2198 3584 οἴνου
2252 3521 2557 3604 κιρνᾶσθαι
2612 3525 2696 3604 τῷ
2744 3520 2908 3583 ῦδατι
2951 3523 3036 3604 τῷ

552 3627 753 3708 πολλῷ
824 3622 1218 3707 βοηθούμενον
1287 3618 1382 3684 ὑπ’
1448 3621 1625 3685 αὐτοῦ
1690 3623 1773 3691 εἰς
1830 3624 1933 3706 τὴν
1997 3623 2094 3687 ἐπὶ
2154 3627 2424 3687 τοσοῦτον
2480 3620 2727 3710 ἔκτασιν.
2815 3627 2919 3687 τοῦ
2978 3624 3043 3686 δὲ

549 3723 714 3790 τοῦθ’
771 3725 954 3792 οὕτως
998 3722 1158 3810 ἔχειν
1203 3727 1284 3792 ὡς
1329 3723 1590 3808 ἐναργέσι
1635 3728 1891 3809 χρῶνται
1935 3727 2260 3811 μαρτυρίοις
2302 3730 2388 3810 τῷ
2421 3747 2485 3788 τε
2514 3727 2621 3809 τὴν
2653 3727 2849 3810 ψυχὴν
2897 3725 3041 3789 ἰδίαν
3069 3744 3126 3785 m

549 3827 858 3892 ὑπόστασιν
924 3825 1198 3913 ἔχουσαν,
1265 3827 1464 3910 ὥσπερ
1507 3827 1604 3889 καὶ
1647 3829 1713 3891 τὸ
1775 3827 2093 3912 δεχόμενον
2149 3827 2329 3912 αὐτὴν
2384 3833 2579 3910 σῶμα,
2626 3827 2699 3892 δι’
2756 3828 2896 3892 ὅλου
2942 3832 3042 3892 τοῦ

439 3952 508 4002 35
549 3935 820 4015 σώματος
864 3931 1081 4015 διήκειν
1127 3929 1188 3992 ἐν
1230 3933 1304 4012 τῇ
1354 3927 1497 4012 μίξει
1539 3933 1614 4012 τῇ
1661 3930 1803 4013 πρὸς
1848 3929 1989 3992 αὐτὸ
2035 3933 2341 4003 σώζουσαν
2404 3933 2509 4014 τὴν
2576 3932 2789 3994 οἰκείαν
2846 3931 3041 3995 οὐσίαν

548 4035 747 4119 (οὐδὲν
791 4033 900 4118 γὰρ
945 4037 1142 4120 ψυχῆς
1186 4030 1427 4117 ἄμοιρον
1492 4037 1596 4095 τοῦ
1661 4033 1766 4115 τὴν
1811 4035 2011 4118 ψυχὴν
2058 4031 2295 4118 ἔχοντος
2352 4034 2672 4116 σώματος),
2720 4036 2938 4118 ὁμοίως
2981 4034 3045 4098 δὲ

551 4137 707 4223 ἔχειν
754 4137 850 4201 καὶ
893 4139 998 4221 τὴν
1042 4139 1159 4200 τῶν
1203 4139 1400 4218 φυτῶν
1444 4134 1636 4219 φύσιν,
1704 4134 1855 4199 ἀλλὰ
1898 4136 1995 4199 καὶ
2040 4138 2142 4220 τὴν
2210 4135 2322 4206 ἕξιν
2368 4135 2428 4199 ἐν
2474 4140 2593 4204 τοῖς
2637 4135 3043 4222 συνεχομένοις

445 4431 468 4482 1
511 4430 696 4499 γίνεται
715 4425 816 4480 A’:
854 4424 1073 4497 γίνεσθαι
1097 4427 1386 4481 BA¹CPS=
1423 4424 1640 4494 γίνεσθαι
1675 4427 1904 4480 τάττεται
1923 4430 2003 4480 Ra
2178 4429 2254 4496 τῷ
2277 4425 2464 4480 A'Ra:
2502 4426 2561 4480 τὸ
2588 4427 2799 4480 A¹BPS
2994 4428 3025 4480 2
3060 4429 3151 4487 τὰς

439 4533 540 4570 om.
577 4521 658 4570 Ra
831 4516 864 4568 4
919 4513 1188 4584 λαβόντας]
1245 4515 1465 4568 fortasse
1519 4513 1735 4585 λαβεῖν
1790 4515 2022 4573 ταύτας
2186 4521 2290 4568 τῶν
2328 4531 2427 4567 om.
2456 4517 2532 4567 Ra
2674 4515 2706 4566 5
2746 4513 2910 4585 ἀρμὴν
2937 4515 3147 4583 scripsi:

439 4604 602 4677 ὁρμὴν
651 4604 770 4657 libri
948 4603 979 4655 6
1017 4601 1254 4672 ἀλλήλοις
1291 4602 1467 4669 Apelt=
1509 4599 1756 4670 ἀλλήλους
1793 4602 1913 4655 libri
2093 4603 2124 4655 9
2162 4602 2327 4673 ἁρμήν
2365 4604 2575 4671 scripsi:
2622 4601 2783 4672 ὁρμήν
2820 4603 2939 4655 libri

443 4692 504 4744 11
562 4693 660 4759 τῷ]
704 4690 846 4760 αὐτῷ
894 4693 972 4743 Ra
1183 4688 1482 4762 κεκραμένῳ
1527 4704 1627 4741 om.
1663 4691 1742 4742 Ra
1922 4691 1986 4743 18
2032 4689 2109 4759 τε]
2148 4689 2202 4742 δὲ
2236 4690 2401 4742 Ideler
2603 4690 2663 4742 19
2718 4689 2805 4742 τὸν
2840 4692 2925 4743 SR
2961 4691 3147 4744 Ideler:

439 4777 500 4832 τὸ
538 4780 760 4833 ΑΒΟΡιι
935 4776 1002 4830 24
1037 4776 1314 4846 γενόμενοι]
1351 4775 1599 4846 γινόμενοι
1633 4777 1798 4832 ΙάθΙετ
1972 4777 2039 4831 25
2076 4777 2126 4830 δὲ
2164 4793 2265 4830 om.
2302 4781 2382 4831 Ra
2558 4779 2623 4830 26
2661 4776 2898 4847 ἀλλήλαις
2936 4794 3035 4831 om.
3070 4779 3149 4833 R?

439 4866 604 4920 Idoler
743 4864 811 4919 33
845 4860 1022 4935 τοῦθ’]
1068 4862 1223 4917 τόσοθ
1257 4868 1336 4918 Ra
1502 4865 1568 4918 35
1607 4863 1754 4933 αὐτὸ]
1801 4864 1959 4934 αὐτὴν
2004 4865 2167 4920 Ideler
2308 4863 2503 4935 οὐσίαν]
2542 4864 2685 4935 φύσιν
2726 4865 2885 4920 ldeler
