3684 5567
1312 309 1591 367 ΒΙΒΛῙΟΝ
1631 309 1890 367 ΤΡΙΤΟΝ
1932 313 2104 366 9-10
2972 311 3058 375 99

464 492 680 556 στενοῖς
720 492 807 572 τῷ
854 486 1012 571 παρὰ
1052 487 1157 569 τὴν
1199 492 1307 571 γῆν
1354 488 1413 549 ἐν
1457 492 1576 555 τοῖς
1614 486 1892 555 τοιούτοις
1935 485 2131 555 τόποις
2172 486 2422 570 φανερὰν
2467 485 2646 570 αὐτῆς
2687 484 2949 569 γίνεσθαι

464 590 566 672 τὴν
612 588 1005 675 μετάρρυσιν),
1051 590 1103 652 εἰ
1149 589 1213 652 δέ
1256 612 1340 659 τις
1382 590 1594 673 γίνεται
1638 588 1821 673 αὐτῆς
1863 590 2080 672 κίνησις
2125 588 2240 651 ἀπὸ
2285 594 2399 654 τῶν
2441 588 2810 673 ὑψηλοτέρων
2856 586 2951 650 ἐπὶ
3003 600 3032 642 5

464 692 535 755 τὰ
577 675 879 777 κοιλότερα
920 694 1271 778 φερομένης,
1330 692 1437 755 οὐκ
1484 691 1583 755 ἀπ’
1640 692 1867 755 οἰκείων
1920 696 2120 775 πηγῶν
2174 693 2324 755 ἀλλὰ
2374 698 2447 775 τῇ
2505 696 2621 755 τῶν
2675 694 2950 773 ποταμῶν

464 795 729 879 ἐπιχύσει
775 797 892 858 ἀπὸ
951 800 1065 858 τῶν
1120 795 1494 880 ὑψηλοτέρων
1547 793 1954 880 ἐπιρρεόντων,
2009 792 2109 879 ἀφ’
2165 796 2247 857 ὧν
2299 795 2402 863 τὰς
2454 795 2639 878 πηγὰς
2692 792 2951 879 ἔχουσιν,

395 916 424 963 5
465 899 544 964 ὡς
586 898 689 980 τὴν
735 897 1001 981 τοιαύτην
1055 898 1272 983 κίνησιν
1326 899 1441 961 ἀπὸ
1488 902 1689 983 πηγῶν
1748 899 1851 981 μὲν
1906 899 2010 981 τὴν
2063 898 2254 982 ἀρχὴν
2300 896 2486 982 ἔχειν,
2549 894 2667 961 ἀλλ’
2723 896 2791 959 οὐ
2835 900 2950 959 τῶν
2981 910 3034 952 1⁰

462 1006 566 1083 τῆς
610 1000 921 1084 θαλάττης,
968 1000 1118 1063 ἀλλὰ
1161 1005 1275 1063 τῶν
1320 1005 1597 1085 ποταμῶν
1641 1006 1757 1064 τῶν
1803 1002 1887 1070 εἰς
1929 1000 2109 1084 αὐτὴν
2156 1001 2421 1084 ῥεόντων.
2489 999 2582 1085 ἐφ’
2626 997 2676 1085 ᾧ
2723 998 2950 1073 ἔδειξεν,

466 1101 550 1165 ὅτι
596 1102 677 1185 μὴ
726 1103 989 1167 θάλαττά
1032 1104 1184 1167 ἐστιν
1230 1105 1388 1188 ἀρχὴ
1436 1108 1537 1167 τοῦ
1585 1105 1788 1173 ὕδατος
1833 1104 1930 1167 καὶ
1975 1105 2040 1167 τὸ
2071 1104 2336 1188 τέταρτον
2382 1109 2688 1189 στοιχεῖον,
2734 1101 2769 1165 ὅ
2810 1124 2955 1170 τινες

464 1204 967 1291 ὑπολαμβάνοντες
1010 1204 1207 1289 ἔλεγον
1264 1208 1346 1291 μὴ
1401 1206 1572 1289 μόνον
1624 1207 1758 1276 τοὺς
1809 1206 2101 1289 ποταμοὺς
2154 1208 2236 1277 εἰς
2288 1208 2390 1290 τὴν
2443 1207 2742 1270 θάλασσαν
2788 1204 2953 1279 ἰέναι,

366 1296 377 1305 ’
468 1305 668 1394 (ἀλλὰ)
712 1310 807 1373 καὶ
851 1310 969 1373 ἀπὸ
1021 1316 1127 1393 τῆς
1179 1310 1496 1394 θαλάττης,
1549 1309 1727 1392 γλυκὺ
1777 1308 1826 1373 δ’
1884 1307 2040 1394 ἔχειν
2087 1310 2152 1373 τὸ
2197 1310 2360 1393 4ὕδωρ
2405 1315 2492 1395 τῷ
2541 1311 2656 1373 ἀπὸ
2700 1314 2806 1393 τῆς
2847 1311 2956 1390 γῆς
2983 1322 3035 1364 Ιῦ

368 1430 431 1476 10
470 1410 612 1474 αὐτὸ
657 1412 983 1496 ἠθούμενον
1027 1411 1327 1497 φέρεσθαι.
1420 1410 1514 1497 ἐφ’
1570 1412 1655 1481 οἷς
1700 1412 1948 1487 δεικνύς,
2001 1412 2090 1477 ὅτι
2136 1413 2216 1497 μὴ
2263 1410 2384 1476 ἔστι
2434 1414 2500 1476 τὸ
2555 1414 2708 1496 ὕδωρ
2753 1411 2817 1474 τὸ
2865 1410 2957 1473 διὰ

459 1518 564 1597 τῆς
604 1519 712 1597 γῆς
756 1516 1013 1599 ἁλμυρὸν
1065 1517 1143 1599 τῇ
1189 1517 1367 1579 αὑτοῦ
1411 1515 1609 1599 φύσει,
1666 1516 1965 1579 ἀπέδωκεν
2008 1516 2191 1579 αἰτίαν
2247 1522 2348 1600 τῆς
2393 1515 2818 1600 ἁλμυρότητος,
2874 1516 2954 1582 ὥς

464 1614 510 1699 †
540 1617 847 1700 λεγομένη,
892 1619 959 1681 τὸ
991 1622 1093 1681 τοῦ
1138 1619 1344 1686 ὕδατος
1387 1618 1785 1701 περικειμένου
1814 1642 1878 1681 τε
1921 1619 2017 1682 καὶ
2047 1619 2493 1703 περιτεταμένου
2525 1618 2655 1701 περὶ
2699 1618 2803 1699 τὴν
2847 1620 2954 1699 γῆν
2981 1631 3037 1673 2⁰

458 1721 525 1782 τὸ
572 1720 675 1802 μὲν
720 1718 1067 1783 λεπτότατον
1120 1722 1216 1784 καὶ
1260 1721 1605 1803 γλυκύτατον
1652 1721 1971 1804 ἀνάγεσθαι
2013 1723 2109 1785 καὶ
2153 1721 2591 1806 ἀναθυμιᾶσθαι
2635 1718 2770 1783 καθ’
2827 1720 2954 1783 ἑκά-

460 1842 600 1905 στην
643 1822 866 1907 ἡμέραν
912 1824 1023 1887 ὑπὸ
1068 1828 1171 1907 τῆς
1226 1828 1327 1887 τοῦ
1374 1824 1538 1907 ἡλίου
1590 1825 1903 1907 κινήσεως,
1960 1824 2198 1909 ἀτμίζον
2243 1825 2337 1887 διὰ
2381 1826 2446 1888 τὸ
2493 1821 2842 1909 κουφότερόν
2894 1844 2957 1885 τε

362 1944 419 1991 15
461 1923 523 1986 ὃν
568 1927 664 1988 καὶ
708 1927 1119 2012 καθαρώτερον
1159 1926 1545 2003 ἐπιπολάζειν,
1590 1927 1793 1991 τούτου
1840 1926 1891 1991 δ’
1933 1926 2290 2011 ἀναγομένου
2337 1930 2600 2012 συνεχῶς
2642 1927 2738 1989 καὶ
2782 1928 2950 1989 πάλιν
2977 1941 3032 1983 25

466 2028 921 2114 μεταβάλλοντός
976 2026 1061 2101 τέ’
1082 2032 1180 2095 καὶ
1234 2030 1707 2115 καταφερομένου
1762 2032 1827 2093 τὸ
1875 2032 2132 2115 ἁλμυρὸν
2179 2030 2596 2094 ὑπολείπεσθαι
2641 2029 2736 2093 διὰ
2781 2030 2957 2115 βάρος

464 2129 524 2193 ἐν
568 2136 653 2216 τῷ
698 2136 801 2195 τοῦ
834 2132 1039 2202 ὕδατος
1080 2134 1277 2219 οἰκείῳ
1324 2134 1506 2219 τόπῳ.
1557 2132 1563 2219 Ι
1613 2133 1707 2219 ἐφ’
1750 2136 1837 2205 οἷς
1883 2135 2183 2219 ἀπορήσας
2227 2133 2408 2199 πόθεν
2452 2136 2492 2217 ἡ
2533 2134 2691 2219 ἀρχὴ
2737 2134 2832 2197 καὶ
2877 2135 2917 2217 ἡ
2963 2139 3061 2196 191)

464 2233 615 2296 αἰτία
660 2240 768 2317 τῆς
810 2235 1207 2320 ἁλμυρότητος
1257 2242 1361 2320 τῆς
1404 2237 1583 2321 οὔσης
1626 2239 1685 2302 ἐν
1732 2242 1817 2323 τῷ
1869 2238 2028 2302 ὕδατι
2081 2239 2177 2300 καὶ
2222 2243 2326 2321 τῆς
2369 2238 2691 2321 θαλάσσης,
2745 2235 2953 2306 ἔδειξεν

464 2340 578 2398 πᾶν
623 2338 687 2400 τὸ
718 2338 1015 2421 γινόμενον
1060 2340 1217 2425 ὕδωρ
1247 2342 1509 2426 ἁλμυρὸν
1556 2341 1663 2405 οὐκ
1706 2342 1773 2404 ἐκ
1804 2342 2066 2405 τοιούτου
2111 2341 2259 2405 κατὰ
2307 2341 2452 2424 μῖξίν
2496 2363 2646 2409 τινος
2674 2340 2950 2423 γίνεσθαι.

356 2458 425 2505 2ο
460 2438 527 2502 τό
570 2464 635 2503 τε
676 2442 784 2525 γὰρ
816 2442 1084 2527 σύστημα
1129 2449 1243 2506 τῶν
1276 2443 1448 2529 ζῴων
1493 2445 1558 2508 τὸ
1602 2445 1663 2507 ἐν
1708 2451 1781 2528 τῇ
1816 2445 2009 2508 κύστει
2058 2445 2154 2508 διὰ
2196 2448 2396 2507 τοῦτον
2442 2444 2540 2507 τὸν
2572 2444 2765 2529 χυμὸν
2809 2442 2954 2506 εἶναι
3006 2458 3034 2501 5

460 2546 741 2607 τοιοῦτον·
788 2545 1052 2630 φαίνεται
1092 2546 1202 2631 γὰρ
1235 2547 1529 2632 μεμῖχθαί
1566 2571 1618 2610 τι
1662 2546 1825 2633 αὐτῷ·
1867 2550 2100 2628 γεῶδες,
2149 2546 2180 2609 ὃ
2227 2549 2401 2631 δῆλον
2443 2548 2654 2629 γίνεται
2685 2547 2956 2630 ὑφιζάνον

464 2646 525 2709 ἐν
569 2645 751 2732 αὐτῷ.
840 2647 991 2712 ἀλλὰ
1037 2652 1129 2713 καὶ
1182 2651 1213 2713 ὁ
1261 2652 1436 2735 ἱδρὼς
1481 2652 1818 2734 μιγνύμενον
1874 2648 2003 2736 ἔχει
2045 2654 2300 2714 τοιοῦτον
2355 2650 2417 2712 ἐν
2463 2651 2684 2734 ἑαυτῷ,
2740 2648 2771 2711 δ
2816 2653 2956 2734 λαμ·

466 2749 624 2832 βάνει
680 2752 745 2813 τὸ
798 2751 1097 2834 πινόμενον
1158 2754 1312 2837 ὕδωρ
1374 2754 1490 2816 ἀπὸ
1545 2758 1647 2816 τοῦ
1702 2756 2003 2835 σώματος,
2066 2752 2446 2836 διηθούμενον
2501 2750 2575 2815 δι’
2630 2751 2805 2815 αὐτοῦ
2859 2754 2953 2815 καὶ
2981 2769 3037 2810 ιο

464 2852 662 2937 ὥσπερ
708 2857 917 2918 πλῦνον
960 2854 1103 2918 αὐτὸ
1148 2857 1243 2919 καὶ
1275 2856 1575 2940 καθαῖρον.
1644 2860 1899 2920 τοιοῦτον
1945 2857 2010 2919 δὲ
2053 2859 2150 2919 καὶ
2194 2857 2259 2919 τὸ
2306 2856 2400 2919 διὰ
2443 2861 2546 2939 τῆς
2585 2855 2797 2939 τέφρας
2840 2856 2955 2938 διη·

355 2974 422 3023 25
462 2956 763 3040 θυόμενον.
852 2955 971 3021 ἔστι
1018 2960 1083 3021 δὲ
1128 2959 1193 3021 τὸ
1251 2960 1583 3043 μιγνύμενον
1636 2959 1860 3027 τούτοις
1914 2960 2010 3021 καὶ
2061 2964 2166 3043 τῆς
2218 2959 2398 3042 αὐτῆς
2451 2957 2731 3042 ἰδιότητος
2775 2956 2954 3021 αἴτιον

466 3060 531 3122 τὸ
584 3060 721 3123 ὅσον
766 3059 1021 3125 ἄπεπτον
1074 3062 1135 3125 ἐν
1180 3066 1299 3131 τοῖς
1344 3064 1576 3145 σώμασι
1630 3061 1815 3145 μένει,
1874 3064 1956 3147 μὴ
2016 3064 2261 3148 δυνηθὲν
2317 3063 2427 3125 ὑπὸ
2481 3067 2585 3147 τῆς
2628 3062 2957 3146 πεπτούσης
2983 3078 3037 3121 15

458 3161 600 3226 αὐτὸ
657 3165 1092 3249 μεταβληθῆναι
1147 3166 1525 3249 θερμότητος.
1616 3170 1874 3234 τοιοῦτος
1922 3165 2031 3250 γὰρ
2086 3164 2121 3228 ὅ
2172 3189 2236 3228 τε
2287 3166 2464 3251 ἱδρὼς
2516 3166 2612 3227 καὶ
2664 3166 2729 3228 τὸ
2787 3162 2955 3248 οὖρον

460 3266 554 3328 καὶ
598 3267 663 3328 τὸ
708 3266 803 3329 διὰ
846 3272 950 3352 τῆς
993 3266 1206 3351 τέφρας
1251 3267 1661 3352 διηθούμενον·
1714 3270 1809 3331 καὶ
1853 3268 1962 3353 γὰρ
2008 3270 2046 3352 ἠ
2091 3268 2275 3355 τέφρα
2319 3268 2382 3331 τὸ
2430 3268 2511 3351 μὴ
2559 3269 2807 3353 δυνηθὲν
2852 3272 2957 3350 τῆς

456 3373 561 3450 γῆς
614 3370 727 3432 ὑπὸ
782 3375 885 3433 τοῦ
940 3373 1121 3454 πυρὸς
1175 3371 1541 3456 κρατηθῆναι
1592 3372 1688 3435 καὶ
1745 3373 2088 3457 μεταβαλεῖν
2141 3372 2224 3440 εἰς
2267 3370 2439 3447 αὐτό,
2495 3370 2646 3433 ἀλλὰ
2700 3369 2955 3434 ἄπεπτον
2981 3385 3037 3427 ευ

353 3488 423 3537 3ο
458 3476 656 3555 μεῖναν
701 3478 806 3557 τῆς
852 3473 1139 3556 καομένης
1182 3474 1323 3557 ὕλης
1355 3472 1571 3557 μόριον.
1641 3476 1681 3538 ἃ
1724 3479 2158 3544 κατασκευάσας
2189 3472 2417 3558 ἔλαβεν,
2464 3472 2552 3537 ὅτι
2596 3476 2687 3537 δεῖ
2728 3472 2953 3537 τοιοῦτό

460 3596 511 3635 τι
554 3573 700 3637 εἶναι
744 3577 842 3639 καὶ
886 3576 917 3639 ὃ
963 3582 1047 3661 τῷ
1098 3577 1257 3641 ὕδατι
1306 3578 1643 3659 μιγνύμενον
1685 3578 1791 3661 τὴν
1836 3579 2138 3641 θάλασσαν
2185 3576 2247 3646 ἐξ
2289 3576 2467 3641 abeo&
2513 3581 2681 3639 ποιεῖ.
2771 3576 2952 3639 εἰπὼν

459 3678 525 3740 δὲ
568 3678 684 3741 δεῖν
730 3676 983 3742 ἄπεπτόν
1030 3701 1083 3741 τι
1126 3678 1271 3743 εἶναι
1316 3680 1676 3765 περίττωμα,
1731 3680 1800 3745 οὗ
1847 3683 1885 3764 ἡ
1934 3678 2079 3763 μῖξις
2121 3684 2226 3763 τῆς
2269 3680 2412 3763 πρὸς
2465 3680 2531 3742 τὸ
2577 3680 2731 3763 ὕδωρ
2775 3679 2954 3743 αἴτιον
2984 3695 3038 3737 25

458 3778 618 3865 αὐτῷ
674 3786 779 3865 τῆς
822 3780 1220 3866 ἁλμυρότητος
1271 3784 1509 3865 γίνεται,
1569 3782 1575 3869 Ι
1635 3784 1856 3853 δεικνὺς
1907 3784 1962 3846 τί
2010 3781 2142 3847 πότ’
2197 3783 2319 3846 ἐστι
2362 3786 2560 3861 τοῦτο,
2617 3780 2820 3868 ἔλαβεν
2865 3784 2930 3845 τὸ
2977 3790 3062 3847 191

458 3883 656 3967 ὥσπερ
700 3884 796 3946 ἐπὶ
850 3889 965 3948 τῶν
1012 3886 1303 3967 σωμάτων
1359 3890 1475 3949 τῶν
1522 3886 1693 3972 ζῴων
1739 3888 1799 3949 ἐν
1845 3890 1967 3955 ταῖς
2019 3888 2258 3970 τροφαῖς
2309 3908 2373 3947 τε
2417 3882 2565 3969 (καὶ)
2612 3887 2958 3971 μεταβολαῖς

354 4003 419 4053 35
457 3984 689 4049 ἄπεπτά
731 4010 855 4051 τινα
886 3990 1292 4071 περιττώματα
1332 3990 1562 4071 γίνεται,
1610 3990 1691 4052 ὦν
1736 3994 1814 4073 τῇ
1849 3991 1993 4074 πρὸς
2036 3989 2100 4051 τὸ
2148 3988 2304 4071 ὕδωρ
2350 3987 2498 4071 μίξει
2523 3988 2775 4069 γίνονταί
2812 4011 2955 4057 τινες

458 4090 715 4173 ἁλμυραί
755 4114 817 4153 τε
862 4091 1206 4160 ὑποστάσεις
1250 4092 1311 4155 ἐν
1341 4092 1533 4162 αὐτοῖς
1578 4093 1672 4155 καὶ
1704 4091 1920 4176 πικραί,
1965 4091 2118 4154 οὕτω
2151 4091 2222 4175 δὴ
2257 4091 2353 4154 καὶ
2384 4088 2468 4174 (ἐν
2499 4088 2614 4175 τῷ)
2645 4092 2811 4153 παντὶ
2842 4091 2958 4154 ἀπὸ
3010 4107 3038 4150 5

454 4193 684 4255 πάντων
714 4196 831 4257 τῶν
861 4192 1170 4278 φυομένων
1200 4196 1295 4259 καὶ
1330 4194 1641 4279 γινομένων
1674 4178 2108 4279 ὑπολαμβάνειν
2135 4196 2224 4256 δεῖ
2251 4192 2518 4276 τοιαύτην
2543 4194 2667 4257 τινὰ
2699 4192 2954 4257 ἄπεπτον

352 4396 383 4449 9
421 4396 551 4451 ἀλλὰ
587 4399 704 4451 add.
743 4398 853 4451 ΒΨ
890 4398 977 4467 Sp.
1158 4399 1188 4451 9
1235 4398 1420 4468 γλυκὺν
1465 4400 1587 4454 libri
1769 4401 1829 4452 11
1881 4403 1978 4469 γῆσ
2023 4400 2080 4451 in
2116 4398 2193 4451 lit.
2233 4402 2280 4449 V
2456 4398 2674 4451 fortasse
2709 4402 2800 4469 γῆς
2841 4396 3066 4469 (διηθού-

352 4488 519 4553 μενον)
706 4486 767 4537 12
804 4484 1045 4555 λεγομένη
1081 4483 1163 4555 τὸ]
1202 4486 1473 4557 λεγομένης
1506 4490 1583 4559 τῷ
1607 4488 1722 4555 Sp.:
1760 4474 2023 4556 γενόμενον
2059 4484 2118 4538 τὸ
2145 4484 2240 4539 G2:
2280 4484 2500 4539 fortasse
2535 4486 2651 4557 <μὴ>
2676 4486 2947 4556 γενομένης
2981 4484 3039 4537 τὸ
3049 4503 3064 4550 3

352 4572 414 4625 ef.
443 4574 603 4627 Arist.
628 4574 749 4627 Met.
775 4571 959 4625 357a5
1172 4574 1287 4643 τοῦ]
1333 4595 1363 4628 τ
1398 4577 1455 4628 in
1504 4576 1579 4629 lit.
1618 4580 1667 4629 V
1899 4574 1959 4625 17
1998 4573 2287 4643 ἀπορρήσασ
2323 4576 2370 4624 V
2589 4572 2652 4625 18
2689 4574 2774 4626 καὶ
2810 4573 2975 4626 delevi

352 4660 418 4712 20
450 4662 653 4727 τοῦτον]
698 4664 849 4713 τοῦτο
886 4660 976 4729 Sp.
1190 4658 1257 4713 ‘24
1294 4659 1479 4713 πλύνον
1516 4662 1631 4731 Sp.=
1677 4660 1948 4733 πλὺΙνομεν
1980 4661 2056 4714 sic
2078 4665 2139 4712 V:
2177 4657 2362 4713 πλύνον
2388 4659 2477 4727 μὲν
2505 4663 2619 4713 GF:
2658 4660 2967 4731 πλυνόμενον
2993 4663 3062 4713 B:

352 4745 597 4817 πλύνομεν
636 4751 708 4802 Sa
893 4746 1015 4800 αὑτὸ
1054 4746 1144 4815 Sp.
1332 4748 1401 4801 25
1438 4749 1491 4801 δὲ
1527 4750 1583 4801 in
1622 4750 1699 4801 lit.
1736 4753 1783 4798 V
1952 4748 2129 4819 αὐτῆς]
2165 4746 2402 4818 τοιαύτης
2437 4748 2694 4801 Schwartz
2872 4748 2939 4801 29
2976 4752 3066 4801 τοῦ

350 4836 407 4887 in
444 4836 523 4889 lit.
561 4840 612 4888 V
788 4832 1127 4907 κρατηθῆναι]
1164 4854 1228 4905 τη
1265 4836 1323 4887 in
1361 4836 1436 4888 lit.
1476 4840 1525 4888 V
1702 4835 1769 4888 32
1805 4836 1922 4903 τῆς]
1960 4836 2181 4889 fortasse
2216 4837 2249 4907 ἡ
2429 4836 2496 4888 34
2532 4836 2620 4888 καὶ
2655 4835 2772 4888 add.
2799 4839 2871 4890 Sa
2907 4836 2995 4904 Sp.

353 4920 417 4975 35
454 4921 526 4974 ὧν
565 4922 847 4976 Schwartz:
887 4921 959 4981 ὡς
996 4922 1115 4976 libri
1328 4921 1395 4975 36
1433 4921 1486 4973 ὲν
1522 4922 1601 4992 τῷ·
1636 4922 1812 4975 addidi
1851 4921 1916 4975 cf,
1953 4922 2106 4975 Alex.
2143 4924 2200 4975 in
2237 4923 2442 4976 Meteon
2476 4920 2656 4976 9721ss

2573 5010 2662 5073 7*
