3684 5567
1478 250 1763 309 BIBAION
1802 250 1846 307 T
1849 250 2058 309 PITON
2098 253 2235 305 6-7
3137 254 3220 319 91

598 434 685 513 τῷ
729 428 881 510 γένει
924 426 1319 513 διαφερόντων
1364 427 1665 512 αἰσθητῶν
1702 427 2062 491 αἰσθάνεται.
2131 426 2199 489 οὐ
2229 428 2359 510 γάρ,
2404 425 2531 489 ἐπεὶ
2575 425 2682 489 δύο
2713 426 2810 489 καὶ
2840 430 2929 510 τῷ
2963 423 3116 507 γένει

602 528 951 615 διαφέροντα
992 530 1275 615 αἰσθητά,
1334 532 1408 594 τά
1458 552 1523 593 τε
1566 528 1822 592 ἀκουστὰ
1878 529 1976 592 καὶ
2026 528 2100 592 τὰ
2144 529 2468 613 ὀσφραντά,
2523 530 2611 591 δεῖ
2653 526 2847 591 αὐτῶν
2902 528 3000 591 καὶ
3043 525 3114 589 τὰ
3142 542 3199 583 2⁰

606 629 821 716 ὄργανα
866 631 939 695 δι’
996 632 1079 695 ὧν
1133 631 1286 694 ἐστιν
1340 631 1595 714 αἰσθητὰ
1651 630 1998 716 διαφέροντα
2041 630 2186 694 εἶναι
2236 628 2342 714 (δι’
2397 629 2568 713 ἀέρος
2618 629 2727 713 γὰρ
2772 628 3118 713 ἀμφοτέρων

607 734 647 816 ἡ
706 732 1055 818 ἀντίληψις),
1108 732 1263 797 ὥσθ’
1319 735 1351 797 ὁ
1397 738 1597 797 τοῦτον
1654 730 1812 817 ἔχων
1869 731 2216 817 ἀμφοτέρων
2270 731 2340 795 ἂν
2386 732 2482 795 διὰ
2526 730 2731 795 τούτου
2776 730 3120 816 ἀντιλαμβά·

531 854 561 902 5
600 857 770 897 νοιτο.
861 836 1029 898 πάλιν
1060 857 1125 898 τε
1152 833 1248 915 αὖ,
1295 836 1349 899 εἰ
1379 836 1561 899 πλείω
1607 835 1698 920 εἴη
1744 835 2100 919 αἰσθητήρια
2145 832 2296 917 [τὰ],
2342 832 2414 897 δι’
2457 834 2540 896 ὧν
2587 830 2708 895 οἷόν
2756 855 2817 895 τε
2865 834 2993 903 ἑνὸς
3035 835 3118 897 αἰ·
3145 850 3200 893 25

603 936 925 1000 σθάνεσθαι
966 938 1081 1018 (ὡς
1126 936 1287 1023 ἔχειν
1333 940 1494 1001 δοκεῖ
1538 937 1609 999 τὰ
1654 938 1982 1022 ὀσφραντά·
2039 936 2258 1000 τούτων
2303 935 2413 1019 γὰρ
2458 938 2624 999 δοκεῖ
2659 935 2754 998 καὶ
2799 934 2870 997 δι’
2915 937 3119 1007 ὕδατος

596 1039 693 1102 καὶ
734 1038 908 1123 ἀέρος
952 1038 1229 1124 αἴσθησις
1267 1039 1553 1122 γίνεσθαι·
1612 1037 1686 1103 δι’
1727 1040 1936 1107 ὕδατος
1981 1040 2087 1122 μὲν
2130 1037 2240 1121 γὰρ
2286 1037 2357 1100 τὰ
2395 1034 2622 1120 ἔνυδρα,
2672 1034 2679 1123 Ι
2727 1034 2863 1122 <δι’>
2907 1039 3080 1123 ἀέρος
3125 1047 3218 1103 173

598 1140 663 1202 δὲ
704 1140 777 1203 τὰ
822 1140 1179 1204 ἀναπνέοντα
1224 1144 1387 1205 δοκεῖ
1430 1142 1620 1223 ὀσμῆς
1664 1141 2218 1223 ἀντιλαμβάνεσθαι,
2263 1139 2392 1203 ἐπεὶ
2422 1139 2516 1201 διὰ
2545 1141 2767 1202 τούτων
2814 1141 3002 1203 πάντα
3048 1141 3119 1203 τὰ

597 1240 793 1326 ἕτερον
822 1242 1042 1305 τούτων
1073 1241 1289 1327 ἔχοντα
1323 1241 1443 1328 [τὸ]
1476 1244 1858 1327 αἰσθητήριον
1906 1244 2080 1325 μόνον
2110 1242 2458 1325 αἰσθήσεται
2503 1241 2722 1305 αὐτῶν·
2772 1242 2840 1305 οὐ
2884 1241 2994 1325 γὰρ
3025 1244 3120 1305 δεῖ

500 1362 563 1409 10
600 1342 899 1429 ἀμφότερα
932 1341 1091 1429 ἔχειν
1122 1346 1187 1408 τὸ
1221 1344 1429 1429 μέλλον
1465 1345 1657 1429 ὀσμῆς
1685 1344 2106 1427 αἰσθάνεσθαι)
2135 1360 2174 1402 *
2199 1361 2236 1402 *
2261 1360 2300 1402 *
2332 1348 2511 1406 ταῦτα
2540 1345 2735 1428 λαβὼν
2767 1345 2860 1407 καὶ
2893 1344 3115 1407 ἀνελὼν
3169 1361 3198 1403 5

596 1443 666 1508 δι’
722 1446 915 1511 αὐτῶν
959 1447 1026 1509 τὸ
1070 1447 1294 1530 ἀνάγκη
1340 1444 1485 1509 εἰναι
1528 1448 1563 1510 ἔ
1601 1446 1674 1509 τὰ
1719 1447 2106 1531 αἰσθητήρια,
2164 1447 2290 1510 ἐπεὶ
2335 1450 2607 1509 τοσαῦται
2651 1450 2767 1509 τῶν
2811 1446 3114 1530 αἰσθητῶν

600 1548 749 1611 κατὰ
790 1548 953 1631 γένος
996 1550 1297 1634 διαφοραί,
1355 1548 1564 1633 ἐφεξῆς
1607 1549 1923 1624 δείκνυσιν,
1983 1548 2070 1613 ὅτι
2122 1550 2204 1633 μὴ
2251 1548 2371 1612 οἷόν
2424 1571 2488 1611 τε
2541 1547 2688 1611 εἶναι
2732 1549 3112 1633 αἰσθητήριον

596 1648 656 1718 ἐξ
700 1648 881 1713 ἄλλου
926 1651 1077 1720 τινὸς
1130 1655 1245 1715 τῶν
1292 1651 1495 1714 ἁπλῶν
1540 1653 1854 1733 σωμάτων,
1899 1652 1938 1735 ἢ
1982 1651 2048 1721 ἐξ
2093 1652 2296 1721 ὕδατος
2341 1653 2438 1714 καὶ
2483 1650 2672 1736 ἀέρος,
2729 1651 2811 1714 ὧν
2857 1650 2962 1732 τὴν
3008 1651 3113 1734 μὲν
3142 1666 3198 1709 ιο

595 1748 793 1834 κόρην,
840 1747 882 1837 ᾖ
930 1757 1047 1817 τῶν
1080 1755 1309 1838 ὁρατῶν
1341 1752 1771 1835 αἰσθανόμεθα,
1818 1752 1880 1823 ἐξ
1911 1754 2118 1821 ὕδατος
2162 1750 2402 1838 ἔχομεν,
2445 1754 2551 1835 τὴν
2598 1751 2650 1815 δ’
2691 1753 2876 1835 ἀκοὴν
2921 1752 3113 1837 ἀέρος,

496 1872 555 1919 15
594 1852 697 1935 τὴν
742 1853 796 1916 δ’
854 1853 1137 1940 ὄσφρησιν
1184 1858 1356 1939 ἡμεῖς
1411 1857 1513 1939 μὲν
1559 1858 1655 1919 καὶ
1702 1856 1773 1918 τὰ
1818 1856 1902 1937 μὴ
1951 1852 2158 1938 ἔνυδρα
2204 1854 2265 1923 ἐξ
2309 1854 2511 1938 ἀέρος,
2566 1855 2638 1918 τὰ
2683 1854 2748 1918 δὲ
2794 1853 3005 1938 ἔνυδρα
3047 1856 3109 1925 ἐξ

596 1954 817 2025 ὕδατος.
908 1956 1043 2021 οὔτε
1089 1960 1155 2021 δὲ
1200 1959 1270 2021 ἐκ
1316 1958 1495 2042 πυρὸς
1538 1956 1662 2021 οἷόν
1716 1980 1781 2021 τε
1824 1958 2204 2041 αἰσθητήριον
2251 1956 2416 2033 ε’ἰναι,
2465 1960 2546 2025 ὥς
2598 1955 2658 2018 ἐν
2703 1962 2790 2041 τῷ
2841 1956 2984 2043 Περὶ
3027 1959 3111 2022 αἰ·

594 2056 868 2140 σθήσεώς
920 2082 983 2123 τε
1026 2063 1121 2125 καὶ
1178 2060 1480 2143 αἰσθητῶν
1526 2058 1725 2138 δείξει,
1782 2056 1920 2123 οὔτε
1973 2060 2040 2123 ἐκ
2091 2064 2199 2142 γῆς
2244 2057 2443 2143 μόνης.
2534 2058 2586 2121 εἰ
2632 2058 2698 2121 δὲ
2739 2063 2940 2135 τοῦτο,
2995 2060 3110 2145 οὐχ
3141 2075 3194 2119 15

594 2157 715 2221 οἷόν
768 2184 831 2223 τε
888 2160 1031 2225 ἄλλο
1084 2186 1138 2225 τι
1196 2162 1575 2245 αἰσθητήριον
1634 2160 1780 2224 εἶναι
1845 2160 2002 2244 παρὰ
2057 2165 2267 2237 ταῦτα,
2343 2161 2383 2224 ἃ
2431 2159 2560 2245 ἔχει
2613 2160 2685 2222 τὰ
2750 2160 2940 2225 τέλεια
2994 2168 3113 2224 τῶν

594 2256 787 2345 ζῴων.
886 2262 1053 2327 οὐδὲν
1119 2262 1372 2327 ἐλλείπει
1438 2262 1821 2347 αἰσθητήριον
1889 2268 2010 2331 τοῖς
2085 2263 2188 2332 τὰς
2255 2264 2426 2327 πέντε
2491 2262 2795 2347 αἰσθήσεις
2861 2260 3116 2347 ἔχουσιν,

496 2380 563 2428 20
598 2362 753 2427 ὥστε
798 2362 921 2427 οὐδ’
976 2364 1269 2448 αἴσθησις.
1358 2364 1527 2429 οὐδὲν
1568 2366 1679 2449 γὰρ
1726 2364 1886 2449 παρὰ
1937 2366 2010 2428 τὰ
2059 2365 2316 2449 τέσσαρα
2367 2364 2490 2429 οἷόν
2544 2386 2607 2428 τε
2663 2365 2883 2428 ἁπλοῦν
2927 2366 3116 2448 παθη·
3143 2381 3201 2423 ευ

592 2465 689 2527 τὸν
732 2464 880 2529 εἶναι
926 2472 1127 2551 σῶμα,
1186 2466 1321 2553 (ὡς)
1366 2468 1429 2538 ἐξ
1474 2468 1695 2532 ἐκείνου
1750 2466 2040 2530 δύνασθαί
2090 2491 2145 2530 τι
2186 2468 2566 2551 αἰσθητήριον
2619 2466 2786 2531 εἶναι.
2876 2468 2970 2531 δεῖ
3010 2469 3114 2550 μὲν

592 2565 699 2650 γὰρ
746 2568 812 2629 τὸ
858 2568 1241 2655 αἰσθητήριον
1286 2572 1536 2655 πάσχειν
1580 2594 1634 2633 τι
1696 2570 1809 2633 ὑπὸ
1855 2573 1958 2632 τοῦ
2001 2570 2290 2655 αἰσθητοῦ
2302 2616 2318 2643 ,
2372 2570 2462 2633 διὸ
2507 2570 2603 2633 καὶ
2648 2570 2920 2655 παθητοῦ
2965 2569 3115 2633 εἶναι

592 2670 893 2751 σώματος·
940 2673 1006 2735 τὸ
1051 2672 1117 2735 δὲ
1162 2673 1425 2755 πέμπτον
1472 2677 1649 2757 σῶμα
1693 2672 1924 2741 ἀπαθὲς
1966 2671 2336 2736 ἐνδέδεικται.
2389 2671 2395 2755 Ι

592 2930 730 2996 Vll.
814 2929 1063 3016 Ἀλλης
1106 2933 1361 3004 λέξεως
1406 2934 1739 3019 ἐξήγησις
1780 2937 1858 3000 ἐκ
1899 2940 2020 2999 τοῦ
2064 2936 2297 3020 τρίτου
2346 2933 2516 3019 Περὶ
2562 2941 2824 3022 ψυχῆς,
2871 2935 2954 3000 δι’
2998 2936 3080 3020 ἧς
3125 2943 3220 2999 174

486 3052 551 3102 25
769 3038 997 3121 ζητεῖ,
1042 3040 1188 3105 πῶς
1231 3039 1269 3120 ἡ
1317 3038 1790 3123 συναίσθησις
1834 3041 2001 3123 ἡμῖν
2045 3038 2310 3122 γίνεται
2353 3038 2924 3122 αἰσθανομένοις.

751 3202 994 3269 “Ἐπεὶ
1040 3206 1537 3289 αἰσθανόμεθα
1581 3208 1684 3273 ὅτι
1724 3210 2007 3294 ὁρῶμεν
2052 3209 2167 3274 καὶ
2211 3208 2591 3291 ἀκούομεν,
2637 3210 2909 3294 ἀνάγκη
2957 3209 3113 3294 ἤτοι
3166 3227 3194 3270 5

592 3305 749 3392 ὄψει
794 3308 1273 3373 αἰσθάνεσθαι
1316 3308 1423 3373 ὅτι
1469 3312 1627 3395 ὁρᾷ,
1673 3312 1712 3395 ἢ
1760 3310 2032 3394 ἑτέρᾳ.”

756 3407 965 3493 Ζητεῖ,
1022 3415 1147 3480 πῶς
1192 3414 1229 3495 ἡ
1279 3412 1651 3498 συναίσθησις
1688 3416 1831 3498 ἡμῖν
1877 3414 2121 3497 γίνεται,
2165 3414 2401 3477 ἐπειδὰν
2447 3413 2876 3496 αἰσθανώμεθά
2919 3438 3110 3496 τινων,

590 3511 686 3574 καὶ
742 3512 879 3575 τίνι·
940 3513 1346 3595 αἰσθανόμεθα
1409 3516 1473 3578 δὲ
1532 3518 1724 3580 αὑτῶν
1782 3516 2214 3599 αἰσθανόμενοι.
2312 3517 2480 3578 παντὶ
2537 3516 2645 3601 γὰρ
2699 3516 3108 3603 αἰσθανομένῳ

487 3632 555 3680 3ο
592 3614 743 3683 τινὸς
786 3614 932 3697 πρὸς
974 3618 1051 3697 τῇ
1102 3614 1401 3701 ἀντιλήψει
1447 3618 1653 3683 τούτου
1700 3618 1769 3683 οὔ
1810 3620 2172 3693 αἰσθάνεται,
2216 3618 2429 3701 γίνεται
2462 3619 2841 3704 συναίσθησίς
2882 3643 2967 3689 τις
3012 3623 3108 3685 καὶ
3137 3638 3194 3679 ιο

589 3720 688 3778 τοῦ
740 3714 831 3778 ὅτι
873 3717 1241 3781 αἰσθάνεται·
1304 3720 1455 3803 αὕτη
1501 3722 1573 3803 δὴ
1620 3722 1659 3803 ἡ
1717 3721 2102 3805 συναίσθησις
2154 3720 2396 3805 πότερον
2451 3722 2592 3803 ἡμῖν
2646 3722 2740 3785 διὰ
2783 3727 2890 3806 τῆς
2933 3722 3114 3808 αὐτῆς

590 3818 925 3902 αἰσθήσεως
968 3820 1202 3902 γίνεται,
1247 3820 1320 3884 δι’
1362 3822 1434 3906 ἧς
1477 3824 1575 3886 καὶ
1620 3828 1723 3886 τοῦ
1766 3824 2057 3907 αἰσθητοῦ
2104 3824 2143 3905 ἡ
2176 3822 2494 3906 ἀντίληψις,
2543 3826 2625 3892 ὡς
2667 3828 2742 3906 τῇ
2778 3822 2908 3909 ὄψει
2952 3827 3110 3909 ἡμᾶς

589 3921 729 4004 ὁρᾶν
784 3944 848 3983 τε
900 3922 973 3984 τὰ
1028 3924 1299 4007 ὁρώμενα
1352 3926 1449 3987 καὶ
1502 3926 1892 3989 αἰσθάνεσθαι
1953 3926 2176 3988 ἑαυτῶν
2233 3926 2536 4008 ὁρώντων,
2595 3925 2633 4008 ἢ
2689 3930 2772 4009 τῇ
2826 3928 2931 4010 μὲν
2979 3928 3110 4014 ὄψει
3138 3945 3193 3988 15

586 4025 702 4083 τῶν
749 4023 974 4107 ὁρατῶν
1022 4024 1451 4109 αἰσθανόμεθα,
1497 4027 1653 4111 ἄλλη
1694 4027 1759 4091 δέ
1802 4049 1910 4091 τινι
1953 4026 2133 4091 αὐτοῦ
2181 4031 2284 4090 τοῦ
2331 4027 2500 4111 ὁρᾶνς
2568 4029 2665 4090 καὶ
2720 4026 2807 4091 ὅτι
2853 4031 2958 4113 μὲν
3004 4031 3111 4096 οὐκ

478 4229 511 4281 4
548 4232 698 4281 τοῦτο
723 4246 753 4280 ε
778 4230 869 4295 Sp.
1048 4228 1081 4281 5
1119 4230 1197 4293 τε]
1242 4228 1295 4281 δὲ
1343 4247 1376 4282 a
1411 4230 1500 4298 Sp.
1696 4232 1762 4284 τὰ
1800 4231 1994 4285 delevi:
2033 4232 2145 4285 τινὰ
2171 4232 2308 4285 coni.
2335 4231 2480 4284 Diels
2657 4232 2688 4283 7
2729 4232 2802 4285 δι’
2837 4235 2955 4288 add.
2983 4236 3072 4305 Sp.

480 4316 515 4369 8
553 4316 662 4368 ἐπεὶ
698 4316 777 4368 διὰ
812 4317 1027 4384 scripsi:
1067 4316 1237 4386 ἐπειδὴ
1276 4316 1395 4371 libri
1596 4320 1661 4372 τὰ
1698 4320 1815 4387 Sp.:
1853 4318 1914 4372 τὸ
1950 4320 2072 4373 libri
2259 4320 2289 4372 9
2327 4319 2386 4371 τὸ
2425 4320 2524 4372 dcl.
2563 4320 2652 4388 Sp.
2837 4322 2903 4374 13
2939 4322 3036 4388 (ἐξ)
3072 4326 3216 4397 ἀέρος

480 4406 617 4456 coni.
658 4403 746 4471 Sp.
931 4403 993 4454 17
1033 4402 1201 4473 δείξει]
1241 4405 1303 4456 do
1328 4420 1485 4457 sensu
1524 4406 1571 4458 2.
1599 4406 1701 4459 436
1715 4406 1817 4459 ⁸22
1840 4423 1952 4475 sqq.
2166 4406 2226 4459 18
2263 4412 2438 4474 ταῦτα,
2479 4408 2512 4460 ἃ
2550 4407 2762 4475 scripsi:
2801 4412 2960 4463 ταῦτα
2996 4408 3039 4463 δ’
3065 4414 3212 4467 libri:

476 4496 635 4543 ταῦτα
661 4493 863 4554 (ταῦτα)
888 4491 1025 4543 vict.
1053 4490 1143 4559 Sp.
1326 4493 1387 4545 19
1425 4492 1540 4546 οὐδὲ
1566 4496 1703 4547 coni.
1731 4494 1821 4562 Sp.
2002 4494 2064 4547 21
2107 4494 2180 4552 ὡς
2216 4494 2332 4547 add.
2371 4494 2507 4547 vict..
2688 4494 2756 4547 24
2794 4495 2853 4548 ἐκ
2889 4502 2979 4550 τοῦ
3017 4498 3214 4571 τρίτου]

478 4579 541 4631 de
574 4594 660 4630 an.
690 4578 782 4642 111,
808 4576 858 4629 2.
896 4576 1118 4631 4251112
1293 4578 1359 4631 26
1399 4577 1535 4650 ἤτοι]
1572 4579 1604 4650 ἢ
1643 4582 1713 4651 τῇ
1750 4582 1910 4633 Arist.
2092 4582 2158 4633 27
2197 4580 2296 4651 ὅτι]
2337 4581 2383 4635 εἰ
2413 4600 2462 4634 τι
2497 4582 2642 4635 Bs²a
2678 4582 2763 4647 Sp.
2935 4585 3005 4639 28
3041 4586 3215 4641 αἰσθα-

478 4664 671 4735 νόμεθά
707 4683 740 4718 a
951 4664 1018 4717 29
1053 4665 1151 4718 τίνι
1186 4668 1397 4735 scripsi:
1453 4686 1548 4721 τινι
1584 4669 1705 4722 libri
1903 4670 1970 4722 29
2008 4668 2176 4722 αὑτῶν
2205 4671 2414 4736 scripsi:
2455 4670 2628 4723 αὐτῶν
2653 4671 2774 4724 libri
2976 4674 3039 4726 31
3083 4673 3214 4746 αὕτη

478 4753 541 4823 δὴ
576 4754 609 4823 ἡ
646 4752 719 4807 (3²
754 4752 868 4820 Sp.:
916 4750 1045 4822 αὕτη
1084 4753 1180 4823 ἤδη
1219 4758 1360 4808 FSa:
1410 4773 1539 4826 αυτ-η
1575 4756 1674 4825 ηδη
1712 4756 1877 4831 θίαν
2091 4758 2158 4809 34
2207 4756 2363 4810 αὑτοῦ
2401 4758 2588 4830 scripsi
2627 4758 2697 4810 cf.
2725 4774 2774 4831 ρ.
2803 4758 2998 4825 92,21;
3049 4762 3108 4815 οὺ
3146 4767 3215 4837 τῇ

480 4838 623 4895 libri.
661 4840 761 4894 dol.
798 4840 937 4898 vict.
976 4839 1067 4909 Sp.
1280 4842 1377 4903 οὐκ
1414 4842 1486 4897 (3²
1524 4844 1657 4896 vict.
1696 4843 1813 4921 Sp.:
1854 4843 1942 4896 οὖν
1979 4844 2068 4897 καὶ
2101 4844 2223 4905 libri
