<?xml version="1.0" encoding="UTF-8"?>
<!DOCTYPE html PUBLIC "-//W3C//DTD XHTML 1.0 Transitional//EN"
    "http://www.w3.org/TR/xhtml1/DTD/xhtml1-transitional.dtd">
<html xmlns="http://www.w3.org/1999/xhtml" xml:lang="en" lang="en">
 <head>
  <title>
</title>
<meta http-equiv="Content-Type" content="text/html;charset=utf-8" />
  <meta name='ocr-system' content='tesseract 3.04.00' />
  <meta name='ocr-capabilities' content='ocr_page ocr_carea ocr_par ocr_line ocrx_word'/>
</head>
<body>
  <div class='ocr_page' id='page_1' title='image "./supplementumari00wissgoog_0236.png"; bbox 0 0 3684 5567; ppageno 0'>
   <div class='ocr_carea' id='block_1_1' title="bbox 568 268 2813 342">
    <p class='ocr_par' dir='ltr' id='par_1_1' title="bbox 568 268 2813 342">
     <span class='ocr_line' id='line_1_1' title="bbox 568 268 2813 342; baseline -0.006 -5"><span class='ocrx_word' id='word_1_1' title='bbox 568 274 691 339; x_wconf 88' lang='grc'>160</span> <span class='ocrx_word' id='word_1_2' title='bbox 1013 269 1345 342; x_wconf 79' lang='grc' dir='ltr'>[ΑΠΟΡΙΩΝ</span> <span class='ocrx_word' id='word_1_3' title='bbox 1385 270 1506 326; x_wconf 87' lang='grc' dir='ltr'>ΚΑΙ</span> <span class='ocrx_word' id='word_1_4' title='bbox 1544 270 1810 327; x_wconf 72' lang='grc' dir='ltr'>ΛΥΣΕΩΝ</span> <span class='ocrx_word' id='word_1_5' title='bbox 1851 268 2136 326; x_wconf 80' lang='lat' dir='ltr'>BIBMON</span> <span class='ocrx_word' id='word_1_6' title='bbox 2174 268 2544 327; x_wconf 78' lang='lat' dir='ltr'><strong>TETAPTON</strong></span> <span class='ocrx_word' id='word_1_7' title='bbox 2585 272 2813 342; x_wconf 83' lang='lat'><strong>29—30]</strong></span> 
     </span>
    </p>
   </div>
   <div class='ocr_carea' id='block_1_2' title="bbox 567 444 3274 4247">
    <p class='ocr_par' dir='ltr' id='par_1_2' title="bbox 567 444 3274 4247">
     <span class='ocr_line' id='line_1_2' title="bbox 675 444 3162 532; baseline 0 -25"><span class='ocrx_word' id='word_1_8' title='bbox 675 444 769 530; x_wconf 84' lang='grc' dir='ltr'>ἐφ’</span> <span class='ocrx_word' id='word_1_9' title='bbox 824 447 965 529; x_wconf 76' lang='grc' dir='ltr'>ἡμῖν</span> <span class='ocrx_word' id='word_1_10' title='bbox 1011 446 1159 532; x_wconf 88' lang='grc' dir='ltr'>ἔχει,</span> <span class='ocrx_word' id='word_1_11' title='bbox 1207 446 1315 510; x_wconf 82' lang='grc' dir='ltr'>ὅσα</span> <span class='ocrx_word' id='word_1_12' title='bbox 1360 446 1482 510; x_wconf 81' lang='grc' dir='ltr'>ἐστὶ</span> <span class='ocrx_word' id='word_1_13' title='bbox 1526 448 1839 530; x_wconf 87' lang='grc' dir='ltr'>προαιρετά</span> <span class='ocrx_word' id='word_1_14' title='bbox 1882 469 1945 509; x_wconf 88' lang='grc' dir='ltr'>τε</span> <span class='ocrx_word' id='word_1_15' title='bbox 1989 448 2084 509; x_wconf 89' lang='grc' dir='ltr'>καὶ</span> <span class='ocrx_word' id='word_1_16' title='bbox 2138 447 2286 510; x_wconf 81' lang='grc' dir='ltr'>κατὰ</span> <span class='ocrx_word' id='word_1_17' title='bbox 2341 447 2666 531; x_wconf 82' lang='grc' dir='ltr'>προαίρεσιν</span> <span class='ocrx_word' id='word_1_18' title='bbox 2717 445 3005 529; x_wconf 85' lang='grc' dir='ltr'>γινόμενα,</span> <span class='ocrx_word' id='word_1_19' title='bbox 3049 450 3162 509; x_wconf 84' lang='grc' dir='ltr'>πᾶν</span> 
     </span>
     <span class='ocr_line' id='line_1_3' title="bbox 673 542 3161 634; baseline 0.001 -25"><span class='ocrx_word' id='word_1_20' title='bbox 673 572 734 609; x_wconf 88' lang='grc' dir='ltr'>τε</span> <span class='ocrx_word' id='word_1_21' title='bbox 779 550 843 611; x_wconf 87' lang='grc' dir='ltr'>τὸ</span> <span class='ocrx_word' id='word_1_22' title='bbox 876 550 1023 613; x_wconf 84' lang='grc' dir='ltr'>κατὰ</span> <span class='ocrx_word' id='word_1_23' title='bbox 1066 542 1392 634; x_wconf 72' lang='grc' dir='ltr'>προαίρεσιν</span> <span class='ocrx_word' id='word_1_24' title='bbox 1458 550 1749 631; x_wconf 90' lang='grc' dir='ltr'>γινόμενον</span> <span class='ocrx_word' id='word_1_25' title='bbox 1804 550 1950 632; x_wconf 86' lang='grc' dir='ltr'>μετὰ</span> <span class='ocrx_word' id='word_1_26' title='bbox 2003 548 2174 631; x_wconf 89' lang='grc' dir='ltr'>λόγου</span> <span class='ocrx_word' id='word_1_27' title='bbox 2228 572 2290 612; x_wconf 90' lang='grc' dir='ltr'>τε</span> <span class='ocrx_word' id='word_1_28' title='bbox 2345 550 2439 612; x_wconf 85' lang='grc' dir='ltr'>καὶ</span> <span class='ocrx_word' id='word_1_29' title='bbox 2495 548 2884 633; x_wconf 89' lang='grc' dir='ltr'>προαιρέσεως</span> <span class='ocrx_word' id='word_1_30' title='bbox 2931 549 3161 632; x_wconf 82' lang='grc' dir='ltr'>γίνεται,</span> 
     </span>
     <span class='ocr_line' id='line_1_4' title="bbox 675 650 3248 737; baseline 0 -25"><span class='ocrx_word' id='word_1_31' title='bbox 675 651 763 713; x_wconf 85' lang='grc' dir='ltr'>διὸ</span> <span class='ocrx_word' id='word_1_32' title='bbox 810 652 903 714; x_wconf 89' lang='grc' dir='ltr'>καὶ</span> <span class='ocrx_word' id='word_1_33' title='bbox 952 653 1115 715; x_wconf 87' lang='grc' dir='ltr'>δοκεῖ</span> <span class='ocrx_word' id='word_1_34' title='bbox 1154 654 1191 735; x_wconf 84' lang='grc' dir='ltr'>ἡ</span> <span class='ocrx_word' id='word_1_35' title='bbox 1239 652 1563 736; x_wconf 82' lang='grc' dir='ltr'>προαίρεσις</span> <span class='ocrx_word' id='word_1_36' title='bbox 1606 650 1751 713; x_wconf 83' lang='grc' dir='ltr'>εἶναι</span> <span class='ocrx_word' id='word_1_37' title='bbox 1796 653 2056 716; x_wconf 85' lang='grc' dir='ltr'>ἑκούσιον</span> <span class='ocrx_word' id='word_1_38' title='bbox 2101 650 2680 737; x_wconf 86' lang='grc' dir='ltr'>προβεβουλευμένον.</span> <span class='ocrx_word' id='word_1_39' title='bbox 2770 654 2899 735; x_wconf 84' lang='grc' dir='ltr'>περὶ</span> <span class='ocrx_word' id='word_1_40' title='bbox 2943 652 3049 737; x_wconf 78' lang='grc' dir='ltr'>γὰρ</span> <span class='ocrx_word' id='word_1_41' title='bbox 3093 652 3166 715; x_wconf 81' lang='grc' dir='ltr'>τὰ</span> <span class='ocrx_word' id='word_1_42' title='bbox 3218 668 3248 711; x_wconf 71' lang='grc' dir='ltr'><strong>ὅ</strong></span> 
     </span>
     <span class='ocr_line' id='line_1_5' title="bbox 674 752 3162 840; baseline 0.002 -24"><span class='ocrx_word' id='word_1_43' title='bbox 674 752 957 837; x_wconf 79' lang='grc' dir='ltr'>βουλευτὰ</span> <span class='ocrx_word' id='word_1_44' title='bbox 1002 756 1039 839; x_wconf 80' lang='grc' dir='ltr'>ἡ</span> <span class='ocrx_word' id='word_1_45' title='bbox 1089 756 1435 839; x_wconf 87' lang='grc' dir='ltr'>προαίρεσις,</span> <span class='ocrx_word' id='word_1_46' title='bbox 1482 755 1763 839; x_wconf 81' lang='grc' dir='ltr'>βουλευτὰ</span> <span class='ocrx_word' id='word_1_47' title='bbox 1807 755 1872 817; x_wconf 87' lang='grc' dir='ltr'>δέ</span> <span class='ocrx_word' id='word_1_48' title='bbox 1917 756 2067 819; x_wconf 85' lang='grc' dir='ltr'>ἐστιν</span> <span class='ocrx_word' id='word_1_49' title='bbox 2113 757 2242 838; x_wconf 87' lang='grc' dir='ltr'>περὶ</span> <span class='ocrx_word' id='word_1_50' title='bbox 2287 757 2369 818; x_wconf 83' lang='grc' dir='ltr'>ὧν</span> <span class='ocrx_word' id='word_1_51' title='bbox 2415 754 2535 818; x_wconf 83' lang='grc' dir='ltr'>ἐστι</span> <span class='ocrx_word' id='word_1_52' title='bbox 2582 755 2762 840; x_wconf 78' lang='grc' dir='ltr'>βουλή</span> <span class='ocrx_word' id='word_1_53' title='bbox 2823 778 2886 818; x_wconf 85' lang='grc' dir='ltr'>τε</span> <span class='ocrx_word' id='word_1_54' title='bbox 2947 758 3042 820; x_wconf 82' lang='grc' dir='ltr'>καὶ</span> <span class='ocrx_word' id='word_1_55' title='bbox 3100 758 3162 819; x_wconf 82' lang='grc' dir='ltr'>τὸ</span> 
     </span>
     <span class='ocr_line' id='line_1_6' title="bbox 602 854 3164 943; baseline 0.002 -26"><span class='ocrx_word' id='word_1_56' title='bbox 602 874 631 923; x_wconf 88' lang='lat'>5</span> <span class='ocrx_word' id='word_1_57' title='bbox 670 854 1072 939; x_wconf 85' lang='grc' dir='ltr'>βουλεύεσθαι,</span> <span class='ocrx_word' id='word_1_58' title='bbox 1120 858 1451 942; x_wconf 81' lang='grc' dir='ltr'>βουλεύεται</span> <span class='ocrx_word' id='word_1_59' title='bbox 1497 858 1562 921; x_wconf 84' lang='grc' dir='ltr'>δὲ</span> <span class='ocrx_word' id='word_1_60' title='bbox 1607 856 1771 919; x_wconf 82' lang='grc' dir='ltr'>οὐδὲν</span> <span class='ocrx_word' id='word_1_61' title='bbox 1820 863 1972 941; x_wconf 77' lang='grc' dir='ltr'>ζῷον</span> <span class='ocrx_word' id='word_1_62' title='bbox 2018 857 2160 921; x_wconf 83' lang='grc' dir='ltr'>ἄλλο</span> <span class='ocrx_word' id='word_1_63' title='bbox 2193 857 2349 942; x_wconf 80' lang='grc' dir='ltr'>παρὰ</span> <span class='ocrx_word' id='word_1_64' title='bbox 2377 859 2475 921; x_wconf 86' lang='grc' dir='ltr'>τὸν</span> <span class='ocrx_word' id='word_1_65' title='bbox 2517 858 2848 942; x_wconf 85' lang='grc' dir='ltr'>ἄνθρωπον,</span> <span class='ocrx_word' id='word_1_66' title='bbox 2894 859 3164 943; x_wconf 89' lang='grc' dir='ltr'>βουλευό-</span> 
     </span>
     <span class='ocr_line' id='line_1_7' title="bbox 676 959 3248 1046; baseline 0 -24"><span class='ocrx_word' id='word_1_67' title='bbox 676 962 830 1043; x_wconf 86' lang='grc' dir='ltr'>μεθα</span> <span class='ocrx_word' id='word_1_68' title='bbox 861 961 925 1023; x_wconf 83' lang='grc' dir='ltr'>δὲ</span> <span class='ocrx_word' id='word_1_69' title='bbox 970 959 1101 1024; x_wconf 78' lang='grc' dir='ltr'>οὔτε</span> <span class='ocrx_word' id='word_1_70' title='bbox 1132 961 1261 1044; x_wconf 80' lang='grc' dir='ltr'>περὶ</span> <span class='ocrx_word' id='word_1_71' title='bbox 1300 966 1415 1023; x_wconf 90' lang='grc' dir='ltr'>τῶν</span> <span class='ocrx_word' id='word_1_72' title='bbox 1462 960 1661 1023; x_wconf 79' lang='grc' dir='ltr'>ἀιδίων</span> <span class='ocrx_word' id='word_1_73' title='bbox 1694 960 1791 1023; x_wconf 86' lang='grc' dir='ltr'>καὶ</span> <span class='ocrx_word' id='word_1_74' title='bbox 1822 961 1914 1023; x_wconf 85' lang='grc' dir='ltr'>ἀεὶ</span> <span class='ocrx_word' id='word_1_75' title='bbox 1946 960 2162 1043; x_wconf 72' lang='grc' dir='ltr'>ὁμοίως</span> <span class='ocrx_word' id='word_1_76' title='bbox 2207 962 2483 1045; x_wconf 89' lang='grc' dir='ltr'>ἐχόντων,</span> <span class='ocrx_word' id='word_1_77' title='bbox 2529 959 2664 1025; x_wconf 83' lang='grc' dir='ltr'>οὔτε</span> <span class='ocrx_word' id='word_1_78' title='bbox 2707 962 2836 1046; x_wconf 80' lang='grc' dir='ltr'>περὶ</span> <span class='ocrx_word' id='word_1_79' title='bbox 2880 967 2992 1025; x_wconf 88' lang='grc' dir='ltr'>τῶν</span> <span class='ocrx_word' id='word_1_80' title='bbox 3023 986 3164 1045; x_wconf 88' lang='grc' dir='ltr'>γινο-</span> <span class='ocrx_word' id='word_1_81' title='bbox 3193 980 3248 1023; x_wconf 84' lang='grc' dir='ltr'>ιο</span> 
     </span>
     <span class='ocr_line' id='line_1_8' title="bbox 674 1062 3163 1150; baseline 0.001 -25"><span class='ocrx_word' id='word_1_82' title='bbox 674 1062 861 1147; x_wconf 88' lang='grc' dir='ltr'>μένων</span> <span class='ocrx_word' id='word_1_83' title='bbox 895 1064 1019 1146; x_wconf 87' lang='grc' dir='ltr'>μέν,</span> <span class='ocrx_word' id='word_1_84' title='bbox 1068 1065 1159 1127; x_wconf 86' lang='grc' dir='ltr'>αἐὶ</span> <span class='ocrx_word' id='word_1_85' title='bbox 1192 1065 1257 1127; x_wconf 85' lang='grc' dir='ltr'>δὲ</span> <span class='ocrx_word' id='word_1_86' title='bbox 1285 1063 1597 1147; x_wconf 73' lang='grc' dir='ltr'>γινομένων</span> <span class='ocrx_word' id='word_1_87' title='bbox 1644 1064 1862 1144; x_wconf 82' lang='grc' dir='ltr'>ὁμοίως</span> <span class='ocrx_word' id='word_1_88' title='bbox 1905 1088 1968 1127; x_wconf 88' lang='grc' dir='ltr'>τε</span> <span class='ocrx_word' id='word_1_89' title='bbox 2013 1066 2109 1127; x_wconf 87' lang='grc' dir='ltr'>καὶ</span> <span class='ocrx_word' id='word_1_90' title='bbox 2155 1065 2300 1128; x_wconf 83' lang='grc' dir='ltr'>κατὰ</span> <span class='ocrx_word' id='word_1_91' title='bbox 2333 1065 2482 1135; x_wconf 91' lang='grc' dir='ltr'>τάξιν</span> <span class='ocrx_word' id='word_1_92' title='bbox 2516 1064 2863 1150; x_wconf 81' lang='grc' dir='ltr'>ὡρισμένην,</span> <span class='ocrx_word' id='word_1_93' title='bbox 2911 1066 2992 1127; x_wconf 82' lang='grc' dir='ltr'>ὧν</span> <span class='ocrx_word' id='word_1_94' title='bbox 3023 1068 3163 1129; x_wconf 81' lang='grc' dir='ltr'>εἰσιν</span> 
     </span>
     <span class='ocr_line' id='line_1_9' title="bbox 673 1165 3164 1253; baseline 0.001 -26"><span class='ocrx_word' id='word_1_95' title='bbox 673 1166 949 1229; x_wconf 85' lang='grc' dir='ltr'>ἀνατολαί</span> <span class='ocrx_word' id='word_1_96' title='bbox 982 1190 1046 1229; x_wconf 92' lang='grc' dir='ltr'>τε</span> <span class='ocrx_word' id='word_1_97' title='bbox 1075 1169 1171 1231; x_wconf 84' lang='grc' dir='ltr'>καὶ</span> <span class='ocrx_word' id='word_1_98' title='bbox 1202 1167 1391 1236; x_wconf 85' lang='grc' dir='ltr'>δύσεις</span> <span class='ocrx_word' id='word_1_99' title='bbox 1422 1168 1519 1230; x_wconf 85' lang='grc' dir='ltr'>καὶ</span> <span class='ocrx_word' id='word_1_100' title='bbox 1550 1168 1773 1251; x_wconf 84' lang='grc' dir='ltr'>τροπαί,</span> <span class='ocrx_word' id='word_1_101' title='bbox 1816 1165 1937 1229; x_wconf 82' lang='grc' dir='ltr'>ἀλλ’</span> <span class='ocrx_word' id='word_1_102' title='bbox 1979 1166 2114 1230; x_wconf 82' lang='grc' dir='ltr'>οὐδὲ</span> <span class='ocrx_word' id='word_1_103' title='bbox 2145 1169 2275 1250; x_wconf 82' lang='grc' dir='ltr'>περὶ</span> <span class='ocrx_word' id='word_1_104' title='bbox 2305 1172 2420 1230; x_wconf 91' lang='grc' dir='ltr'>τῶν</span> <span class='ocrx_word' id='word_1_105' title='bbox 2453 1167 2660 1231; x_wconf 81' lang='grc' dir='ltr'>ἄλλοτε</span> <span class='ocrx_word' id='word_1_106' title='bbox 2689 1168 2881 1236; x_wconf 84' lang='grc' dir='ltr'>ἄλλως</span> <span class='ocrx_word' id='word_1_107' title='bbox 2910 1167 3164 1253; x_wconf 85' lang='grc' dir='ltr'>ἐχόντων</span> 
     </span>
     <span class='ocr_line' id='line_1_10' title="bbox 673 1268 3249 1356; baseline -0.001 -26"><span class='ocrx_word' id='word_1_108' title='bbox 673 1268 768 1330; x_wconf 82' lang='grc' dir='ltr'>καὶ</span> <span class='ocrx_word' id='word_1_109' title='bbox 812 1269 1145 1352; x_wconf 80' lang='grc' dir='ltr'>γινομένων,</span> <span class='ocrx_word' id='word_1_110' title='bbox 1192 1269 1311 1333; x_wconf 82' lang='grc' dir='ltr'>οἷον</span> <span class='ocrx_word' id='word_1_111' title='bbox 1358 1269 1605 1354; x_wconf 82' lang='grc' dir='ltr'>αὐχμῶν</span> <span class='ocrx_word' id='word_1_112' title='bbox 1651 1292 1713 1332; x_wconf 90' lang='grc' dir='ltr'>τε</span> <span class='ocrx_word' id='word_1_113' title='bbox 1758 1270 1853 1333; x_wconf 88' lang='grc' dir='ltr'>καὶ</span> <span class='ocrx_word' id='word_1_114' title='bbox 1901 1268 2154 1354; x_wconf 82' lang='grc' dir='ltr'>ὄμβρων,</span> <span class='ocrx_word' id='word_1_115' title='bbox 2201 1269 2321 1333; x_wconf 80' lang='grc' dir='ltr'>ἀλλ’</span> <span class='ocrx_word' id='word_1_116' title='bbox 2377 1272 2514 1334; x_wconf 80' lang='grc' dir='ltr'>οὐδὲ</span> <span class='ocrx_word' id='word_1_117' title='bbox 2543 1271 2675 1356; x_wconf 82' lang='grc' dir='ltr'>περὶ</span> <span class='ocrx_word' id='word_1_118' title='bbox 2713 1275 2827 1334; x_wconf 89' lang='grc' dir='ltr'>τῶν</span> <span class='ocrx_word' id='word_1_119' title='bbox 2859 1270 3166 1354; x_wconf 77' lang='grc' dir='ltr'>γινομένων</span> <span class='ocrx_word' id='word_1_120' title='bbox 3195 1286 3249 1328; x_wconf 75' lang='lat'>15</span> 
     </span>
     <span class='ocr_line' id='line_1_11' title="bbox 570 1370 3166 1457; baseline 0.002 -24"><span class='ocrx_word' id='word_1_121' title='bbox 570 1392 633 1439; x_wconf 91' lang='lat'>10</span> <span class='ocrx_word' id='word_1_122' title='bbox 670 1372 785 1435; x_wconf 85' lang='grc' dir='ltr'>ἀπὸ</span> <span class='ocrx_word' id='word_1_123' title='bbox 831 1372 1029 1457; x_wconf 82' lang='grc' dir='ltr'>τύχης,</span> <span class='ocrx_word' id='word_1_124' title='bbox 1078 1372 1197 1438; x_wconf 81' lang='grc' dir='ltr'>ἀλλ’</span> <span class='ocrx_word' id='word_1_125' title='bbox 1252 1373 1390 1436; x_wconf 82' lang='grc' dir='ltr'>οὐδὲ</span> <span class='ocrx_word' id='word_1_126' title='bbox 1434 1374 1565 1457; x_wconf 79' lang='grc' dir='ltr'>περὶ</span> <span class='ocrx_word' id='word_1_127' title='bbox 1610 1377 1724 1436; x_wconf 92' lang='grc' dir='ltr'>τῶν</span> <span class='ocrx_word' id='word_1_128' title='bbox 1772 1370 1860 1436; x_wconf 76' lang='grc' dir='ltr'>ὑπ’</span> <span class='ocrx_word' id='word_1_129' title='bbox 1913 1375 2242 1455; x_wconf 83' lang='grc' dir='ltr'>ἀνθρώπων</span> <span class='ocrx_word' id='word_1_130' title='bbox 2287 1374 2599 1457; x_wconf 81' lang='grc' dir='ltr'>γινομένων</span> <span class='ocrx_word' id='word_1_131' title='bbox 2646 1377 2933 1439; x_wconf 82' lang='grc' dir='ltr'>ἁπάντων·</span> <span class='ocrx_word' id='word_1_132' title='bbox 2980 1374 3166 1444; x_wconf 81' lang='grc' dir='ltr'>οὐδεὶς</span> 
     </span>
     <span class='ocr_line' id='line_1_12' title="bbox 672 1474 3161 1563; baseline 0.001 -25"><span class='ocrx_word' id='word_1_133' title='bbox 672 1476 778 1561; x_wconf 83' lang='grc' dir='ltr'>γὰρ</span> <span class='ocrx_word' id='word_1_134' title='bbox 824 1483 940 1539; x_wconf 90' lang='grc' dir='ltr'>τῶν</span> <span class='ocrx_word' id='word_1_135' title='bbox 982 1475 1307 1561; x_wconf 73' lang='grc' dir='ltr'>Ἀθήνῃσιν</span> <span class='ocrx_word' id='word_1_136' title='bbox 1353 1474 1534 1539; x_wconf 77' lang='grc' dir='ltr'>ὄντων</span> <span class='ocrx_word' id='word_1_137' title='bbox 1568 1478 1920 1561; x_wconf 78' lang='grc' dir='ltr'>βουλεύεται,</span> <span class='ocrx_word' id='word_1_138' title='bbox 1967 1483 2092 1547; x_wconf 89' lang='grc' dir='ltr'>πῶς</span> <span class='ocrx_word' id='word_1_139' title='bbox 2140 1477 2208 1540; x_wconf 83' lang='grc' dir='ltr'>ἂν</span> <span class='ocrx_word' id='word_1_140' title='bbox 2254 1478 2479 1541; x_wconf 78' lang='grc' dir='ltr'>Σκύθαι</span> <span class='ocrx_word' id='word_1_141' title='bbox 2523 1478 2727 1563; x_wconf 83' lang='grc' dir='ltr'>ἄριστα</span> <span class='ocrx_word' id='word_1_142' title='bbox 2759 1478 3161 1542; x_wconf 86' lang='grc' dir='ltr'>πολιτεύοιντο.</span> 
     </span>
     <span class='ocr_line' id='line_1_13' title="bbox 671 1579 3250 1665; baseline 0.001 -24"><span class='ocrx_word' id='word_1_143' title='bbox 671 1580 800 1663; x_wconf 87' lang='grc' dir='ltr'>περὶ</span> <span class='ocrx_word' id='word_1_144' title='bbox 845 1581 952 1665; x_wconf 83' lang='grc' dir='ltr'>γὰρ</span> <span class='ocrx_word' id='word_1_145' title='bbox 984 1582 1199 1644; x_wconf 91' lang='grc' dir='ltr'>τούτων</span> <span class='ocrx_word' id='word_1_146' title='bbox 1246 1579 1672 1665; x_wconf 76' lang='grc' dir='ltr'>βουλευόμεθα,</span> <span class='ocrx_word' id='word_1_147' title='bbox 1719 1580 1757 1643; x_wconf 81' lang='grc' dir='ltr'><strong>ἃ</strong></span> <span class='ocrx_word' id='word_1_148' title='bbox 1804 1580 1899 1643; x_wconf 86' lang='grc' dir='ltr'>οἷά</span> <span class='ocrx_word' id='word_1_149' title='bbox 1943 1580 2006 1643; x_wconf 86' lang='grc' dir='ltr'>τέ</span> <span class='ocrx_word' id='word_1_150' title='bbox 2035 1582 2186 1645; x_wconf 88' lang='grc' dir='ltr'>ἐστιν</span> <span class='ocrx_word' id='word_1_151' title='bbox 2231 1579 2296 1645; x_wconf 81' lang='grc' dir='ltr'>δι’</span> <span class='ocrx_word' id='word_1_152' title='bbox 2351 1584 2519 1665; x_wconf 85' lang='grc' dir='ltr'>ἡμῶν</span> <span class='ocrx_word' id='word_1_153' title='bbox 2562 1581 2847 1663; x_wconf 85' lang='grc' dir='ltr'>γίνεσθαι·</span> <span class='ocrx_word' id='word_1_154' title='bbox 2894 1580 3014 1644; x_wconf 82' lang='grc' dir='ltr'>ἔστι</span> <span class='ocrx_word' id='word_1_155' title='bbox 3060 1580 3167 1663; x_wconf 83' lang='grc' dir='ltr'>γὰρ</span> <span class='ocrx_word' id='word_1_156' title='bbox 3193 1592 3250 1635; x_wconf 68' lang='lat'>2⁹</span> 
     </span>
     <span class='ocr_line' id='line_1_14' title="bbox 672 1682 3165 1769; baseline 0 -24"><span class='ocrx_word' id='word_1_157' title='bbox 672 1682 710 1765; x_wconf 75' lang='grc' dir='ltr'><strong>ἢ</strong></span> <span class='ocrx_word' id='word_1_158' title='bbox 760 1684 942 1767; x_wconf 84' lang='grc' dir='ltr'>βουλὴ</span> <span class='ocrx_word' id='word_1_159' title='bbox 988 1686 1114 1767; x_wconf 88' lang='grc' dir='ltr'>περὶ</span> <span class='ocrx_word' id='word_1_160' title='bbox 1162 1688 1278 1748; x_wconf 92' lang='grc' dir='ltr'>τῶν</span> <span class='ocrx_word' id='word_1_161' title='bbox 1322 1686 1461 1767; x_wconf 76' lang='grc' dir='ltr'>ἡμῖν</span> <span class='ocrx_word' id='word_1_162' title='bbox 1509 1688 1626 1753; x_wconf 89' lang='grc' dir='ltr'>τοῖς</span> <span class='ocrx_word' id='word_1_163' title='bbox 1672 1683 2112 1767; x_wconf 83' lang='grc' dir='ltr'>βουλευομένοις</span> <span class='ocrx_word' id='word_1_164' title='bbox 2157 1692 2444 1768; x_wconf 86' lang='grc' dir='ltr'>πρακτῶν.</span> <span class='ocrx_word' id='word_1_165' title='bbox 2535 1687 2587 1747; x_wconf 89' lang='grc' dir='ltr'>οἱ</span> <span class='ocrx_word' id='word_1_166' title='bbox 2621 1685 2729 1769; x_wconf 82' lang='grc' dir='ltr'>γὰρ</span> <span class='ocrx_word' id='word_1_167' title='bbox 2762 1683 3165 1769; x_wconf 78' lang='grc' dir='ltr'>βουλευόμενοι</span> 
     </span>
     <span class='ocr_line' id='line_1_15' title="bbox 674 1784 3167 1871; baseline 0.001 -24"><span class='ocrx_word' id='word_1_168' title='bbox 674 1786 1037 1868; x_wconf 88' lang='grc' dir='ltr'>βουλεύονται</span> <span class='ocrx_word' id='word_1_169' title='bbox 1106 1788 1233 1871; x_wconf 89' lang='grc' dir='ltr'>περὶ</span> <span class='ocrx_word' id='word_1_170' title='bbox 1300 1790 1413 1849; x_wconf 92' lang='grc' dir='ltr'>τῶν</span> <span class='ocrx_word' id='word_1_171' title='bbox 1484 1784 1547 1849; x_wconf 82' lang='grc' dir='ltr'>δι’</span> <span class='ocrx_word' id='word_1_172' title='bbox 1624 1786 1834 1854; x_wconf 84' lang='grc' dir='ltr'>αὑτούς</span> <span class='ocrx_word' id='word_1_173' title='bbox 1899 1791 2187 1871; x_wconf 82' lang='grc' dir='ltr'>πρακτῶν,</span> <span class='ocrx_word' id='word_1_174' title='bbox 2255 1785 2377 1850; x_wconf 86' lang='grc' dir='ltr'>ἔστι</span> <span class='ocrx_word' id='word_1_175' title='bbox 2442 1788 2506 1850; x_wconf 87' lang='grc' dir='ltr'>δὲ</span> <span class='ocrx_word' id='word_1_176' title='bbox 2560 1792 2816 1863; x_wconf 79' lang='grc' dir='ltr'>τοιαῦτα,</span> <span class='ocrx_word' id='word_1_177' title='bbox 2869 1788 2910 1849; x_wconf 83' lang='grc' dir='ltr'><em>ἃ</em></span> <span class='ocrx_word' id='word_1_178' title='bbox 2961 1786 3167 1850; x_wconf 83' lang='grc' dir='ltr'>ἄλλοτε</span> 
     </span>
     <span class='ocr_line' id='line_1_16' title="bbox 572 1887 3166 1975; baseline 0.001 -25"><span class='ocrx_word' id='word_1_179' title='bbox 572 1908 633 1957; x_wconf 85' lang='lat'>15</span> <span class='ocrx_word' id='word_1_180' title='bbox 672 1888 862 1958; x_wconf 77' lang='grc' dir='ltr'>ἄλλως</span> <span class='ocrx_word' id='word_1_181' title='bbox 929 1891 1044 1953; x_wconf 83' lang='grc' dir='ltr'>οἷοί</span> <span class='ocrx_word' id='word_1_182' title='bbox 1103 1914 1166 1953; x_wconf 89' lang='grc' dir='ltr'>τε</span> <span class='ocrx_word' id='word_1_183' title='bbox 1229 1895 1410 1954; x_wconf 81' lang='grc' dir='ltr'>ποιεῖν</span> <span class='ocrx_word' id='word_1_184' title='bbox 1478 1890 1653 1973; x_wconf 87' lang='grc' dir='ltr'>ἐσμεν</span> <span class='ocrx_word' id='word_1_185' title='bbox 1709 1893 1794 1975; x_wconf 76' lang='grc' dir='ltr'>τῷ</span> <span class='ocrx_word' id='word_1_186' title='bbox 1851 1889 1932 1973; x_wconf 85' lang='grc' dir='ltr'>μὴ</span> <span class='ocrx_word' id='word_1_187' title='bbox 1989 1887 2146 1973; x_wconf 88' lang='grc' dir='ltr'>ἔχειν</span> <span class='ocrx_word' id='word_1_188' title='bbox 2209 1891 2501 1973; x_wconf 81' lang='grc' dir='ltr'>ὡρισμένα</span> <span class='ocrx_word' id='word_1_189' title='bbox 2553 1890 2624 1952; x_wconf 82' lang='grc' dir='ltr'>τὰ</span> <span class='ocrx_word' id='word_1_190' title='bbox 2668 1889 2754 1975; x_wconf 74' lang='grc' dir='ltr'>ἐφ’</span> <span class='ocrx_word' id='word_1_191' title='bbox 2810 1891 2897 1960; x_wconf 84' lang='grc' dir='ltr'>οἷς</span> <span class='ocrx_word' id='word_1_192' title='bbox 2938 1891 3166 1972; x_wconf 86' lang='grc' dir='ltr'>γίνεται,</span> 
     </span>
     <span class='ocr_line' id='line_1_17' title="bbox 674 1990 3250 2078; baseline -0.002 -23"><span class='ocrx_word' id='word_1_193' title='bbox 674 1998 911 2056; x_wconf 81' lang='grc' dir='ltr'>τοιαῦτα</span> <span class='ocrx_word' id='word_1_194' title='bbox 957 1996 1021 2057; x_wconf 83' lang='grc' dir='ltr'>δὲ</span> <span class='ocrx_word' id='word_1_195' title='bbox 1065 1997 1195 2078; x_wconf 87' lang='grc' dir='ltr'>περὶ</span> <span class='ocrx_word' id='word_1_196' title='bbox 1240 1996 1321 2057; x_wconf 84' lang='grc' dir='ltr'>ὧν</span> <span class='ocrx_word' id='word_1_197' title='bbox 1367 1994 1701 2074; x_wconf 76' lang='grc' dir='ltr'>δοξάζομεν.</span> <span class='ocrx_word' id='word_1_198' title='bbox 1792 1990 1875 2056; x_wconf 86' lang='grc' dir='ltr'>ἔτι</span> <span class='ocrx_word' id='word_1_199' title='bbox 1919 1992 2126 2075; x_wconf 76' lang='grc' dir='ltr'>γίνεται</span> <span class='ocrx_word' id='word_1_200' title='bbox 2178 1995 2217 2077; x_wconf 79' lang='grc' dir='ltr'>ἡ</span> <span class='ocrx_word' id='word_1_201' title='bbox 2270 1994 2452 2078; x_wconf 84' lang='grc' dir='ltr'>βουλὴ</span> <span class='ocrx_word' id='word_1_202' title='bbox 2506 1994 2573 2057; x_wconf 81' lang='grc' dir='ltr'>οὐ</span> <span class='ocrx_word' id='word_1_203' title='bbox 2631 1996 2761 2077; x_wconf 84' lang='grc' dir='ltr'>περὶ</span> <span class='ocrx_word' id='word_1_204' title='bbox 2804 1999 2919 2058; x_wconf 86' lang='grc' dir='ltr'>τῶν</span> <span class='ocrx_word' id='word_1_205' title='bbox 2965 1996 3167 2068; x_wconf 88' lang='grc' dir='ltr'>τελῶν,</span> <span class='ocrx_word' id='word_1_206' title='bbox 3194 2008 3250 2051; x_wconf 72' lang='lat'>25</span> 
     </span>
     <span class='ocr_line' id='line_1_18' title="bbox 674 2094 3165 2182; baseline 0 -25"><span class='ocrx_word' id='word_1_207' title='bbox 674 2095 823 2158; x_wconf 83' lang='grc' dir='ltr'>ἀλλὰ</span> <span class='ocrx_word' id='word_1_208' title='bbox 868 2098 998 2181; x_wconf 87' lang='grc' dir='ltr'>περὶ</span> <span class='ocrx_word' id='word_1_209' title='bbox 1064 2102 1179 2160; x_wconf 90' lang='grc' dir='ltr'>τῶν</span> <span class='ocrx_word' id='word_1_210' title='bbox 1248 2098 1389 2181; x_wconf 86' lang='grc' dir='ltr'>πρὸς</span> <span class='ocrx_word' id='word_1_211' title='bbox 1456 2098 1527 2159; x_wconf 81' lang='grc' dir='ltr'>τὰ</span> <span class='ocrx_word' id='word_1_212' title='bbox 1572 2095 1730 2177; x_wconf 83' lang='grc' dir='ltr'>τέλη.</span> <span class='ocrx_word' id='word_1_213' title='bbox 1830 2096 1913 2158; x_wconf 85' lang='grc' dir='ltr'>ῶν</span> <span class='ocrx_word' id='word_1_214' title='bbox 1966 2097 2073 2179; x_wconf 81' lang='grc' dir='ltr'>γὰρ</span> <span class='ocrx_word' id='word_1_215' title='bbox 2127 2096 2198 2157; x_wconf 82' lang='grc' dir='ltr'>τὰ</span> <span class='ocrx_word' id='word_1_216' title='bbox 2264 2096 2402 2181; x_wconf 86' lang='grc' dir='ltr'>τέλη</span> <span class='ocrx_word' id='word_1_217' title='bbox 2451 2098 2708 2182; x_wconf 86' lang='grc' dir='ltr'>βουλητά</span> <span class='ocrx_word' id='word_1_218' title='bbox 2758 2098 2928 2173; x_wconf 84' lang='grc' dir='ltr'>ἐστιν,</span> <span class='ocrx_word' id='word_1_219' title='bbox 2987 2094 3165 2159; x_wconf 83' lang='grc' dir='ltr'>ὄντων</span> 
     </span>
     <span class='ocr_line' id='line_1_19' title="bbox 668 2196 3164 2285; baseline 0 -25"><span class='ocrx_word' id='word_1_220' title='bbox 668 2202 939 2283; x_wconf 83' lang='grc' dir='ltr'>πρακτῶν</span> <span class='ocrx_word' id='word_1_221' title='bbox 985 2198 1223 2275; x_wconf 90' lang='grc' dir='ltr'>τούτων,</span> <span class='ocrx_word' id='word_1_222' title='bbox 1291 2200 1414 2262; x_wconf 88' lang='grc' dir='ltr'>ἐστὶ</span> <span class='ocrx_word' id='word_1_223' title='bbox 1460 2200 1741 2283; x_wconf 80' lang='grc' dir='ltr'>βουλευτὰ</span> <span class='ocrx_word' id='word_1_224' title='bbox 1786 2199 1858 2260; x_wconf 81' lang='grc' dir='ltr'>τὰ</span> <span class='ocrx_word' id='word_1_225' title='bbox 1906 2197 2116 2279; x_wconf 83' lang='grc' dir='ltr'>ἄγοντα</span> <span class='ocrx_word' id='word_1_226' title='bbox 2160 2198 2242 2261; x_wconf 81' lang='grc' dir='ltr'>ἐπ’</span> <span class='ocrx_word' id='word_1_227' title='bbox 2306 2200 2479 2263; x_wconf 78' lang='grc' dir='ltr'>αὐτά·</span> <span class='ocrx_word' id='word_1_228' title='bbox 2530 2200 2932 2285; x_wconf 78' lang='grc' dir='ltr'>βουλευόμεθα</span> <span class='ocrx_word' id='word_1_229' title='bbox 2990 2200 3118 2285; x_wconf 87' lang='grc' dir='ltr'>γάρ,</span> <span class='ocrx_word' id='word_1_230' title='bbox 3157 2196 3164 2285; x_wconf 78' lang='grc' dir='ltr'>Ι</span> 
     </span>
     <span class='ocr_line' id='line_1_20' title="bbox 672 2300 3274 2387; baseline 0.001 -24"><span class='ocrx_word' id='word_1_231' title='bbox 672 2301 739 2363; x_wconf 73' lang='grc' dir='ltr'>δι’</span> <span class='ocrx_word' id='word_1_232' title='bbox 788 2304 870 2365; x_wconf 82' lang='grc' dir='ltr'>ὧν</span> <span class='ocrx_word' id='word_1_233' title='bbox 918 2303 1289 2386; x_wconf 76' lang='grc' dir='ltr'>δυνησόμεθα</span> <span class='ocrx_word' id='word_1_234' title='bbox 1332 2302 1525 2365; x_wconf 80' lang='grc' dir='ltr'>αὐτῶν</span> <span class='ocrx_word' id='word_1_235' title='bbox 1572 2307 1787 2387; x_wconf 85' lang='grc' dir='ltr'>τυχεῖν.</span> <span class='ocrx_word' id='word_1_236' title='bbox 1871 2300 2052 2365; x_wconf 84' lang='grc' dir='ltr'>ὄντων</span> <span class='ocrx_word' id='word_1_237' title='bbox 2099 2302 2170 2384; x_wconf 81' lang='grc' dir='ltr'>δὴ</span> <span class='ocrx_word' id='word_1_238' title='bbox 2217 2306 2332 2363; x_wconf 91' lang='grc' dir='ltr'>τῶν</span> <span class='ocrx_word' id='word_1_239' title='bbox 2379 2302 2708 2385; x_wconf 82' lang='grc' dir='ltr'>βουλευτῶν</span> <span class='ocrx_word' id='word_1_240' title='bbox 2753 2304 3026 2368; x_wconf 90' lang='grc' dir='ltr'>τοιούτων</span> <span class='ocrx_word' id='word_1_241' title='bbox 3069 2304 3136 2367; x_wconf 85' lang='grc' dir='ltr'>τὸ</span> <span class='ocrx_word' id='word_1_242' title='bbox 3165 2310 3274 2367; x_wconf 81' lang='lat'>308</span> 
     </span>
     <span class='ocr_line' id='line_1_21' title="bbox 572 2404 3167 2489; baseline -0.001 -18"><span class='ocrx_word' id='word_1_243' title='bbox 572 2424 639 2472; x_wconf 83' lang='grc' dir='ltr'>2ο</span> <span class='ocrx_word' id='word_1_244' title='bbox 677 2404 1013 2488; x_wconf 84' lang='grc' dir='ltr'>προαιρετόν</span> <span class='ocrx_word' id='word_1_245' title='bbox 1060 2407 1180 2470; x_wconf 84' lang='grc' dir='ltr'>ἐστι</span> <span class='ocrx_word' id='word_1_246' title='bbox 1224 2407 1290 2468; x_wconf 86' lang='grc' dir='ltr'>τὸ</span> <span class='ocrx_word' id='word_1_247' title='bbox 1335 2407 1400 2469; x_wconf 85' lang='grc' dir='ltr'>ἐκ</span> <span class='ocrx_word' id='word_1_248' title='bbox 1446 2410 1560 2470; x_wconf 90' lang='grc' dir='ltr'>τῶν</span> <span class='ocrx_word' id='word_1_249' title='bbox 1608 2406 1934 2489; x_wconf 88' lang='grc' dir='ltr'>βουλευτῶν</span> <span class='ocrx_word' id='word_1_250' title='bbox 1981 2404 2288 2489; x_wconf 84' lang='grc' dir='ltr'>προκριθὲν</span> <span class='ocrx_word' id='word_1_251' title='bbox 2359 2408 2441 2474; x_wconf 82' lang='grc' dir='ltr'>ὡς</span> <span class='ocrx_word' id='word_1_252' title='bbox 2508 2410 2727 2487; x_wconf 81' lang='grc' dir='ltr'>μᾶλλον</span> <span class='ocrx_word' id='word_1_253' title='bbox 2794 2412 2909 2470; x_wconf 91' lang='grc' dir='ltr'>τῶν</span> <span class='ocrx_word' id='word_1_254' title='bbox 2975 2407 3167 2471; x_wconf 79' lang='grc' dir='ltr'>ἄλλων</span> 
     </span>
     <span class='ocr_line' id='line_1_22' title="bbox 676 2506 3248 2592; baseline -0.002 -19"><span class='ocrx_word' id='word_1_255' title='bbox 676 2512 977 2573; x_wconf 82' lang='grc' dir='ltr'>συντελοΰν</span> <span class='ocrx_word' id='word_1_256' title='bbox 1022 2532 1085 2572; x_wconf 89' lang='grc' dir='ltr'>τε</span> <span class='ocrx_word' id='word_1_257' title='bbox 1130 2510 1225 2572; x_wconf 86' lang='grc' dir='ltr'>καὶ</span> <span class='ocrx_word' id='word_1_258' title='bbox 1272 2508 1407 2591; x_wconf 84' lang='grc' dir='ltr'>ἄγον</span> <span class='ocrx_word' id='word_1_259' title='bbox 1454 2510 1597 2592; x_wconf 86' lang='grc' dir='ltr'>πρὸς</span> <span class='ocrx_word' id='word_1_260' title='bbox 1641 2507 1704 2571; x_wconf 88' lang='grc' dir='ltr'>τὸ</span> <span class='ocrx_word' id='word_1_261' title='bbox 1753 2507 2123 2591; x_wconf 80' lang='grc' dir='ltr'>προκείμενον</span> <span class='ocrx_word' id='word_1_262' title='bbox 2193 2506 2376 2585; x_wconf 85' lang='grc' dir='ltr'>τέλος,</span> <span class='ocrx_word' id='word_1_263' title='bbox 2439 2509 2512 2571; x_wconf 77' lang='grc' dir='ltr'>αἵ</span> <span class='ocrx_word' id='word_1_264' title='bbox 2565 2510 2705 2573; x_wconf 81' lang='grc' dir='ltr'>εἰσιν</span> <span class='ocrx_word' id='word_1_265' title='bbox 2773 2511 2832 2574; x_wconf 84' lang='grc' dir='ltr'>αἱ</span> <span class='ocrx_word' id='word_1_266' title='bbox 2885 2510 3032 2573; x_wconf 82' lang='grc' dir='ltr'>κατὰ</span> <span class='ocrx_word' id='word_1_267' title='bbox 3096 2511 3168 2573; x_wconf 82' lang='grc' dir='ltr'>τὰ</span> <span class='ocrx_word' id='word_1_268' title='bbox 3219 2526 3248 2568; x_wconf 74' lang='grc' dir='ltr'><strong>ὅ</strong></span> 
     </span>
     <span class='ocr_line' id='line_1_23' title="bbox 676 2609 3169 2697; baseline 0.001 -24"><span class='ocrx_word' id='word_1_269' title='bbox 676 2610 1059 2695; x_wconf 77' lang='grc' dir='ltr'>προκριθέντα</span> <span class='ocrx_word' id='word_1_270' title='bbox 1104 2612 1170 2675; x_wconf 85' lang='grc' dir='ltr'>ἐκ</span> <span class='ocrx_word' id='word_1_271' title='bbox 1214 2618 1331 2674; x_wconf 90' lang='grc' dir='ltr'>τῶν</span> <span class='ocrx_word' id='word_1_272' title='bbox 1378 2612 1703 2697; x_wconf 88' lang='grc' dir='ltr'>βουλευτῶν</span> <span class='ocrx_word' id='word_1_273' title='bbox 1747 2609 2039 2692; x_wconf 86' lang='grc' dir='ltr'>γινόμεναι</span> <span class='ocrx_word' id='word_1_274' title='bbox 2085 2610 2316 2694; x_wconf 78' lang='grc' dir='ltr'>πράξεις</span> <span class='ocrx_word' id='word_1_275' title='bbox 2380 2613 2733 2696; x_wconf 86' lang='grc' dir='ltr'>προαιρεταί,</span> <span class='ocrx_word' id='word_1_276' title='bbox 2800 2614 2859 2675; x_wconf 86' lang='grc' dir='ltr'>αἳ</span> <span class='ocrx_word' id='word_1_277' title='bbox 2922 2614 3169 2695; x_wconf 86' lang='grc' dir='ltr'>γίνονται</span> 
     </span>
     <span class='ocr_line' id='line_1_24' title="bbox 676 2713 3166 2799; baseline -0 -21"><span class='ocrx_word' id='word_1_278' title='bbox 676 2715 823 2799; x_wconf 85' lang='grc' dir='ltr'>μετὰ</span> <span class='ocrx_word' id='word_1_279' title='bbox 890 2716 1132 2799; x_wconf 80' lang='grc' dir='ltr'>ὀρέξεως</span> <span class='ocrx_word' id='word_1_280' title='bbox 1199 2720 1301 2779; x_wconf 81' lang='grc' dir='ltr'>τοῦ</span> <span class='ocrx_word' id='word_1_281' title='bbox 1368 2715 1794 2799; x_wconf 78' lang='grc' dir='ltr'>προκριθέντος.</span> <span class='ocrx_word' id='word_1_282' title='bbox 1904 2713 1973 2776; x_wconf 82' lang='grc' dir='ltr'>οὐ</span> <span class='ocrx_word' id='word_1_283' title='bbox 2040 2714 2148 2798; x_wconf 80' lang='grc' dir='ltr'>γὰρ</span> <span class='ocrx_word' id='word_1_284' title='bbox 2215 2714 2506 2799; x_wconf 83' lang='grc' dir='ltr'>αὐτάρκης</span> <span class='ocrx_word' id='word_1_285' title='bbox 2569 2716 2607 2799; x_wconf 80' lang='grc' dir='ltr'>ἡ</span> <span class='ocrx_word' id='word_1_286' title='bbox 2655 2716 2834 2799; x_wconf 84' lang='grc' dir='ltr'>κρίσις</span> <span class='ocrx_word' id='word_1_287' title='bbox 2876 2716 3018 2799; x_wconf 83' lang='grc' dir='ltr'>πρὸς</span> <span class='ocrx_word' id='word_1_288' title='bbox 3063 2718 3166 2799; x_wconf 84' lang='grc' dir='ltr'>τὴν</span> 
     </span>
     <span class='ocr_line' id='line_1_25' title="bbox 673 2816 3252 2903; baseline -0.002 -22"><span class='ocrx_word' id='word_1_289' title='bbox 673 2818 873 2902; x_wconf 79' lang='grc' dir='ltr'>πρᾶξιν</span> <span class='ocrx_word' id='word_1_290' title='bbox 919 2824 1035 2881; x_wconf 89' lang='grc' dir='ltr'>τῶν</span> <span class='ocrx_word' id='word_1_291' title='bbox 1080 2817 1417 2901; x_wconf 81' lang='grc' dir='ltr'>κριθέντων,</span> <span class='ocrx_word' id='word_1_292' title='bbox 1462 2818 1611 2881; x_wconf 81' lang='grc' dir='ltr'>ἀλλὰ</span> <span class='ocrx_word' id='word_1_293' title='bbox 1656 2820 1748 2881; x_wconf 86' lang='grc' dir='ltr'>δεῖ</span> <span class='ocrx_word' id='word_1_294' title='bbox 1788 2819 1883 2880; x_wconf 84' lang='grc' dir='ltr'>καὶ</span> <span class='ocrx_word' id='word_1_295' title='bbox 1930 2816 2196 2901; x_wconf 85' lang='grc' dir='ltr'>ὀρέξεως,</span> <span class='ocrx_word' id='word_1_296' title='bbox 2265 2818 2354 2881; x_wconf 85' lang='grc' dir='ltr'>διὸ</span> <span class='ocrx_word' id='word_1_297' title='bbox 2399 2820 2495 2881; x_wconf 85' lang='grc' dir='ltr'>καὶ</span> <span class='ocrx_word' id='word_1_298' title='bbox 2559 2820 2596 2901; x_wconf 82' lang='grc' dir='ltr'>ἡ</span> <span class='ocrx_word' id='word_1_299' title='bbox 2655 2818 2979 2903; x_wconf 81' lang='grc' dir='ltr'>προαίρεσις</span> <span class='ocrx_word' id='word_1_300' title='bbox 3023 2818 3168 2883; x_wconf 75' lang='grc' dir='ltr'>εἶναι</span> <span class='ocrx_word' id='word_1_301' title='bbox 3199 2836 3252 2877; x_wconf 83' lang='grc' dir='ltr'>ιο</span> 
     </span>
     <span class='ocr_line' id='line_1_26' title="bbox 569 2919 3168 3007; baseline 0.001 -23"><span class='ocrx_word' id='word_1_302' title='bbox 569 2942 634 2991; x_wconf 81' lang='lat'>25</span> <span class='ocrx_word' id='word_1_303' title='bbox 673 2919 898 3004; x_wconf 86' lang='grc' dir='ltr'>λέγεται</span> <span class='ocrx_word' id='word_1_304' title='bbox 943 2920 1121 3005; x_wconf 85' lang='grc' dir='ltr'>ὄρεξις</span> <span class='ocrx_word' id='word_1_305' title='bbox 1168 2922 1525 3007; x_wconf 87' lang='grc' dir='ltr'>βουλευτική.</span> <span class='ocrx_word' id='word_1_306' title='bbox 1628 2920 1807 2984; x_wconf 81' lang='grc' dir='ltr'>ὄντων</span> <span class='ocrx_word' id='word_1_307' title='bbox 1854 2922 1919 2983; x_wconf 85' lang='grc' dir='ltr'>δὲ</span> <span class='ocrx_word' id='word_1_308' title='bbox 1962 2926 2078 2983; x_wconf 88' lang='grc' dir='ltr'>τῶν</span> <span class='ocrx_word' id='word_1_309' title='bbox 2125 2920 2272 2984; x_wconf 84' lang='grc' dir='ltr'>κατὰ</span> <span class='ocrx_word' id='word_1_310' title='bbox 2304 2921 2631 3005; x_wconf 83' lang='grc' dir='ltr'>προαίρεσιν</span> <span class='ocrx_word' id='word_1_311' title='bbox 2663 2921 2974 3005; x_wconf 84' lang='grc' dir='ltr'>γινομένων</span> <span class='ocrx_word' id='word_1_312' title='bbox 3006 2922 3168 2986; x_wconf 81' lang='grc' dir='ltr'>ἑκου-</span> 
     </span>
     <span class='ocr_line' id='line_1_27' title="bbox 678 3023 3170 3109; baseline -0 -20"><span class='ocrx_word' id='word_1_313' title='bbox 678 3026 818 3089; x_wconf 84' lang='grc' dir='ltr'>σίων</span> <span class='ocrx_word' id='word_1_314' title='bbox 862 3048 927 3088; x_wconf 90' lang='grc' dir='ltr'>τε</span> <span class='ocrx_word' id='word_1_315' title='bbox 972 3028 1066 3089; x_wconf 85' lang='grc' dir='ltr'>καὶ</span> <span class='ocrx_word' id='word_1_316' title='bbox 1112 3024 1197 3109; x_wconf 82' lang='grc' dir='ltr'>ἐφ’</span> <span class='ocrx_word' id='word_1_317' title='bbox 1253 3027 1413 3108; x_wconf 71' lang='grc' dir='ltr'>ἡμῖν,</span> <span class='ocrx_word' id='word_1_318' title='bbox 1458 3024 1725 3107; x_wconf 87' lang='grc' dir='ltr'>κειμένου</span> <span class='ocrx_word' id='word_1_319' title='bbox 1772 3024 1837 3087; x_wconf 85' lang='grc' dir='ltr'>δὲ</span> <span class='ocrx_word' id='word_1_320' title='bbox 1882 3025 1977 3087; x_wconf 86' lang='grc' dir='ltr'>καὶ</span> <span class='ocrx_word' id='word_1_321' title='bbox 2023 3028 2126 3087; x_wconf 79' lang='grc' dir='ltr'>τοῦ</span> <span class='ocrx_word' id='word_1_322' title='bbox 2171 3023 2270 3093; x_wconf 86' lang='grc' dir='ltr'>τὰς</span> <span class='ocrx_word' id='word_1_323' title='bbox 2315 3024 2457 3094; x_wconf 79' lang='grc' dir='ltr'>ἕξεις</span> <span class='ocrx_word' id='word_1_324' title='bbox 2502 3024 2605 3093; x_wconf 85' lang='grc' dir='ltr'>τὰς</span> <span class='ocrx_word' id='word_1_325' title='bbox 2648 3025 2777 3109; x_wconf 89' lang='grc' dir='ltr'>περὶ</span> <span class='ocrx_word' id='word_1_326' title='bbox 2832 3024 2900 3088; x_wconf 81' lang='grc' dir='ltr'>τὰ</span> <span class='ocrx_word' id='word_1_327' title='bbox 2946 3025 3170 3109; x_wconf 82' lang='grc' dir='ltr'>πρακτὰ</span> 
     </span>
     <span class='ocr_line' id='line_1_28' title="bbox 676 3126 3170 3213; baseline -0.001 -22"><span class='ocrx_word' id='word_1_328' title='bbox 676 3130 741 3191; x_wconf 87' lang='grc' dir='ltr'>ἐκ</span> <span class='ocrx_word' id='word_1_329' title='bbox 786 3134 901 3191; x_wconf 91' lang='grc' dir='ltr'>τῶν</span> <span class='ocrx_word' id='word_1_330' title='bbox 948 3128 1249 3212; x_wconf 83' lang='grc' dir='ltr'>ἐνεργειῶν</span> <span class='ocrx_word' id='word_1_331' title='bbox 1294 3134 1408 3190; x_wconf 89' lang='grc' dir='ltr'>τῶν</span> <span class='ocrx_word' id='word_1_332' title='bbox 1456 3130 1579 3211; x_wconf 86' lang='grc' dir='ltr'>περὶ</span> <span class='ocrx_word' id='word_1_333' title='bbox 1629 3126 1749 3211; x_wconf 84' lang='grc' dir='ltr'>[τὰ]</span> <span class='ocrx_word' id='word_1_334' title='bbox 1798 3126 1946 3189; x_wconf 79' lang='grc' dir='ltr'>αὐτὰ</span> <span class='ocrx_word' id='word_1_335' title='bbox 1987 3127 2243 3209; x_wconf 77' lang='grc' dir='ltr'>γίνεσθαι</span> <span class='ocrx_word' id='word_1_336' title='bbox 2290 3127 2437 3191; x_wconf 79' lang='grc' dir='ltr'>κατὰ</span> <span class='ocrx_word' id='word_1_337' title='bbox 2481 3127 2810 3213; x_wconf 83' lang='grc' dir='ltr'>προαίρεσιν</span> <span class='ocrx_word' id='word_1_338' title='bbox 2841 3126 3170 3211; x_wconf 87' lang='grc' dir='ltr'>ἐνεργουμέ-</span> 
     </span>
     <span class='ocr_line' id='line_1_29' title="bbox 672 3230 3255 3316; baseline -0.002 -22"><span class='ocrx_word' id='word_1_339' title='bbox 672 3256 805 3309; x_wconf 91' lang='grc' dir='ltr'>νων,</span> <span class='ocrx_word' id='word_1_340' title='bbox 874 3231 964 3314; x_wconf 79' lang='grc' dir='ltr'>εἴη</span> <span class='ocrx_word' id='word_1_341' title='bbox 1034 3231 1103 3294; x_wconf 83' lang='grc' dir='ltr'>ἂν</span> <span class='ocrx_word' id='word_1_342' title='bbox 1149 3231 1242 3294; x_wconf 85' lang='grc' dir='ltr'>διὰ</span> <span class='ocrx_word' id='word_1_343' title='bbox 1287 3232 1504 3295; x_wconf 88' lang='grc' dir='ltr'>τούτων</span> <span class='ocrx_word' id='word_1_344' title='bbox 1559 3230 1817 3313; x_wconf 85' lang='grc' dir='ltr'>κείμενον</span> <span class='ocrx_word' id='word_1_345' title='bbox 1872 3231 1970 3294; x_wconf 87' lang='grc' dir='ltr'>καὶ</span> <span class='ocrx_word' id='word_1_346' title='bbox 2015 3233 2079 3293; x_wconf 87' lang='grc' dir='ltr'>τὸ</span> <span class='ocrx_word' id='word_1_347' title='bbox 2135 3232 2236 3299; x_wconf 80' lang='grc' dir='ltr'>τὰς</span> <span class='ocrx_word' id='word_1_348' title='bbox 2289 3232 2431 3300; x_wconf 81' lang='grc' dir='ltr'>ἕξεις</span> <span class='ocrx_word' id='word_1_349' title='bbox 2485 3231 2585 3300; x_wconf 82' lang='grc' dir='ltr'>τὰς</span> <span class='ocrx_word' id='word_1_350' title='bbox 2641 3232 2768 3314; x_wconf 87' lang='grc' dir='ltr'>περὶ</span> <span class='ocrx_word' id='word_1_351' title='bbox 2835 3230 2906 3293; x_wconf 83' lang='grc' dir='ltr'>τὰ</span> <span class='ocrx_word' id='word_1_352' title='bbox 2951 3230 3173 3316; x_wconf 83' lang='grc' dir='ltr'>πρακτὰ</span> <span class='ocrx_word' id='word_1_353' title='bbox 3200 3246 3255 3289; x_wconf 77' lang='lat'>15</span> 
     </span>
     <span class='ocr_line' id='line_1_30' title="bbox 674 3332 3169 3418; baseline 0 -21"><span class='ocrx_word' id='word_1_354' title='bbox 674 3335 967 3403; x_wconf 81' lang='grc' dir='ltr'>ἑκουσίους</span> <span class='ocrx_word' id='word_1_355' title='bbox 1011 3358 1073 3396; x_wconf 87' lang='grc' dir='ltr'>τε</span> <span class='ocrx_word' id='word_1_356' title='bbox 1119 3334 1263 3397; x_wconf 82' lang='grc' dir='ltr'>εἶναι</span> <span class='ocrx_word' id='word_1_357' title='bbox 1305 3336 1401 3397; x_wconf 87' lang='grc' dir='ltr'>καὶ</span> <span class='ocrx_word' id='word_1_358' title='bbox 1446 3332 1529 3417; x_wconf 81' lang='grc' dir='ltr'>ἐφ’</span> <span class='ocrx_word' id='word_1_359' title='bbox 1585 3335 1752 3417; x_wconf 72' lang='grc' dir='ltr'>ἡμῖν·</span> <span class='ocrx_word' id='word_1_360' title='bbox 1802 3336 1885 3402; x_wconf 83' lang='grc' dir='ltr'>ὥς</span> <span class='ocrx_word' id='word_1_361' title='bbox 1929 3333 2038 3418; x_wconf 82' lang='grc' dir='ltr'>γὰρ</span> <span class='ocrx_word' id='word_1_362' title='bbox 2082 3334 2185 3402; x_wconf 81' lang='grc' dir='ltr'>τὰς</span> <span class='ocrx_word' id='word_1_363' title='bbox 2227 3333 2374 3397; x_wconf 81' lang='grc' dir='ltr'>κατὰ</span> <span class='ocrx_word' id='word_1_364' title='bbox 2416 3332 2519 3402; x_wconf 85' lang='grc' dir='ltr'>τὰς</span> <span class='ocrx_word' id='word_1_365' title='bbox 2548 3334 2756 3418; x_wconf 85' lang='grc' dir='ltr'>τέχνας</span> <span class='ocrx_word' id='word_1_366' title='bbox 2785 3333 2927 3404; x_wconf 80' lang='grc' dir='ltr'>ἕξεις</span> <span class='ocrx_word' id='word_1_367' title='bbox 2957 3336 3024 3397; x_wconf 87' lang='grc' dir='ltr'>ἐκ</span> <span class='ocrx_word' id='word_1_368' title='bbox 3052 3338 3169 3397; x_wconf 90' lang='grc' dir='ltr'>τῶν</span> 
     </span>
     <span class='ocr_line' id='line_1_31' title="bbox 568 3436 3172 3521; baseline -0.001 -20"><span class='ocrx_word' id='word_1_369' title='bbox 568 3458 636 3505; x_wconf 86' lang='grc' dir='ltr'>3ο</span> <span class='ocrx_word' id='word_1_370' title='bbox 672 3436 788 3501; x_wconf 89' lang='grc' dir='ltr'>κατ’</span> <span class='ocrx_word' id='word_1_371' title='bbox 854 3438 1030 3507; x_wconf 83' lang='grc' dir='ltr'>αὐτὰς</span> <span class='ocrx_word' id='word_1_372' title='bbox 1076 3437 1372 3521; x_wconf 85' lang='grc' dir='ltr'>ἐνεργειῶν</span> <span class='ocrx_word' id='word_1_373' title='bbox 1418 3438 1715 3519; x_wconf 84' lang='grc' dir='ltr'>κτώμεθα,</span> <span class='ocrx_word' id='word_1_374' title='bbox 1786 3436 1971 3506; x_wconf 77' lang='grc' dir='ltr'>οὕτως</span> <span class='ocrx_word' id='word_1_375' title='bbox 2017 3437 2080 3499; x_wconf 85' lang='grc' dir='ltr'>δὲ</span> <span class='ocrx_word' id='word_1_376' title='bbox 2134 3438 2228 3500; x_wconf 82' lang='grc' dir='ltr'>καὶ</span> <span class='ocrx_word' id='word_1_377' title='bbox 2287 3437 2389 3505; x_wconf 79' lang='grc' dir='ltr'>τὰς</span> <span class='ocrx_word' id='word_1_378' title='bbox 2434 3436 2582 3500; x_wconf 84' lang='grc' dir='ltr'>κατὰ</span> <span class='ocrx_word' id='word_1_379' title='bbox 2625 3437 2727 3505; x_wconf 85' lang='grc' dir='ltr'>τὰς</span> <span class='ocrx_word' id='word_1_380' title='bbox 2771 3437 2979 3520; x_wconf 79' lang='grc' dir='ltr'>ἀρετὰς</span> <span class='ocrx_word' id='word_1_381' title='bbox 3029 3436 3172 3507; x_wconf 80' lang='grc' dir='ltr'>ἕξεις</span> 
     </span>
     <span class='ocr_line' id='line_1_32' title="bbox 674 3538 3168 3625; baseline -0 -21"><span class='ocrx_word' id='word_1_382' title='bbox 674 3542 969 3625; x_wconf 80' lang='grc' dir='ltr'>κτώμεθα·</span> <span class='ocrx_word' id='word_1_383' title='bbox 1062 3540 1389 3622; x_wconf 75' lang='grc' dir='ltr'>ἐθιζόμενοι</span> <span class='ocrx_word' id='word_1_384' title='bbox 1431 3540 1535 3623; x_wconf 85' lang='grc' dir='ltr'>γὰρ</span> <span class='ocrx_word' id='word_1_385' title='bbox 1581 3540 1651 3602; x_wconf 79' lang='grc' dir='ltr'>τὰ</span> <span class='ocrx_word' id='word_1_386' title='bbox 1698 3539 1850 3602; x_wconf 83' lang='grc' dir='ltr'>καλὰ</span> <span class='ocrx_word' id='word_1_387' title='bbox 1895 3542 2158 3623; x_wconf 86' lang='grc' dir='ltr'>πράττειν</span> <span class='ocrx_word' id='word_1_388' title='bbox 2204 3539 2262 3602; x_wconf 83' lang='grc' dir='ltr'>ἐν</span> <span class='ocrx_word' id='word_1_389' title='bbox 2309 3539 2422 3609; x_wconf 81' lang='grc' dir='ltr'>ἕξει</span> <span class='ocrx_word' id='word_1_390' title='bbox 2465 3538 2744 3622; x_wconf 87' lang='grc' dir='ltr'>γινόμεθα</span> <span class='ocrx_word' id='word_1_391' title='bbox 2773 3544 2874 3603; x_wconf 81' lang='grc' dir='ltr'>τοῦ</span> <span class='ocrx_word' id='word_1_392' title='bbox 2905 3541 3168 3624; x_wconf 87' lang='grc' dir='ltr'>πράττειν</span> 
     </span>
     <span class='ocr_line' id='line_1_33' title="bbox 675 3642 3252 3727; baseline -0.002 -19"><span class='ocrx_word' id='word_1_393' title='bbox 675 3644 842 3720; x_wconf 84' lang='grc' dir='ltr'>αὐτά,</span> <span class='ocrx_word' id='word_1_394' title='bbox 887 3648 969 3713; x_wconf 83' lang='grc' dir='ltr'>ὡς</span> <span class='ocrx_word' id='word_1_395' title='bbox 1013 3646 1108 3707; x_wconf 90' lang='grc' dir='ltr'>καὶ</span> <span class='ocrx_word' id='word_1_396' title='bbox 1152 3646 1224 3707; x_wconf 80' lang='grc' dir='ltr'>τὰ</span> <span class='ocrx_word' id='word_1_397' title='bbox 1268 3642 1562 3706; x_wconf 84' lang='grc' dir='ltr'>τεκτονικὰ</span> <span class='ocrx_word' id='word_1_398' title='bbox 1607 3644 1659 3704; x_wconf 86' lang='grc' dir='ltr'>οἱ</span> <span class='ocrx_word' id='word_1_399' title='bbox 1707 3645 2125 3716; x_wconf 71' lang='grc' dir='ltr'>σπουδάζοντες</span> <span class='ocrx_word' id='word_1_400' title='bbox 2154 3642 2425 3724; x_wconf 86' lang='grc' dir='ltr'>γενέσθαι</span> <span class='ocrx_word' id='word_1_401' title='bbox 2467 3642 2744 3711; x_wconf 84' lang='grc' dir='ltr'>τέκτονες.</span> <span class='ocrx_word' id='word_1_402' title='bbox 2835 3643 3032 3727; x_wconf 81' lang='grc' dir='ltr'>ὥσπερ</span> <span class='ocrx_word' id='word_1_403' title='bbox 3073 3643 3168 3705; x_wconf 84' lang='grc' dir='ltr'>ἐπὶ</span> <span class='ocrx_word' id='word_1_404' title='bbox 3193 3660 3252 3702; x_wconf 67' lang='grc' dir='ltr'>ευ</span> 
     </span>
     <span class='ocr_line' id='line_1_34' title="bbox 672 3744 3169 3843; baseline -0 -33"><span class='ocrx_word' id='word_1_405' title='bbox 672 3752 786 3810; x_wconf 90' lang='grc' dir='ltr'>τῶν</span> <span class='ocrx_word' id='word_1_406' title='bbox 831 3752 1054 3832; x_wconf 86' lang='grc' dir='ltr'>τεχνῶν</span> <span class='ocrx_word' id='word_1_407' title='bbox 1087 3746 1261 3815; x_wconf 83' lang='grc' dir='ltr'>ἄλλος</span> <span class='ocrx_word' id='word_1_408' title='bbox 1308 3746 1409 3826; x_wconf 86' lang='grc' dir='ltr'>μὲν</span> <span class='ocrx_word' id='word_1_409' title='bbox 1456 3744 1635 3809; x_wconf 85' lang='grc' dir='ltr'>ἄλλου</span> <span class='ocrx_word' id='word_1_410' title='bbox 1682 3748 1932 3827; x_wconf 79' lang='grc' dir='ltr'>ἀμείνων</span> <span class='ocrx_word' id='word_1_411' title='bbox 1979 3746 2233 3831; x_wconf 81' lang='grc' dir='ltr'>πέφυκεν</span> <span class='ocrx_word' id='word_1_412' title='bbox 2281 3746 2424 3829; x_wconf 86' lang='grc' dir='ltr'>πρὸς</span> <span class='ocrx_word' id='word_1_413' title='bbox 2468 3748 2530 3809; x_wconf 89' lang='grc' dir='ltr'>τὸ</span> <span class='ocrx_word' id='word_1_414' title='bbox 2562 3746 2665 3830; x_wconf 84' lang='grc' dir='ltr'>τὴν</span> <span class='ocrx_word' id='word_1_415' title='bbox 2697 3744 2808 3814; x_wconf 80' lang='grc' dir='ltr'>ἕξιν</span> <span class='ocrx_word' id='word_1_416' title='bbox 2841 3747 3169 3843; x_wconf 62' lang='grc' dir='ltr'>κτήσασθαι</span> 
     </span>
     <span class='ocr_line' id='line_1_35' title="bbox 668 3847 3172 3936; baseline 0 -23"><span class='ocrx_word' id='word_1_417' title='bbox 668 3857 773 3935; x_wconf 76' lang='grc' dir='ltr'>τῆς</span> <span class='ocrx_word' id='word_1_418' title='bbox 822 3850 1199 3936; x_wconf 87' lang='grc' dir='ltr'>προκειμένης</span> <span class='ocrx_word' id='word_1_419' title='bbox 1242 3849 1471 3934; x_wconf 85' lang='grc' dir='ltr'>τέχνης,</span> <span class='ocrx_word' id='word_1_420' title='bbox 1541 3849 1607 3913; x_wconf 82' lang='grc' dir='ltr'>οὐ</span> <span class='ocrx_word' id='word_1_421' title='bbox 1668 3852 1783 3933; x_wconf 81' lang='grc' dir='ltr'>μὴν</span> <span class='ocrx_word' id='word_1_422' title='bbox 1839 3856 1952 3913; x_wconf 90' lang='grc' dir='ltr'>τῶν</span> <span class='ocrx_word' id='word_1_423' title='bbox 1999 3850 2144 3913; x_wconf 83' lang='grc' dir='ltr'>κατὰ</span> <span class='ocrx_word' id='word_1_424' title='bbox 2190 3850 2358 3934; x_wconf 86' lang='grc' dir='ltr'>φύσιν</span> <span class='ocrx_word' id='word_1_425' title='bbox 2405 3847 2662 3933; x_wconf 87' lang='grc' dir='ltr'>ἐχόντων</span> <span class='ocrx_word' id='word_1_426' title='bbox 2709 3848 3051 3931; x_wconf 84' lang='grc' dir='ltr'>πεπήρωταί</span> <span class='ocrx_word' id='word_1_427' title='bbox 3089 3871 3172 3916; x_wconf 87' lang='grc' dir='ltr'>τις</span> 
     </span>
     <span class='ocr_line' id='line_1_36' title="bbox 567 3952 3251 4041; baseline -0.003 -23"><span class='ocrx_word' id='word_1_428' title='bbox 567 3976 633 4025; x_wconf 83' lang='lat'>35</span> <span class='ocrx_word' id='word_1_429' title='bbox 671 3958 815 4041; x_wconf 86' lang='grc' dir='ltr'>πρὸς</span> <span class='ocrx_word' id='word_1_430' title='bbox 853 3957 956 4039; x_wconf 84' lang='grc' dir='ltr'>τὴν</span> <span class='ocrx_word' id='word_1_431' title='bbox 990 3955 1270 4040; x_wconf 80' lang='grc' dir='ltr'>ἀνάληψίν</span> <span class='ocrx_word' id='word_1_432' title='bbox 1314 3978 1376 4017; x_wconf 93' lang='grc' dir='ltr'>τε</span> <span class='ocrx_word' id='word_1_433' title='bbox 1421 3956 1516 4019; x_wconf 85' lang='grc' dir='ltr'>καὶ</span> <span class='ocrx_word' id='word_1_434' title='bbox 1562 3960 1761 4038; x_wconf 83' lang='grc' dir='ltr'>κτῆσιν</span> <span class='ocrx_word' id='word_1_435' title='bbox 1807 3954 2006 4037; x_wconf 80' lang='grc' dir='ltr'>αὐτῆς,</span> <span class='ocrx_word' id='word_1_436' title='bbox 2053 3953 2238 4023; x_wconf 81' lang='grc' dir='ltr'>οὕτως</span> <span class='ocrx_word' id='word_1_437' title='bbox 2283 3953 2409 4039; x_wconf 79' lang='grc' dir='ltr'>ἔχει</span> <span class='ocrx_word' id='word_1_438' title='bbox 2454 3953 2600 4016; x_wconf 79' lang='grc' dir='ltr'>πολὺ</span> <span class='ocrx_word' id='word_1_439' title='bbox 2649 3956 2866 4036; x_wconf 83' lang='grc' dir='ltr'>μᾶλλον</span> <span class='ocrx_word' id='word_1_440' title='bbox 2913 3952 3007 4014; x_wconf 84' lang='grc' dir='ltr'>ἐπὶ</span> <span class='ocrx_word' id='word_1_441' title='bbox 3052 3958 3165 4013; x_wconf 87' lang='grc' dir='ltr'>τῶν</span> <span class='ocrx_word' id='word_1_442' title='bbox 3191 3966 3251 4009; x_wconf 73' lang='lat'>25</span> 
     </span>
     <span class='ocr_line' id='line_1_37' title="bbox 672 4056 3274 4143; baseline -0.002 -20"><span class='ocrx_word' id='word_1_443' title='bbox 672 4060 914 4143; x_wconf 83' lang='grc' dir='ltr'>ἀρετῶν,</span> <span class='ocrx_word' id='word_1_444' title='bbox 977 4056 1101 4143; x_wconf 81' lang='grc' dir='ltr'>ὅσῳ</span> <span class='ocrx_word' id='word_1_445' title='bbox 1170 4058 1265 4121; x_wconf 81' lang='grc' dir='ltr'>καὶ</span> <span class='ocrx_word' id='word_1_446' title='bbox 1319 4058 1464 4121; x_wconf 81' lang='grc' dir='ltr'>κατὰ</span> <span class='ocrx_word' id='word_1_447' title='bbox 1517 4058 1685 4142; x_wconf 83' lang='grc' dir='ltr'>φύσιν</span> <span class='ocrx_word' id='word_1_448' title='bbox 1734 4056 1741 4141; x_wconf 83' lang='grc' dir='ltr'>Ι</span> <span class='ocrx_word' id='word_1_449' title='bbox 1788 4063 1910 4125; x_wconf 86' lang='grc' dir='ltr'>τοῖς</span> <span class='ocrx_word' id='word_1_450' title='bbox 1956 4057 2287 4141; x_wconf 83' lang='grc' dir='ltr'>ἀνθρώποις</span> <span class='ocrx_word' id='word_1_451' title='bbox 2353 4060 2571 4140; x_wconf 81' lang='grc' dir='ltr'>μᾶλλον</span> <span class='ocrx_word' id='word_1_452' title='bbox 2641 4058 2678 4139; x_wconf 79' lang='grc' dir='ltr'>ἡ</span> <span class='ocrx_word' id='word_1_453' title='bbox 2751 4060 2868 4119; x_wconf 87' lang='grc' dir='ltr'>τῶν</span> <span class='ocrx_word' id='word_1_454' title='bbox 2919 4056 3140 4139; x_wconf 86' lang='grc' dir='ltr'>ἀρετῶν</span> <span class='ocrx_word' id='word_1_455' title='bbox 3165 4059 3274 4118; x_wconf 78' lang='grc'>309</span> 
     </span>
     <span class='ocr_line' id='line_1_38' title="bbox 673 4158 3169 4247; baseline -0.002 -21"><span class='ocrx_word' id='word_1_456' title='bbox 673 4169 873 4247; x_wconf 80' lang='grc' dir='ltr'>κτῆσις</span> <span class='ocrx_word' id='word_1_457' title='bbox 938 4167 1043 4245; x_wconf 81' lang='grc' dir='ltr'>τῆς</span> <span class='ocrx_word' id='word_1_458' title='bbox 1106 4164 1222 4223; x_wconf 90' lang='grc' dir='ltr'>τῶν</span> <span class='ocrx_word' id='word_1_459' title='bbox 1288 4166 1531 4246; x_wconf 90' lang='grc' dir='ltr'>τεχνῶν.</span> <span class='ocrx_word' id='word_1_460' title='bbox 1626 4158 1726 4246; x_wconf 79' lang='grc' dir='ltr'>(εἰ)</span> <span class='ocrx_word' id='word_1_461' title='bbox 1781 4162 1845 4223; x_wconf 87' lang='grc' dir='ltr'>δὲ</span> <span class='ocrx_word' id='word_1_462' title='bbox 1890 4162 1928 4244; x_wconf 81' lang='grc' dir='ltr'>ἡ</span> <span class='ocrx_word' id='word_1_463' title='bbox 1975 4165 2089 4222; x_wconf 88' lang='grc' dir='ltr'>τῶν</span> <span class='ocrx_word' id='word_1_464' title='bbox 2137 4160 2378 4243; x_wconf 83' lang='grc' dir='ltr'>ἀρετῶν,</span> <span class='ocrx_word' id='word_1_465' title='bbox 2446 4161 2620 4243; x_wconf 77' lang='grc' dir='ltr'>δῆλον</span> <span class='ocrx_word' id='word_1_466' title='bbox 2677 4162 2758 4227; x_wconf 84' lang='grc' dir='ltr'>ὡς</span> <span class='ocrx_word' id='word_1_467' title='bbox 2821 4160 2918 4223; x_wconf 81' lang='grc' dir='ltr'>καὶ</span> <span class='ocrx_word' id='word_1_468' title='bbox 2971 4161 3008 4242; x_wconf 81' lang='grc' dir='ltr'>ἡ</span> <span class='ocrx_word' id='word_1_469' title='bbox 3053 4163 3169 4222; x_wconf 88' lang='grc' dir='ltr'>τῶν</span> 
     </span>
    </p>
   </div>
   <div class='ocr_carea' id='block_1_3' title="bbox 1007 4328 1252 4334">
    <p class='ocr_par' dir='ltr' id='par_1_3' title="bbox 1007 4328 1252 4334">
     <span class='ocr_line' id='line_1_39' title="bbox 1007 4328 1252 4334; baseline 0 0"><span class='ocrx_word' id='word_1_470' title='bbox 1007 4328 1252 4334; x_wconf 95' lang='lat' dir='ltr'> </span> 
     </span>
    </p>
   </div>
   <div class='ocr_carea' id='block_1_4' title="bbox 567 4328 958 4336">
    <p class='ocr_par' dir='ltr' id='par_1_4' title="bbox 567 4328 958 4336">
     <span class='ocr_line' id='line_1_40' title="bbox 567 4328 958 4336; baseline 0 1231"><span class='ocrx_word' id='word_1_471' title='bbox 567 4328 958 4336; x_wconf 95' lang='lat' dir='ltr'> </span> 
     </span>
    </p>
   </div>
   <div class='ocr_carea' id='block_1_5' title="bbox 1255 4328 1367 4335">
    <p class='ocr_par' dir='ltr' id='par_1_5' title="bbox 1255 4328 1367 4335">
     <span class='ocr_line' id='line_1_41' title="bbox 1255 4328 1367 4335; baseline 0.009 -2"><span class='ocrx_word' id='word_1_472' title='bbox 1255 4328 1367 4335; x_wconf 75' lang='lat'><em>—-—-</em></span> 
     </span>
    </p>
   </div>
   <div class='ocr_carea' id='block_1_6' title="bbox 564 4415 3278 4867">
    <p class='ocr_par' dir='ltr' id='par_1_6' title="bbox 564 4415 3278 4867">
     <span class='ocr_line' id='line_1_42' title="bbox 567 4415 3278 4511; baseline -0.003 -31"><span class='ocrx_word' id='word_1_473' title='bbox 567 4428 597 4480; x_wconf 84' lang='lat'><strong>2</strong></span> <span class='ocrx_word' id='word_1_474' title='bbox 638 4430 762 4497; x_wconf 82' lang='grc' dir='ltr'>μετὰ</span> <span class='ocrx_word' id='word_1_475' title='bbox 796 4427 971 4497; x_wconf 82' lang='grc' dir='ltr'>λόγου]</span> <span class='ocrx_word' id='word_1_476' title='bbox 1012 4417 1217 4497; x_wconf 81' lang='grc' dir='ltr'>μεγαλὸι</span> <span class='ocrx_word' id='word_1_477' title='bbox 1254 4415 1370 4481; x_wconf 62' lang='lat' dir='ltr'>obri</span> <span class='ocrx_word' id='word_1_478' title='bbox 1410 4427 1481 4480; x_wconf 87' lang='lat' dir='ltr'>V¹</span> <span class='ocrx_word' id='word_1_479' title='bbox 1520 4429 1671 4495; x_wconf 84' lang='lat' dir='ltr'>(corr.</span> <span class='ocrx_word' id='word_1_480' title='bbox 1712 4426 1805 4493; x_wconf 73' lang='lat' dir='ltr'>V2)</span> <span class='ocrx_word' id='word_1_481' title='bbox 2027 4426 2086 4479; x_wconf 86' lang='lat'>15</span> <span class='ocrx_word' id='word_1_482' title='bbox 2126 4424 2231 4478; x_wconf 81' lang='grc' dir='ltr'>οἶόν</span> <span class='ocrx_word' id='word_1_483' title='bbox 2269 4426 2339 4477; x_wconf 87' lang='lat' dir='ltr'>V¹</span> <span class='ocrx_word' id='word_1_484' title='bbox 2378 4425 2529 4492; x_wconf 86' lang='lat' dir='ltr'>(corr.</span> <span class='ocrx_word' id='word_1_485' title='bbox 2569 4422 2666 4511; x_wconf 61' lang='grc' dir='ltr'>Ψ)</span> <span class='ocrx_word' id='word_1_486' title='bbox 2877 4422 2936 4475; x_wconf 80' lang='grc'>17</span> <span class='ocrx_word' id='word_1_487' title='bbox 2976 4420 3220 4492; x_wconf 85' lang='grc' dir='ltr'>βουλευτὰ</span> <span class='ocrx_word' id='word_1_488' title='bbox 3243 4438 3278 4472; x_wconf 72' lang='lat' dir='ltr'>a</span> 
     </span>
     <span class='ocr_line' id='line_1_43' title="bbox 566 4522 3276 4602; baseline -0.003 -15"><span class='ocrx_word' id='word_1_489' title='bbox 566 4536 654 4601; x_wconf 88' lang='lat' dir='ltr'>Sp.</span> <span class='ocrx_word' id='word_1_490' title='bbox 872 4531 936 4584; x_wconf 88' lang='lat'>18</span> <span class='ocrx_word' id='word_1_491' title='bbox 976 4522 1217 4602; x_wconf 81' lang='grc' dir='ltr'>βουλὲυτὰ</span> <span class='ocrx_word' id='word_1_492' title='bbox 1254 4536 1329 4587; x_wconf 84' lang='lat' dir='ltr'>sie</span> <span class='ocrx_word' id='word_1_493' title='bbox 1362 4538 1405 4585; x_wconf 91' lang='lat' dir='ltr'>V</span> <span class='ocrx_word' id='word_1_494' title='bbox 1618 4531 1679 4584; x_wconf 78' lang='lat'>21</span> <span class='ocrx_word' id='word_1_495' title='bbox 1740 4530 1814 4599; x_wconf 80' lang='grc' dir='ltr'>αἴ]</span> <span class='ocrx_word' id='word_1_496' title='bbox 1867 4532 2083 4584; x_wconf 78' lang='lat' dir='ltr'><strong>fortasse</strong></span> <span class='ocrx_word' id='word_1_497' title='bbox 2120 4531 2229 4583; x_wconf 83' lang='grc' dir='ltr'>καί</span> <span class='ocrx_word' id='word_1_498' title='bbox 2441 4529 2490 4581; x_wconf 76' lang='grc' dir='ltr'>αἱ</span> <span class='ocrx_word' id='word_1_499' title='bbox 2531 4546 2572 4582; x_wconf 87' lang='lat' dir='ltr'>s.</span> <span class='ocrx_word' id='word_1_500' title='bbox 2599 4546 2646 4580; x_wconf 81' lang='lat' dir='ltr'>v.</span> <span class='ocrx_word' id='word_1_501' title='bbox 2674 4531 2721 4580; x_wconf 98' lang='lat' dir='ltr'>V</span> <span class='ocrx_word' id='word_1_502' title='bbox 2933 4526 2999 4579; x_wconf 83' lang='lat'>23</span> <span class='ocrx_word' id='word_1_503' title='bbox 3045 4524 3276 4595; x_wconf 79' lang='grc' dir='ltr'>ὀρέξεως]</span> 
     </span>
     <span class='ocr_line' id='line_1_44' title="bbox 564 4616 3047 4692; baseline -0.004 -18"><span class='ocrx_word' id='word_1_504' title='bbox 564 4622 703 4674; x_wconf 81' lang='lat' dir='ltr'><strong>infra</strong></span> <span class='ocrx_word' id='word_1_505' title='bbox 739 4619 790 4679; x_wconf 78' lang='grc' dir='ltr'>ἐξ</span> <span class='ocrx_word' id='word_1_506' title='bbox 828 4622 902 4673; x_wconf 84' lang='lat' dir='ltr'>lit.</span> <span class='ocrx_word' id='word_1_507' title='bbox 942 4624 991 4671; x_wconf 90' lang='lat' dir='ltr'>V</span> <span class='ocrx_word' id='word_1_508' title='bbox 1202 4622 1267 4673; x_wconf 80' lang='lat'>25</span> <span class='ocrx_word' id='word_1_509' title='bbox 1324 4622 1355 4692; x_wconf 83' lang='grc' dir='ltr'>ἡ</span> <span class='ocrx_word' id='word_1_510' title='bbox 1394 4619 1547 4692; x_wconf 82' lang='grc' dir='ltr'>ὄρεξις</span> <span class='ocrx_word' id='word_1_511' title='bbox 1584 4639 1616 4671; x_wconf 80' lang='lat' dir='ltr'>a</span> <span class='ocrx_word' id='word_1_512' title='bbox 1652 4623 1738 4684; x_wconf 90' lang='lat' dir='ltr'>Sp.</span> <span class='ocrx_word' id='word_1_513' title='bbox 1987 4624 2088 4671; x_wconf 84' lang='grc' dir='ltr'>τῶν</span> <span class='ocrx_word' id='word_1_514' title='bbox 2129 4634 2169 4670; x_wconf 87' lang='lat' dir='ltr'>S.</span> <span class='ocrx_word' id='word_1_515' title='bbox 2197 4636 2243 4670; x_wconf 82' lang='lat' dir='ltr'>v.</span> <span class='ocrx_word' id='word_1_516' title='bbox 2277 4622 2319 4670; x_wconf 91' lang='lat' dir='ltr'>V</span> <span class='ocrx_word' id='word_1_517' title='bbox 2533 4616 2599 4668; x_wconf 79' lang='lat'>27</span> <span class='ocrx_word' id='word_1_518' title='bbox 2658 4618 2720 4667; x_wconf 81' lang='grc' dir='ltr'>τὰ</span> <span class='ocrx_word' id='word_1_519' title='bbox 2755 4630 2854 4667; x_wconf 89' lang='lat' dir='ltr'>om.</span> <span class='ocrx_word' id='word_1_520' title='bbox 2893 4632 2926 4666; x_wconf 73' lang='lat' dir='ltr'><strong>a</strong></span> <span class='ocrx_word' id='word_1_521' title='bbox 2959 4616 3047 4682; x_wconf 89' lang='lat' dir='ltr'>Sp.</span> 
     </span>
     <span class='ocr_line' id='line_1_45' title="bbox 567 4700 3274 4780; baseline -0.003 -19"><span class='ocrx_word' id='word_1_522' title='bbox 567 4708 634 4761; x_wconf 80' lang='lat'>29</span> <span class='ocrx_word' id='word_1_523' title='bbox 672 4710 804 4762; x_wconf 80' lang='grc' dir='ltr'>κατὰ</span> <span class='ocrx_word' id='word_1_524' title='bbox 839 4710 1017 4780; x_wconf 82' lang='grc' dir='ltr'>τέχνας</span> <span class='ocrx_word' id='word_1_525' title='bbox 1042 4728 1071 4759; x_wconf 80' lang='grc' dir='ltr'>ε</span> <span class='ocrx_word' id='word_1_526' title='bbox 1098 4712 1185 4774; x_wconf 89' lang='lat' dir='ltr'>Sp.</span> <span class='ocrx_word' id='word_1_527' title='bbox 1364 4709 1424 4761; x_wconf 91' lang='lat'>31</span> <span class='ocrx_word' id='word_1_528' title='bbox 1468 4706 1739 4776; x_wconf 81' lang='grc' dir='ltr'>ἐκτώμεθα</span> <span class='ocrx_word' id='word_1_529' title='bbox 1764 4724 1795 4757; x_wconf 81' lang='lat' dir='ltr'><strong>a</strong></span> <span class='ocrx_word' id='word_1_530' title='bbox 1863 4712 1866 4717; x_wconf 85' lang='lat'>&#39;</span> <span class='ocrx_word' id='word_1_531' title='bbox 1971 4707 2064 4775; x_wconf 82' lang='grc' dir='ltr'>γὰρ</span> <span class='ocrx_word' id='word_1_532' title='bbox 2101 4720 2204 4758; x_wconf 90' lang='lat' dir='ltr'>om.</span> <span class='ocrx_word' id='word_1_533' title='bbox 2233 4723 2264 4756; x_wconf 86' lang='lat' dir='ltr'><strong>a</strong></span> <span class='ocrx_word' id='word_1_534' title='bbox 2439 4706 2502 4756; x_wconf 85' lang='grc' dir='ltr'>τὰ</span> <span class='ocrx_word' id='word_1_535' title='bbox 2538 4704 2594 4755; x_wconf 87' lang='lat' dir='ltr'>in</span> <span class='ocrx_word' id='word_1_536' title='bbox 2631 4704 2707 4755; x_wconf 86' lang='lat' dir='ltr'>lit.</span> <span class='ocrx_word' id='word_1_537' title='bbox 2746 4708 2793 4755; x_wconf 91' lang='lat' dir='ltr'>V</span> <span class='ocrx_word' id='word_1_538' title='bbox 3000 4700 3066 4754; x_wconf 80' lang='lat'>32</span> <span class='ocrx_word' id='word_1_539' title='bbox 3105 4700 3274 4769; x_wconf 82' lang='grc' dir='ltr'>ὥσπερ</span> 
     </span>
     <span class='ocr_line' id='line_1_46' title="bbox 564 4791 3062 4867; baseline -0.003 -18"><span class='ocrx_word' id='word_1_540' title='bbox 564 4796 662 4862; x_wconf 78' lang='grc' dir='ltr'>(δ’)</span> <span class='ocrx_word' id='word_1_541' title='bbox 698 4796 931 4851; x_wconf 79' lang='lat' dir='ltr'>V²S²Ba</span> <span class='ocrx_word' id='word_1_542' title='bbox 968 4800 1082 4864; x_wconf 78' lang='lat' dir='ltr'>Sp.:</span> <span class='ocrx_word' id='word_1_543' title='bbox 1132 4796 1201 4854; x_wconf 85' lang='grc' dir='ltr'>ὡς</span> <span class='ocrx_word' id='word_1_544' title='bbox 1237 4798 1327 4867; x_wconf 82' lang='grc' dir='ltr'>γὰρ</span> <span class='ocrx_word' id='word_1_545' title='bbox 1367 4796 1587 4850; x_wconf 84' lang='lat' dir='ltr'>S¹FML</span> <span class='ocrx_word' id='word_1_546' title='bbox 1789 4792 1856 4845; x_wconf 85' lang='lat'>35</span> <span class='ocrx_word' id='word_1_547' title='bbox 1908 4791 2179 4863; x_wconf 76' lang='grc' dir='ltr'>ἀνάληψίν]</span> <span class='ocrx_word' id='word_1_548' title='bbox 2229 4796 2351 4844; x_wconf 76' lang='lat' dir='ltr'><strong>ante</strong></span> <span class='ocrx_word' id='word_1_549' title='bbox 2388 4791 2426 4861; x_wconf 83' lang='grc' dir='ltr'>ψ</span> <span class='ocrx_word' id='word_1_550' title='bbox 2463 4806 2570 4844; x_wconf 77' lang='lat' dir='ltr'>una</span> <span class='ocrx_word' id='word_1_551' title='bbox 2614 4791 2786 4843; x_wconf 82' lang='lat' dir='ltr'><strong>littera</strong></span> <span class='ocrx_word' id='word_1_552' title='bbox 2831 4805 2978 4842; x_wconf 77' lang='lat' dir='ltr'><strong>erasa</strong></span> <span class='ocrx_word' id='word_1_553' title='bbox 3014 4794 3062 4841; x_wconf 89' lang='lat' dir='ltr'>V</span> 
     </span>
    </p>
   </div>
   <div class='ocr_carea' id='block_1_7' title="bbox 567 4884 1637 4951">
    <p class='ocr_par' dir='ltr' id='par_1_7' title="bbox 567 4884 1637 4951">
     <span class='ocr_line' id='line_1_47' title="bbox 567 4884 1637 4951; baseline -0.004 -13"><span class='ocrx_word' id='word_1_554' title='bbox 567 4885 634 4938; x_wconf 90' lang='grc'>36</span> <span class='ocrx_word' id='word_1_555' title='bbox 673 4884 775 4937; x_wconf 82' lang='grc' dir='ltr'>ὅσω</span> <span class='ocrx_word' id='word_1_556' title='bbox 808 4888 851 4935; x_wconf 91' lang='lat' dir='ltr'>V</span> <span class='ocrx_word' id='word_1_557' title='bbox 1066 4884 1132 4935; x_wconf 84' lang='lat'>37</span> <span class='ocrx_word' id='word_1_558' title='bbox 1173 4886 1213 4936; x_wconf 76' lang='grc' dir='ltr'>εἰ</span> <span class='ocrx_word' id='word_1_559' title='bbox 1250 4885 1366 4937; x_wconf 80' lang='lat' dir='ltr'>add.</span> <span class='ocrx_word' id='word_1_560' title='bbox 1407 4884 1513 4937; x_wconf 78' lang='lat' dir='ltr'>V²a</span> <span class='ocrx_word' id='word_1_561' title='bbox 1551 4887 1637 4951; x_wconf 86' lang='lat' dir='ltr'>Sp.</span> 
     </span>
    </p>
   </div>
  </div>
 </body>
</html>
