3684 5567
1105 216 1173 267 IV
1246 216 1333 269 DE
1372 216 1728 271 CODICIBUS
1765 217 1954 272 LIBRI
1992 219 2080 273 DE
2117 219 2456 273 MIXTIONE
2965 224 3136 263 xxxlx

438 387 681 454 hiatum
726 388 905 471 sequi
950 388 1123 473 apud
1170 388 1505 454 Caninium
1562 390 1699 456 eius
1752 390 2066 457 enuntiati
2117 391 2460 476 abruptum
2512 391 2862 458 membrum
2905 411 3023 475 per
3065 412 3136 458 se

438 527 631 573 sensu
656 526 926 591 cassum,
950 529 1222 591 quocum
1245 508 1329 573 ad
1353 508 1617 575 verbum
1638 511 1958 577 consentit
1975 510 2224 575 initium
2244 509 2354 576 fol.
2375 512 2526 577 145*
2549 530 2823 593 graecae
2839 510 3135 577 Aldinae.

605 626 812 692 Etiam
860 627 1217 694 Scnscxms
1261 648 1343 695 ex
1371 627 1611 693 Aldina
1655 630 1916 713 pendet,
1962 649 2346 713 quamquam
2393 630 2734 713 quominus
2776 630 3136 697 accuratius

437 747 559 812 hoc
603 767 951 833 persequar
996 747 1205 813 obstat
1242 746 1810 830 neglegentissime.
1854 756 1920 815 et
1963 748 2400 815 semibarbara
2445 749 2631 815 huius
2673 750 2984 816 versionis
3029 772 3137 817 na-

437 875 601 934 tura.
691 887 855 951 quac
884 873 1126 951 quanta
1156 864 1495 933 oscitantia
1524 866 1888 951 conscripta
1918 869 2018 951 sit,
2049 868 2177 934 duo
2208 869 2400 936 liceat
2429 870 2724 954 exempla
2754 889 3135 954 proponere.

434 986 633 1053 verba
682 987 1086 1071 225‚13—18
1139 984 1633 1069 ἔτι-σύγκριμα]
1688 1006 1750 1069 p.
1784 986 1869 1053 58
1919 988 2013 1051 ita
2054 987 2271 1053 vertit:
2360 988 2611 1053 Adhaec
2661 988 2831 1053 Deus
2881 991 2988 1056 ille
3019 1014 3137 1077 per

434 1108 643 1170 omnia
676 1128 1021 1192 permeans,
1064 1107 1329 1170 matem'a
1370 1107 1510 1189 ipsa
1554 1115 1815 1191 tempore
1857 1118 1998 1170 esset
2035 1108 2352 1192 posterior,
2395 1108 2696 1193 siquidem
2737 1113 3136 1177 materiatum

431 1248 649 1312 corpus
692 1248 883 1310 omne,
934 1228 1201 1291 materia
1242 1229 1382 1311 ipsa
1416 1226 1719 1311 posterius
1770 1236 1870 1303 est,
1913 1226 2084 1291 Deus
2137 1238 2340 1291 autem
2396 1227 2516 1291 tale
2557 1248 2774 1314 corpus
2817 1242 2919 1311 est,
2975 1253 3134 1316 qua-

428 1357 679 1433 propter
720 1348 862 1411 duo
892 1348 1217 1432 principia
1259 1367 1385 1409 non
1426 1354 1624 1425 emme,
1670 1366 1829 1430 quae
1859 1347 2056 1409 oratio
2085 1367 2294 1411 comm
2311 1368 2475 1431 prae
2501 1368 2560 1411 se
2585 1347 2742 1431 fert,
2786 1352 2887 1413 sed
2927 1373 3136 1417 revera

432 1478 677 1531 tantum
716 1488 917 1530 unum
979 1468 1124 1547 erit,
1191 1476 1375 1551 atque
1427 1464 1533 1528 ille
1576 1462 1745 1527 Deus
1778 1476 2138 1549 procreatus
2189 1488 2262 1529 ea·
2310 1469 2576 1531 materia
2629 1479 2742 1531 aut
2781 1471 3136 1536 elementum

432 1588 741 1672 quoddam
768 1588 886 1651 erit
915 1596 1027 1651 aut
1055 1608 1127 1650 ex
1154 1586 1459 1651 elementis
1485 1592 1806 1648 coum-etus.
1881 1584 2387 1671 222,31-223,7
2429 1584 2861 1675 οὔτε-λέγειν]
2909 1588 2999 1675 (p.
3023 1591 3135 1678 55)

430 1707 607 1789 atqui
624 1705 850 1791 forma
894 1706 1073 1770 nulla
1114 1706 1451 1791 separatim
1493 1724 1609 1767 esse
1634 1713 1844 1787 potest,
1890 1704 2118 1789 absque
2158 1727 2222 1770 eo
2267 1707 2338 1769 in
2381 1728 2500 1791 quo
2528 1707 2728 1789 defixa
2756 1720 2858 1789 eet,
2903 1712 3134 1794 ipsum-

430 1848 547 1912 que
576 1825 783 1890 lumen
809 1827 936 1889 nisi
976 1828 1047 1889 in
1080 1825 1389 1910 pellucido
1431 1824 1769 1909 separatim
1812 1844 1986 1887 nemo
2029 1826 2264 1889 intueri
2281 1836 2494 1911 potest,
2536 1850 2731 1913 neque
2760 1832 2980 1894 anima
3008 1834 3137 1895 sine

427 1966 673 2031 corpore
711 1947 1045 2030 separatim
1087 1946 1375 2025 consciscit,
1428 1952 1485 2007 et
1533 1953 1606 2006 ut
1655 1962 1780 2005 uno
1821 1940 1994 2006 verbo
2037 1942 2262 2024 dicam,
2316 1948 2470 2029 quid
2509 1945 2835 2011 absurdius
2877 1952 3140 2035 coyitari

419 2078 629 2153 potest,
694 2088 885 2151 quam
934 2066 1263 2135 materiam
1314 2085 1453 2127 cmm
1496 2084 1611 2126 sua
1646 2061 1873 2145 forma
1914 2064 2174 2127 misceri.
2263 2087 2457 2150 quam
2517 2088 2736 2131 rursus
2798 2069 3136 2133 ridiculum

426 2188 587 2253 illud
627 2195 747 2255 etc.

599 2305 816 2373 Edidit
859 2304 1143 2371 libellum
1186 2301 1565 2367 nostratium
1611 2321 1775 2367 unus
1818 2301 2058 2368 Ionan
2101 2304 2168 2368 in
2205 2303 2570 2371 Aristotelis
2612 2306 3138 2393 Meteorologico-

426 2448 564 2493 rum
608 2426 735 2493 vol.
768 2424 833 2491 ΙΙ
878 2446 938 2508 p.
972 2422 1313 2490 589—624
1342 2420 1603 2505 Lipsiae
1637 2422 1821 2506 1836,
1867 2421 1922 2487 si
1954 2421 2249 2488 editionis
2280 2424 2536 2491 nomine
2579 2446 2809 2493 ornare
2842 2429 3135 2497 volumus

424 2546 701 2612 Aldinae
731 2543 1173 2629 apographum
1204 2540 1765 2628 neglegentissime
1806 2540 2071 2625 (desunt
2114 2541 2283 2607 enim
2328 2564 2457 2609 non
2503 2546 2708 2610 solum
2753 2547 2974 2632 verba,
3019 2549 3136 2615 sed

424 2673 563 2732 tota
610 2663 967 2748 enuntiata)
1014 2662 1403 2745 confectum,
1451 2660 1518 2725 in
1563 2679 1689 2743 quo
1734 2668 1967 2725 sanata
2009 2661 2268 2745 quidem
2312 2670 2460 2728 sunt
2501 2684 2728 2750 pauca,
2774 2666 2889 2733 sed
2934 2668 3136 2732 multa

424 2793 690 2869 mutata,
733 2804 901 2869 quae
946 2784 1043 2849 vir
1072 2780 1497 2864 doctissimae,
1542 2779 1596 2845 si
1640 2800 1775 2847 rem
1818 2780 2050 2847 iterum
2095 2781 2503 2866 pensitasset,
2549 2782 2690 2867 ipse
2731 2786 3130 2854 removisset.

594 2905 793 2970 Multo
868 2904 1055 2988 plura
1128 2901 1335 2969 debeo
1403 2898 1620 2967 ottoni
1682 2901 1915 2982 Aram,
1983 2902 2090 2985 qui
2158 2902 2528 2969 doctissima
2594 2906 3132 2973 commentatione

422 3026 671 3091 inserta
700 3023 1021 3108 Philologi
1050 3020 1356 3090 volumini
1388 3019 1565 3086 XLV
1609 3040 1670 3104 p.
1703 3021 1785 3087 82
1809 3042 1902 3103 sq.
1947 3021 2232 3087 libellum
2275 3028 2563 3088 nostrum
2596 3033 2969 3107 persecutus
2998 3026 3130 3092 alia

422 3143 695 3212 feliciter
738 3143 1103 3210 emendavit
1146 3140 1292 3207 aliis
1335 3140 1685 3225 prudenter
1728 3138 2049 3206 medelam
2095 3140 2526 3227 praeparavit.

596 3262 817 3329 Habes
884 3261 1203 3344 subsidia,
1271 3260 1499 3343 quibus
1565 3279 1717 3325 usus
1782 3280 1922 3325 sum
1989 3258 2055 3325 in
2112 3261 2380 3344 singulis
2433 3262 2787 3329 Alexandri
2855 3263 3126 3348 scriptia

420 3384 705 3452 nondum
752 3403 906 3449 vcro
952 3383 1033 3449 de
1078 3380 1318 3448 auxilio
1363 3382 1527 3466 dixi,
1583 3380 1754 3464 quod
1800 3378 1957 3445 mihi
2001 3400 2118 3464 per
2161 3380 2376 3446 omnia
2417 3401 2623 3465 aeque
2668 3388 2963 3467 paratum
3007 3382 3128 3449 fuit

419 3503 972 3587 iucundissimum,
1026 3502 1379 3568 HERMANNI
1424 3504 1622 3569 Dmns
1667 3508 1731 3568 et
1773 3502 2068 3567 Enniam
2113 3470 2462 3567 Scnwu'erz
2514 3501 2882 3567 amicorum.
2971 3524 3125 3585 quo-

419 3645 559 3691 rum
605 3642 805 3710 opera
856 3622 1096 3687 factum
1150 3628 1277 3705 est,
1340 3628 1410 3686 ut
1451 3621 1624 3687 viam
1679 3640 1938 3688 emenso
1993 3640 2124 3685 non
2180 3626 2313 3683 tam
2365 3619 2830 3705 molestiarum,
2897 3621 3125 3705 quibus

418 3764 550 3811 non
596 3743 799 3809 caruit
841 3742 982 3825 iter,
1028 3747 1251 3825 surgat
1280 3739 1661 3825 recordatio,
1708 3760 1900 3823 quam
1946 3738 2297 3805 laetissima
2341 3739 2629 3805 laborum
2663 3739 3124 3806 communionis

418 3864 746 3933 memoria.
834 3861 944 3945 qui
984 3860 1106 3926 viri
1160 3858 1540 3943 doctissimi,
1598 3858 1749 3923 dum
1800 3859 1870 3923 in
1923 3859 2316 3942 corrigendis
2369 3860 2750 3946 typothetae
2801 3860 3122 3927 erroribus

418 4005 522 4052 me
565 3984 894 4064 adiuvant,
947 3985 1252 4063 quantum
1299 3978 1576 4045 studium
1622 3978 2040 4046 emendandis
2083 3978 2288 4063 ipsius
2330 3979 2685 4046 Alexandri
2730 3981 2835 4046 vel
2879 3979 3123 4046 difficil-

415 4102 589 4169 limis
630 4100 933 4167 librorum
979 4097 1269 4183 partibus
1311 4097 1799 4183 impertiverint,
1844 4118 2090 4163 mecum
2120 4098 2606 4166 admirabuntur
2646 4101 2934 4183 legentes
2977 4120 3120 4165 sen-

413 4221 731 4305 tientque,
796 4218 951 4302 quid
1014 4217 1251 4285 debeat
1314 4218 1475 4285 haec
1528 4217 1726 4285 editio
1793 4218 2046 4283 illorum
2097 4218 2396 4284 acumini.
2481 4218 2818 4285 Vsnnaaus
2881 4224 3118 4303 autem,

414 4361 545 4425 qua
598 4348 699 4409 est
750 4359 903 4423 erga
968 4360 1071 4406 me
1125 4338 1605 4423 benevolentia,
1668 4336 2035 4421 gratissima
2079 4336 2274 4402 etiam
2339 4338 2462 4405 hoc
2525 4340 2826 4405 volumen
2887 4358 3116 4404 ornare

413 4460 717 4543 dignatus
768 4468 867 4526 est
919 4460 1243 4546 symbola,
1309 4478 1501 4542 quam
1554 4456 1886 4523 invenient
1934 4456 2224 4537 legentes
2276 4455 2344 4521 in
2387 4456 2811 4542 Addendis,
2874 4455 2982 4521 ubi
3037 4476 3118 4522 ea

412 4558 745 4665 descripsi,
790 4600 956 4663 quae
1000 4581 1066 4646 in
1112 4579 1406 4662 exemplo
1451 4597 1577 4661 quo
1623 4576 1819 4641 utitur
1862 4576 2192 4642 Vsmmaus
2237 4573 2696 4655 Quaestionum
2742 4575 3116 4661 Spengelia-

410 4718 638 4764 narum
682 4699 1038 4765 adnotavit.
