3684 5567
607 256 689 295 ΧΠ
1768 252 2164 306 PRAEFATIO

781 424 1083 491 Continet
1126 434 1339 491 autem
1372 426 1745 491 Mantissa
1787 424 2059 512 primum
2105 424 2385 490 minores
2431 424 3004 491 commentationes
3048 422 3134 488 ab
3177 422 3320 519 ipso

610 544 977 610 Alexandro
1018 544 1103 609 ad
1147 543 1337 610 finem
1382 544 1727 629 perductas
1771 552 1837 609 et
1880 564 1962 610 ex
2006 550 2191 627 parte
2235 544 2300 608 ni
2344 543 2535 609 fallor
2579 542 2810 627 editaS,
2856 542 3036 609 cuius
3068 544 3325 627 generis

608 665 671 728 in
719 663 1179 741 Quaestionum
1227 663 1441 728 1-111
1487 670 1745 748 praeter
1788 663 1907 749 111,
1935 664 2015 729 12
2064 663 2427 749 exemplum
2471 682 2600 727 non
2646 661 2934 728 obvenit:
2980 661 3062 727 de
3105 660 3326 725 anima

609 784 893 850 mutilam
943 784 1470 868 101,1—106,17‚
1516 781 1597 848 de
1641 790 1855 849 mente
1905 782 2474 866 106‚19—113‚24,
2519 781 2602 846 de
2630 781 2774 846 visu
2805 780 3156 847 secundum
3187 780 3328 844 Ari-

608 904 903 969 stotelem
954 904 1519 987 141,30—147‚25‚
1590 903 1673 968 de
1727 903 1943 968 colore
1990 902 2559 986 147‚27-150,18,
2627 901 2710 967 de
2766 901 2970 985 primo
3023 898 3323 964 familiari

611 1021 1177 1107 150‚20—-153,27‚
1226 1021 1443 1105 specie
1488 1043 1617 1088 non
1647 1022 1906 1088 differre
1935 1020 2120 1088 virile
2165 1026 2230 1086 et
2269 1017 2580 1086 muliebre
2627 1019 3196 1104 168‚22—169,32,
3240 1018 3326 1085 de

608 1142 816 1208 libera
846 1143 1179 1207 voluntate
1212 1143 1760 1227 169,34--172,15
1790 1149 1856 1208 et
1890 1140 2456 1225 172,17—175,32‚
2489 1138 2572 1204 de
2606 1130 2763 1203 casu
2795 1140 3324 1225 176,2—179,23‚

610 1261 693 1327 de
735 1262 869 1327 fato
908 1262 1475 1346 179‚25—-186‚31.
1566 1261 1738 1345 quod
1784 1266 2075 1347 superest
2115 1260 2698 1345 (113‚26-141,28
2747 1259 3324 1345 153,29—168,21)

611 1388 925 1467 occupant
953 1381 1111 1447 satis
1142 1381 1484 1464 singularis
1513 1381 1768 1464 generis
1805 1380 2327 1465 hypomnemata.
2417 1380 2907 1446 collectanea
2948 1379 3122 1445 enim
3151 1387 3326 1465 sunt,

609 1501 675 1566 in
724 1500 955 1584 quibus
1005 1508 1077 1566 ut
1126 1501 1194 1565 in
1247 1501 1741 1567 armamentario
1796 1499 2140 1566 maximam
2193 1507 2713 1595 argumentorum
2767 1498 3020 1583 copiam
3073 1519 3329 1566 coacer-

611 1619 790 1685 vavit
832 1626 1076 1703 auctor,
1122 1619 1351 1703 quibus
1396 1619 1483 1684 ad
1527 1619 1940 1687 defendenda
1983 1622 2302 1703 quaedam
2349 1621 2590 1704 placita
2641 1626 2927 1685 uteretur
2985 1618 3328 1685 occasione

612 1738 851 1805 oblata.
942 1738 1248 1821 dogmata
1292 1740 1461 1805 enim
1506 1741 1736 1823 quibus
1780 1740 2136 1807 inserviunt
2180 1740 2344 1807 haec
2388 1740 2677 1807 subsidia
2723 1741 3033 1825 pleraque
3085 1738 3178 1803 ita
3219 1759 3329 1805 ex-

610 1876 836 1942 pressa
881 1863 1049 1941 sunt,
1098 1864 1167 1921 ut
1210 1865 1433 1941 aperte
1478 1859 1991 1926 adversariorum
2038 1860 2200 1926 ratio
2235 1859 2456 1925 habita
2495 1860 2596 1925 sit.
2687 1858 2766 1925 cf.
2803 1859 2990 1941 118‚5
3036 1858 3127 1921 ὅτι
3171 1859 3328 1923 πλεί-

610 2002 710 2047 ους
754 1980 813 2041 αἱ
858 1984 963 2062 τῆς
1006 1984 1204 2063 ψυχῆς
1248 1981 1514 2062 δυνάμεις
1558 1982 1670 2043 καὶ
1715 1981 1793 2044 οὐ
1841 1983 1962 2066 μία
2011 1981 2234 2063 119,21
2285 1980 2372 2044 ὅτι
2416 1981 2542 2044 οὐκ
2583 1981 2658 2043 ἐν
2691 1978 3056 2063 ὑποκειμένῳ
3087 1980 3125 2063 ἡ
3158 1981 3323 2065 ψυχή

614 2096 844 2179 122,16
888 2096 975 2159 ὅτι
1018 2099 1080 2161 αἱ
1126 2098 1429 2184 ποιότητες
1474 2098 1541 2163 οὔ
1574 2103 1823 2185 σώματα
1873 2102 2058 2184 125,5
2101 2102 2269 2185 πρὸς
2313 2101 2476 2171 τοὺς
2524 2102 2701 2184 μηδὲν
2749 2104 2864 2162 τῶν
2895 2101 3182 2183 τεττάρων
3215 2122 3328 2164 σω·

613 2218 811 2300 μάτων
867 2216 906 2280 ἃ
950 2222 1214 2302 στοιχεῖα
1270 2218 1511 2303 λέγομεν
1570 2218 1697 2285 κατ’
1754 2222 1898 2285 ἰδίαν
1945 2222 2301 2307 ὑφίστασθαι
2350 2220 2624 2304 λέγοντας
2671 2220 2905 2302 127,27
2953 2220 3125 2303 πρὸς
3169 2220 3330 2289 τοὺς

610 2334 683 2399 δι’
740 2336 982 2399 ἀκτίνων
1028 2336 1295 2419 λέγοντας
1339 2340 1596 2422 γίνεσθαι
1649 2342 1715 2404 τὸ
1770 2342 1910 2425 ὁρᾶν
1982 2340 2214 2423 130,14
2264 2342 2435 2426 πρὸς
2485 2340 2646 2409 τοὺς
2698 2338 2794 2403 διὰ
2845 2344 2949 2422 τῆς
3001 2342 3104 2402 τοῦ
3157 2338 3331 2423 ἀέρος

614 2458 1007 2525 συνεντάσεως
1060 2458 1124 2520 τὸ
1181 2459 1321 2541 ὁρᾶν
1375 2464 1679 2529 ποιοῦντας
1748 2460 1977 2543 134,29
2024 2461 2199 2546 πρὸς
2242 2463 2403 2531 τοὺς
2454 2461 2550 2524 διὰ
2603 2465 2709 2544 τῆς
2766 2464 2880 2522 τῶν
2925 2459 3184 2523 εἰδώλων
3229 2458 3328 2543 ἐμ-

616 2579 897 2644 πτώσεως
939 2577 1003 2639 τὸ
1052 2579 1190 2661 ὁρᾶν
1236 2577 1505 2661 λέγοντας
1547 2580 1806 2661 γίνεσθαι
1877 2582 2106 2665 136,29
2150 2583 2332 2667 πρὸς
2375 2580 2532 2649 τοὺς
2575 2579 2672 2643 διὰ
2714 2584 2820 2663 τῆς
2863 2579 3178 2663 ἀπορροίας
3221 2584 3329 2663 τῆς

616 2692 715 2759 ἀπ’
758 2697 973 2781 ἀμφοῖν
1019 2698 1083 2761 τὸ
1130 2700 1270 2781 ὁρᾶν
1316 2698 1584 2781 λέγοντας
1633 2701 1817 2783 138,3
1863 2700 1950 2765 ὅτι
1996 2703 2086 2785 μὴ
2135 2705 2309 2784 σῶμα
2352 2702 2416 2765 τὸ
2447 2706 2574 2787 φῶς
2623 2700 2851 2783 139,29
2897 2700 2982 2763 ὅτι
3015 2704 3189 2784 σῶμα
3227 2699 3328 2763 διὰ

615 2820 886 2901 σώματος
926 2817 1266 2880 ἀδύνατον
1313 2818 1529 2900 διήκειν
1565 2820 1792 2903 159,15
1837 2819 1926 2884 ὅτι
1970 2821 2096 2884 οὐκ
2139 2822 2427 2906 αὐτάρκης
2469 2823 2506 2905 ἠ
2540 2820 2718 2905 ἀρετὴ
2763 2820 2908 2903 πρὸς
2937 2819 3326 2903 εὐδαιμονίαν.

784 2938 1069 3003 Permira
1130 2944 1346 3003 autem
1413 2944 1511 3003 est
1564 2944 1628 3003 et
1694 2959 1957 3022 prorsus
2009 2940 2354 3023 singularis
2398 2945 2920 3022 argumentorum
2965 2938 3330 3023 constipata

615 3057 972 3123 multitudo.
1063 3059 1152 3123 ita
1195 3081 1256 3143 p.
1296 3058 1838 3143 113,26-116,37
1889 3059 2218 3124 continent
2263 3058 2549 3125 eiusdem
2595 3059 2925 3146 praecepti
2970 3058 3192 3141 viginti
3236 3056 3328 3121 di—

615 3196 840 3241 versas
884 3177 1482 3262 demonstrationes,
1529 3200 1591 3263 p.
1628 3180 2134 3264 118,6—-119,20
2175 3178 2475 3263 sedecim,
2531 3200 2588 3263 p.
2629 3180 3134 3263 122,17—125,4
3176 3177 3330 3243 duo-

615 3295 947 3377 deviginti,
993 3318 1052 3379 p.
1090 3298 1635 3384 126,25—-127,26
1679 3306 1945 3383 septem.
2014 3305 2231 3364 cetera
2274 3299 2414 3383 ipse
2460 3299 2836 3381 perlustres:
2878 3298 3050 3365 idem
3092 3297 3328 3382 ubique

620 3414 952 3479 consilium
1000 3435 1368 3499 cognosces,
1436 3425 1506 3483 ut
1549 3419 2023 3485 demonstretur
2069 3420 2155 3483 ὅτι
2201 3421 2282 3504 μὴ
2327 3418 2619 3503 αὐτάρκης
2661 3419 2910 3503 ἡάρετὴ
2957 3420 3100 3505 πρὸς
3143 3418 3328 3482 εὐδαι-

621 3536 841 3618 μονίαν,
888 3535 951 3598 in
983 3556 1177 3599 unum
1223 3543 1449 3603 coacta
1479 3544 1627 3603 sunt
1657 3539 1735 3603 37
1782 3546 2180 3621 argumenta.
2256 3538 2440 3603 vides
2485 3538 2587 3603 hic
2619 3537 2988 3620 pharetram
3034 3543 3329 3622 paratam

616 3674 780 3738 esse,
826 3674 991 3737 quae
1035 3657 1342 3740 pugnanti
1385 3658 1524 3723 sine
1554 3678 1735 3723 mora
1777 3657 2142 3743 suppeditet
2187 3658 2476 3741 sagittas
2554 3656 2789 3722 deinde
2835 3656 2956 3722 hoc
2999 3657 3329 3742 peculiare

617 3782 716 3839 est
746 3773 847 3838 his
871 3774 1301 3855 collectaneis,
1334 3777 1503 3860 quod
1536 3777 1740 3842 minor
1764 3797 1916 3861 pars
1946 3783 2466 3860 argumentorum
2497 3776 2819 3860 copiosius
2849 3776 3176 3861 explicata
3206 3784 3326 3843 est.

617 3916 745 3959 non
792 3901 924 3959 tam
967 3902 1348 3977 argumenta
1392 3904 1558 3980 sunt,
1604 3917 1795 3980 quam
1840 3896 2096 3981 indicia,
2153 3895 2382 3979 quibus
2427 3895 2599 3961 ducti
2643 3896 2837 3963 facile
2879 3905 3326 3980 argumentum

616 4016 1040 4080 inveniamus.
1150 4015 1298 4081 hinc
1353 4017 1513 4081 mira
1571 4017 1685 4081 illa
1739 4017 2044 4099 brevitas,
2113 4036 2241 4099 qua
2285 4015 2506 4100 paucis
2551 4015 2844 4081 versibus
2897 4036 3094 4101 saepe
3139 4018 3328 4100 plura

616 4134 1150 4219 comprimuntur3
1224 4134 1303 4200 cf.
1355 4137 1711 4220 115‚6-14
1762 4138 1831 4219 (3
1879 4140 2282 4219 argumenta)
2346 4135 2744 4219 118,19-23
2790 4136 2881 4218 (4)
2930 4136 3160 4219 118,38
3207 4136 3325 4219 (2),

614 4262 955 4340 praeterea
1000 4255 1403 4338 119,15—2o
1450 4256 1846 4341 123,17-23
1896 4256 2312 4341 135,29-32.
2383 4256 2591 4320 forma
2630 4274 2903 4339 quoque,
2950 4275 3078 4338 qua
3107 4254 3324 4339 utitur,

614 4376 859 4441 indicat
902 4374 1179 4440 noluisse
1210 4382 1535 4441 auctorem
1581 4375 1700 4442 has
1746 4377 1964 4462 copias
2008 4377 2094 4441 ad
2137 4376 2487 4459 legentium
2534 4395 2718 4440 usum
2763 4373 3072 4459 expolire.
3161 4374 3326 4439 solet

616 4493 785 4560 enim
841 4492 1203 4561 sexcenties
1254 4493 1490 4559 iterata
1534 4495 1852 4578 particula
1896 4494 1980 4559 ἔτι
2046 4516 2126 4561 ea
2179 4515 2536 4577 conserere,
2605 4494 2704 4559 cui
2771 4512 3035 4578 perraro
3105 4494 3325 4579 (131‚8

618 4614 875 4698 118,10)
922 4612 1124 4677 ἔπειτα
1168 4613 1586 4679 substituitur.
1678 4616 1785 4682 ubi
1830 4614 2286 4697 interrogando
2333 4619 2834 4697 argumentatur,
2879 4618 3006 4683 πῶς
3053 4620 3118 4678 et
3147 4613 3246 4677 διὰ
3272 4612 3330 4675 τί

615 4732 903 4817 singulas
949 4733 1372 4800 refutationes
1418 4734 1743 4800 inducunt.
1832 4735 1940 4821 (cf.
1991 4736 2217 4817 135,21
2246 4734 2369 4817 sq.)

786 4853 907 4919 Vix
954 4861 1367 4938 expectamus
1410 4854 1476 4917 in
1522 4860 1653 4919 tam
1722 4852 1980 4919 concisa
2045 4851 2366 4919 scribendi
2421 4852 2739 4919 brevitate
2805 4853 3181 4938 scriptorem
3242 4850 3324 4916 de
