3684 5567
1307 244 1589 302 ΒΙΒΛΙΟΝ
1626 242 1990 302 ΔΕΥἸῈΡΟΝ
2023 245 2172 312 1—3,
2203 248 2225 297 1
3047 244 3124 307 47

511 420 808 504 βεβηκὸς
841 420 1057 502 αὑτὴν
1090 423 1295 491 κινεῖ,
1341 417 1479 482 ἀλλ’
1522 416 1709 482 ἔστιν
1756 422 1795 501 ἡ
1836 420 2109 503 κίνησις
2141 423 2263 502 τῆς
2309 418 2552 485 οὐσίας
2595 417 2812 500 αὐτῆς
2859 412 3010 477 καθ’

508 522 771 603 αὑτήνῧ

665 622 737 687 Ἡ
782 624 967 709 ψυχή,
1023 623 1217 707 φησίν,
1275 623 1326 685 εἰ
1382 626 1529 686 κινεῖ
1578 624 1779 705 αὑτήν,
1841 622 1971 706 ἤτοι
2023 622 2150 687 κατ’
2208 622 2350 685 ἄλλο
2399 622 2502 705 μέν
2549 646 2599 685 τι
2653 626 2814 700 κινεῖ,
2876 618 3005 682 κατ’
3047 636 3098 679 15

509 724 650 788 ἄλλο
696 727 761 789 δέ
806 750 859 789 τι
890 730 1150 800 κινεῖται,
1196 725 1291 786 καὶ
1340 725 1525 793 οὕτως
1571 724 1735 788 ἔσται
1778 724 2172 809 αύτοκίνητος,
2219 726 2372 788 ὥστε
2417 724 2512 787 καὶ
2557 726 2623 786 τὸ
2658 728 2810 807 ζῷον
2857 721 3022 785 αὐτο·

435 847 465 895 5
509 827 741 911 κίνητύν
780 850 991 913 φαμεν.
1062 834 1147 911 τῷ
1179 826 1287 909 γὰρ
1332 826 1397 888 τὸ
1448 828 1551 909 μὲν
1597 828 1777 890 αὐτοῦ
1824 834 1998 890 κινεῖν
2043 828 2108 890 τὸ
2157 828 2220 890 δὲ
2253 827 2538 890 κινεῖσθαι
2581 827 2646 888 τὸ
2679 825 2812 888 ὅλον
2859 825 3022 888 αὐτο-

508 930 755 1011 κίνητον.
844 935 993 991 κινεῖ
1046 930 1150 1009 μὲν
1193 928 1301 1011 γὰρ
1357 930 1421 990 τὸ
1474 928 1536 990 ἐν
1589 929 1751 1013 αὐτῷ
1797 932 1834 1012 ἡ
1893 930 2090 1013 ψυχή,
2149 932 2386 992 κινεῖται
2442 930 2506 991 δὲ
2549 929 2614 990 τὸ
2661 932 2866 1009 σῶμα,
2924 927 3104 989 mim

510 1030 642 1094 οὔτε
687 1033 725 1114 ἡ
773 1032 935 1115 ψυχὴ
984 1029 1129 1093 διότι
1174 1035 1325 1093 κινεῖ
1373 1036 1643 1108 κινεῖται,
1704 1031 1838 1095 οὔτε
1887 1033 1948 1093 τὸ
2003 1036 2206 1114 σῶμα·
2263 1037 2498 1093 κινεῖται
2542 1032 2671 1113 γάρ.
2763 1032 2857 1093 καὶ
2903 1034 3018 1092 τῶν

509 1140 615 1216 τῆς
658 1138 855 1218 ψυχῆς
900 1136 1233 1216 δυνάμεων,
1281 1134 1333 1195 εἰ
1377 1134 1563 1201 οὕτως
1607 1133 1697 1216 εἴη
1744 1134 2085 1215 κινουμένη,
2132 1136 2170 1217 ἡ
2220 1134 2323 1213 μέν
2369 1132 2539 1216 (ἐστι)
2585 1137 2822 1195 κινοῦσα
2867 1133 2905 1214 ἡ
2953 1132 3016 1193 δὲ

507 1236 835 1319 κινουμένη,
882 1234 1016 1299 οὔτε
1060 1242 1167 1320 τῆς
1215 1232 1221 1319 Ι
1272 1235 1542 1317 κινούσης
1586 1236 1737 1298 καθὸ
1786 1240 1929 1298 κινεῖ
1961 1236 2323 1317 κινουμένης,
2370 1232 2501 1297 οὔτε
2543 1240 2646 1316 τῆς
2679 1233 3015 1315 κινουμένης
3057 1241 3125 1296 87

398 1358 465 1403 10
502 1338 656 1400 καθὸ
710 1344 946 1401 κινεῖται
998 1339 1285 1422 κινούσης.
1374 1335 1537 1400 ἔσται
1582 1336 1681 1399 οὖν
1741 1339 1932 1406 οὕτως
1978 1340 2043 1400 τὸ
2089 1343 2317 1421 πρῶτον
2372 1341 2561 1399 κινοῦν
2608 1338 2876 1419 ἀκίνητον
2925 1338 3018 1399 καὶ

504 1440 601 1503 ἐπὶ
646 1446 749 1524 τῆς
795 1446 1009 1525 ψυχῆς.
1100 1441 1152 1504 εἰ
1194 1440 1302 1523 γὰρ
1348 1443 1518 1502 πάλιν
1578 1464 1614 1521 η
1662 1444 1906 1503 κινοῦσα
1962 1441 2199 1521 δύναμις
2251 1440 2532 1502 κινεῖσθαι
2576 1437 2826 1520 λέγοιτο,
2891 1437 3018 1519 ἤτοι
3073 1456 3100 1497 5

504 1542 605 1626 ὑφ’
662 1544 840 1627 αὑτῆς
900 1544 939 1625 ἢ
1000 1541 1095 1605 ὑπ’
1153 1542 1335 1628 ἄλλης
1396 1541 1557 1605 ἔσται
1614 1542 1941 1625 κινουμένη.
2052 1543 2104 1604 εἰ
2163 1543 2265 1623 μὲν
2323 1538 2420 1603 οὖν
2488 1539 2581 1601 ὑπ’
2638 1540 2848 1621 ἄλλης,
2913 1539 3005 1603 ἐπ’

504 1643 738 1727 ἄπειρον
772 1645 1182 1727 προελεύσεται
1228 1645 1266 1727 ἢ
1315 1643 1475 1708 ἔσται
1520 1668 1573 1705 τι
1614 1649 1841 1727 πρῶτον
1889 1646 2080 1705 κινοῦν
2129 1644 2232 1723 μὲν
2266 1642 2533 1726 ἀκίνητον
2580 1640 2662 1719 δέ,
2710 1642 2762 1703 εἰ
2808 1641 2860 1705 δ’
2903 1639 3000 1725 ὑφ’

505 1748 714 1830 αὐτῆς,
770 1746 863 1829 εἴη
922 1746 988 1809 ἂν
1035 1748 1219 1815 οὕτως
1274 1746 1675 1829 αὐτοκίνητος,
1732 1748 1813 1812 ὡς
1859 1745 2010 1807 καθὸ
2057 1748 2217 1806 κινεῖ.
2309 1744 2545 1827 ἄμεινον
2599 1746 2786 1807 τοίνυν
2832 1744 3014 1827 αὐτὴν

398 1870 461 1917 15
499 1850 603 1932 τὴν
648 1850 845 1933 ψυχὴν
890 1849 1045 1911 οὕτω
1101 1848 1284 1930 λέγειν
1339 1848 1731 1932 αὐτοκίνητον.
1823 1842 1942 1908 ἀλλ’
1999 1846 2049 1908 εἰ
2105 1848 2141 1929 ἡ
2189 1846 2354 1929 ψυχὴ
2411 1847 2596 1914 οὕτως
2639 1847 3012 1929 αὐτοκίνητος
3041 1864 3098 1905 ιο

502 1952 747 2034 λέγοιτο,
794 1955 874 2019 ὡς
918 1951 1071 2013 καθὸ
1118 1954 1267 2013 κινεῖ
1306 1950 1454 2013 κατὰ
1500 1954 1669 2012 τοῦτο
1714 1950 2022 2022 κινεῖσθαι,
2067 1949 2119 2010 εἰ
2165 1949 2317 2011 καθὸ
2365 1950 2532 2033 ψυχὴ
2579 1954 2742 2024 κινεῖ,
2790 1948 2925 2011 καθ’
2979 1950 3010 2012 ὃ

500 2055 664 2138 ψυχὴ
710 2056 807 2117 καὶ
852 2054 1249 2135 κινηθήσεται.
1340 2054 1391 2115 εἰ
1436 2054 1544 2135 γὰρ
1591 2050 1683 2135 εἴη
1730 2050 1858 2115 κατ’
1914 2050 2057 2114 ἄλλο
2103 2075 2154 2113 τι
2201 2050 2533 2133 κινουμένη,
2587 2051 2707 2113 οἷον
2753 2050 2895 2135 φέρε
2939 2053 3014 2114 εἰ·

501 2162 625 2218 πεῖν
680 2157 841 2219 κατὰ
880 2156 1087 2226 τύπον,
1145 2154 1212 2217 οὐ
1266 2154 1415 2216 κατὰ
1468 2154 1536 2216 τὸ
1590 2154 1731 2217 αὐτὸ
1778 2156 2000 2235 κινήσει
2051 2176 2114 2215 τε
2158 2156 2254 2216 καὶ
2299 2154 2692 2235 κινηθήσεται.
2788 2153 2925 2216 καθ’
2982 2154 3014 2217 ὃ
3045 2173 3096 2215 15

500 2257 607 2341 γὰρ
652 2258 816 2342 ψυχὴ
864 2261 1119 2334 κινοῦσα,
1167 2256 1233 2319 οὐ
1283 2258 1431 2320 καθὸ
1478 2256 1639 2340 ψυχὴ
1687 2252 1849 2318 ἔσται
1896 2256 2235 2339 κινουμένη,
2283 2255 2446 2336 εἴγε
2491 2256 2638 2319 κατὰ
2683 2258 2884 2319 τύπον·
2945 2258 3014 2321 οὐ

392 2381 461 2427 20
499 2361 608 2444 γὰρ
662 2360 809 2421 κατὰ
862 2359 1039 2422 τύπον
1094 2360 1131 2441 ἡ
1188 2358 1379 2443 ψυχή.
1470 2358 1623 2421 οὕτω
1678 2356 1727 2419 δ’
1786 2356 1950 2420 ἔσται
2009 2356 2135 2421 κατ’
2190 2358 2332 2420 ἄλλο
2389 2359 2492 2437 μὲν
2546 2362 2814 2433 κινοῦσα,
2874 2360 3000 2423 κατ’

502 2463 645 2526 ἄλλο
700 2462 764 2524 δὲ
821 2460 1153 2544 κινουμένη,
1216 2461 1329 2546 οὐχ
1384 2462 1571 2529 οὕτως
1622 2458 1739 2544 <ὃὲ>
1794 2460 2022 2541 ἐλέγετο
2077 2460 2361 2522 κινεῖσθαι
2410 2459 2506 2543 ὑφ’
2563 2463 2762 2545 αὑτῆς.
2864 2462 3012 2525 καθὸ
3041 2479 3097 2520 20

501 2567 667 2649 ψυχὴ
714 2564 1113 2649 κινηθήσεται.
1204 2560 1323 2625 ἀλλ’
1366 2564 1417 2625 εἰ
1464 2567 1576 2625 πᾶν
1622 2565 1686 2625 τὸ
1735 2564 1883 2625 κατά
1927 2586 1980 2625 τι
2024 2561 2358 2645 κινούμενόν
2402 2585 2465 2625 τε
2509 2565 2605 2626 καὶ
2651 2566 3010 2648 μεταβάλλον

497 2668 781 2735 ἐξίσταται
836 2671 938 2728 τοῦ
984 2667 1139 2729 καθὸ
1190 2669 1458 2739 κινεῖται,
1520 2666 1584 2725 τὸ
1634 2664 1736 2746 μὲν
1791 2664 1938 2726 κατὰ
1991 2662 2166 2726 τύπον
2221 2668 2322 2726 τοῦ
2369 2662 2583 2740 τόπου,
2642 2666 2708 2728 τὸ
2754 2668 2820 2729 δὲ
2865 2669 3014 2731 κατὰ

501 2770 691 2839 πάθος
736 2773 839 2831 τοῦ
884 2769 1130 2842 πάθους,
1176 2768 1241 2829 τὸ
1290 2767 1354 2829 δὲ
1383 2767 1531 2829 κατὰ
1578 2767 1826 2848 μέγεθος
1874 2771 1972 2830 τοῦ
2021 2765 2326 2848 μεγέθους,
2371 2769 2469 2828 καὶ
2513 2768 2578 2829 τὸ
2624 2768 2772 2831 κατὰ
2818 2770 3012 2855 ψυχὴν
3040 2788 3094 2829 25

387 2890 457 2939 25
500 2871 833 2953 κινούμενον
878 2870 1167 2939 ἐξίσταται
1210 2874 1313 2931 τοῦ
1360 2870 1421 2930 ἐν
1466 2869 1675 2952 τούτῳ,
1723 2870 1877 2931 ὥστε
1922 2870 2020 2931 καὶ
2064 2869 2102 2950 ἡ
2149 2868 2316 2952 ψυχὴ
2365 2869 2416 2929 εἰ
2447 2870 2597 2932 καθὸ
2645 2872 2812 2956 ψυχή
2859 2872 3012 2936 ἐστιν

498 2976 588 3037 ἀεὶ
621 2980 879 3047 κινεῖται,
926 2972 1029 3057 ὑφ’
1069 2973 1252 3054 αὐτῆς
1294 2972 1393 3033 καὶ
1441 2973 1521 3053 μὴ
1560 2970 1709 3034 κατὰ
1740 2972 2110 3056 συμβεβηκὸς
2159 2968 2166 3055 Ι
2215 2970 2494 3038 ἐξίσταιτο
2541 2970 2608 3033 ἂν
2655 2978 2760 3056 τῆς
2803 2975 3004 3045 οὐσίας
3043 2985 3116 3041 88

496 3082 603 3159 τῆς
644 3076 705 3139 ἐν
750 3071 791 3159 ᾗ
839 3075 961 3137 ἐστι
1007 3075 1103 3139 καὶ
1148 3079 1255 3157 τῆς
1299 3078 1498 3157 ψυχῆς
1544 3069 1680 3135 καθ’
1736 3072 1809 3155 ἣν
1856 3074 1920 3135 τὸ
1967 3073 2114 3137 εἶναι
2157 3072 2331 3154 αὐτῇ.

495 3296 607 3361 ΙΙΙ.
698 3294 820 3365 Τίς
875 3298 913 3378 ἡ
968 3296 1103 3358 ἀπὸ
1156 3300 1279 3377 τῆς
1344 3293 1689 3376 κινήσεως
1753 3298 1874 3357 τοῦ
1942 3294 2142 3357 θείου
2210 3295 2534 3375 σώματος
2601 3294 3010 3382 ἐγγινομένη

518 3400 806 3482 δύναμις
863 3403 957 3483 τῷ
1005 3401 1401 3480 γειτνιῶντι
1446 3395 1634 3481 αὐτῷ
1682 3396 1918 3481 θνητῷ
1969 3420 2036 3459 τε
2083 3398 2196 3459 καὶ
2239 3396 2310 3459 ἐν
2353 3397 2624 3479 γενέσει
2672 3402 2965 3483 σώματι.
3063 3418 3092 3460 5

384 3591 457 3639 30
668 3572 725 3634 1.
813 3566 913 3637 Τίς
956 3570 995 3651 ἡ
1041 3568 1158 3630 ἀπὸ
1202 3573 1307 3652 τῆς
1351 3567 1635 3648 κινήσεως
1664 3572 1766 3629 τοῦ
1798 3567 1962 3630 θείου
2011 3570 2280 3649 σώματος
2323 3568 2594 3652 γινομένη
2642 3570 2878 3654 δύναμις
2922 3579 3007 3657 τῷ

491 3676 809 3755 γειτνιῶντι
852 3670 1015 3755 αὐτῷ
1064 3672 1265 3753 θνητῷ
1311 3692 1375 3731 τε
1418 3670 1515 3731 καὶ
1562 3668 1623 3730 ἐν
1667 3669 1894 3751 γενέσει
1945 3671 2200 3752 σώματι;
2262 3668 2378 3754 ἆρά
2419 3693 2485 3753 γε
2530 3670 2679 3753 ἄλλη
2726 3674 2809 3741 τίς
2854 3674 3008 3737 ἐστιν

494 3776 640 3858 αὕτη
686 3775 857 3859 φύσις
910 3771 1069 3857 παρὰ
1122 3774 1227 3855 τὴν
1284 3772 1499 3834 οἰκείαν
1544 3771 1791 3833 ἑκάστου
1838 3776 1954 3833 τῶν
2012 3777 2272 3855 φυσικῶν
2319 3774 2636 3854 σωμάτων,
2698 3774 2770 3857 ἢν
2817 3778 3009 3862 ἀρχὴν
3039 3796 3096 3837 ιο

498 3879 782 3961 κινήσεώς
834 3900 897 3939 τε
956 3876 1053 3938 καὶ
1108 3874 1351 3958 ἠρεμίας
1404 3872 1623 3957 φαμέν,
1681 3870 1731 3957 ᾦ
1798 3874 2052 3959 ὑπάρχει
2108 3878 2326 3959 πρώτῳ
2384 3873 2518 3937 καθ’
2576 3876 2717 3939 αὑτὸ
2773 3880 2868 3941 καὶ
2927 3882 3009 3965 μὴ

391 4126 415 4177 l
458 4124 643 4193 αὑτὴν]
682 4123 908 4192 αὐτὴνν
1070 4122 1102 4174 3
1141 4122 1323 4191 αὑτὴν]
1362 4122 1547 4192 ἑαυτὴν
1570 4122 1706 4173 vict.
1734 4123 1852 4188 Sp.:
1889 4120 2048 4191 αὐτὴν
2085 4140 2118 4174 a
2277 4125 2310 4175 4
2349 4122 2502 4193 ὥστε]
2542 4124 2712 4195 ὥσπερ
2742 4144 2774 4178 a
2799 4129 2888 4194 Sp.
2917 4130 3047 4182 bene

387 4211 420 4265 5
460 4211 615 4265 ubres>
651 4220 807 4265 κινεῖν
846 4214 1017 4264 VBG:
1055 4210 1335 4263 αὐτοκινεῖν
1372 4213 1435 4262 S:
1481 4208 1605 4261 αὐτὸ
1643 4216 1795 4260 κινεῖν
1831 4226 1864 4259 a
1899 4212 1989 4275 Sp.
2205 4208 2320 4263 ὅλον
2358 4213 2520 4280 φαμὲν
2557 4232 2588 4265 a
2628 4216 2715 4281 Sp.
2933 4232 3008 4285 pr.
3057 4216 3116 4269 τὸ

386 4298 487 4351 ἀεὶ.
525 4299 597 4351 13²
808 4299 839 4350 7
894 4305 1042 4367 σῶμα
1079 4298 1199 4350 διότι
1246 4302 1453 4349 κινεῖται
1499 4305 1651 4349 κινεῖ·
1708 4306 1917 4350 κινεῖται
1954 4315 1986 4349 a
2022 4300 2110 4364 Sp.
2324 4298 2356 4350 8
2404 4300 2574 4369 ψυχῆς
2612 4300 2699 4352 οὖν
2745 4319 2778 4353 a
2813 4305 2902 4369 Sp.

386 4388 431 4439 εἰ
466 4385 541 4438 B²
577 4388 713 4439 vict.
750 4388 865 4453 Sp.:
902 4405 935 4455 η
974 4390 1048 4437 V:
1087 4386 1120 4455 ἡ
1159 4388 1327 4438 SHFa
1504 4384 1608 4437 ἐστι
1644 4385 1764 4437 add.
1802 4403 1834 4436 a
1872 4389 1961 4452 Sp.
2148 4386 2208 4438 14
2255 4395 2385 4439 κινεῖ
2433 4388 2702 4459 κινουμένη
2743 4406 2774 4440 a
2812 4392 2900 4456 Sp.

389 4476 453 4528 16
509 4474 552 4527 εἰ
586 4472 658 4528 13²
693 4474 829 4527 vict.
867 4476 987 4541 Sp.:
1022 4473 1057 4541 ὴ
1098 4476 1261 4525 VBF:
1300 4472 1333 4543 ἤ
1372 4475 1445 4525 Sa
1661 4472 1723 4524 17
1772 4472 1850 4541 εἴη
1889 4488 1991 4524 om.
2029 4491 2060 4525 a
2097 4476 2186 4540 Sp.
2401 4474 2464 4527 21
2525 4473 2690 4534 οὕτως
2722 4475 2776 4528 δὲ
2814 4494 2846 4528 a
2881 4480 2971 4544 Sp.

386 4562 521 4615 καθὸ
560 4563 657 4632 ἄρα
692 4579 725 4613 ε
760 4564 849 4628 Sp.
1028 4562 1095 4614 25
1130 4565 1223 4613 τοῦ
1246 4564 1291 4613 Β
1321 4562 1457 4613 vict.
1496 4563 1615 4627 Sp.:
1652 4560 1729 4629 τῷ
1761 4565 1836 4612 H:
1875 4560 1934 4612 τὸ
1959 4563 2124 4613 VFSa
2301 4562 2366 4612 27
2405 4562 2555 4631 αὐτῆι
2592 4577 2718 4616 corr.
2758 4564 2818 4615 in
2855 4563 3018 4634 αὐτῆσ
3055 4568 3115 4617 ut

390 4651 596 4703 videtur
634 4654 681 4702 V
864 4649 931 4701 28
967 4648 1031 4701 cf.
1070 4666 1131 4701 ea
1169 4666 1301 4717 quae
1338 4648 1599 4717 disputavi
1640 4648 1701 4700 de
1740 4650 1835 4701 hoc
1875 4650 2046 4716 capite
2095 4650 2153 4700 in
2187 4650 2317 4701 Mus.
2357 4650 2520 4702 Rhon.
2553 4650 2724 4703 XLIV
2762 4668 2816 4719 p.
2848 4651 2944 4704 139
2965 4668 3044 4720 sq.

388 4738 457 4791 29
503 4756 557 4791 τι
596 4754 696 4791 om.
734 4757 765 4790 ι
944 4738 1013 4791 30
1050 4738 1338 4810 ἐγγινομένη
1379 4754 1411 4789 a
1447 4741 1536 4805 Sp.
1734 4735 1801 4789 33
1848 4736 2058 4809 ἠρεμίας
2095 4740 2144 4787 V
2183 4741 2240 4789 ut
2277 4736 2411 4791 solet
2605 4738 2658 4791 ἐν
2697 4735 2740 4809 ᾧ
2781 4740 2915 4793 Viot.
2953 4740 3044 4811 Sp.

388 4825 603 4899 πρώτῳ]
643 4825 862 4898 πρώτως
888 4843 919 4878 a
955 4828 1041 4894 Sp.
