3684 5567
1455 241 1736 299 ΒΙΒΛΙΟΝ
1778 242 2054 300 ΠΡΩΤΟΝ
2098 247 2231 300 1-2
3155 249 3197 312 5

1344 556 1424 620 II.
1515 554 1684 640 Περὶ
1728 555 2108 641 χρώματός
2149 581 2321 620 τινα.

753 724 838 790 Τὸ
881 731 1100 812 χρῶμα
1155 727 1409 818 ὡρίσατο
1445 725 1857 811 Ἀριστοτέλης
1915 727 2093 811 πέρας
2145 734 2247 792 τοῦ
2302 727 2625 813 ὡρισμένου
2682 733 2992 815 διαφανοῦς
3036 724 3077 812 ᾗ

582 829 872 913 διαφανές.
951 835 1054 894 τοῦ
1097 831 1205 915 γὰρ
1253 833 1525 911 σώματος
1569 832 1824 894 καθόσον
1870 833 1973 912 μὲν
2020 838 2193 912 σῶμα
2238 833 2417 917 πέρας
2461 832 2785 916 ἐπιφάνεια,
2830 830 3115 912 καθόσον,

583 933 650 994 δὲ
693 934 964 1018 διαφανὲς
1009 939 1243 1018 χρῶμα.
1315 935 1404 997 διὸ
1451 937 1545 998 καὶ
1593 935 1716 1017 ἅμα
1761 935 1885 998 ἐστὶ
1928 937 1995 1000 τὸ
2039 943 2253 1020 χρῶμα
2298 941 2375 1019 τῇ
2415 934 2736 1019 ἐπιφανείᾳ.
2807 936 2932 998 ἐπεὶ
2978 933 3084 1018 γὰρ
3116 949 3169 990 1⁰

519 1054 549 1103 5
588 1037 800 1104 παντὸς
843 1040 1115 1120 σώματος
1168 1041 1250 1106 ὡς
1295 1041 1566 1119 σώματος
1619 1039 1798 1121 πέρας
1844 1039 2179 1122 ἐπιφάνεια,
2234 1041 2329 1102 καὶ
2374 1041 2439 1102 τὸ
2487 1039 2760 1122 διαφανὲς
2802 1039 2865 1102 δὲ
2912 1039 3086 1118 σῶμά

586 1139 738 1212 ἐστι,
795 1140 891 1202 καὶ
935 1139 1144 1203 τούτου
1189 1140 1369 1225 πέρας
1415 1145 1496 1209 ὡς
1540 1145 1811 1224 σώματος
1868 1144 1903 1224 ἡ
1950 1142 2277 1226 ἐπιφάνεια.
2367 1141 2489 1206 ἔστι
2535 1145 2599 1206 δὲ
2644 1143 2819 1206 αὐτοῦ
2866 1143 2961 1204 καὶ
3006 1144 3088 1208 ὡς

521 1286 534 1306 .
584 1243 894 1325 διαφανοῦς
939 1243 1122 1326 πέρας
1167 1245 1232 1306 τὸ
1278 1249 1514 1328 χρῶμα,
1564 1246 1658 1306 καὶ
1705 1244 1828 1326 ἅμα
1877 1244 2027 1307 ἐστὶν
2072 1245 2250 1308 αὐτοῦ
2294 1246 2367 1308 τὰ
2413 1246 2633 1327 πέρατα
2679 1245 2879 1329 ἄμφω,
2925 1243 2988 1308 εἴ
3022 1260 3168 1328 ‘1³¹⁵

581 1343 802 1428 πέρατα
847 1344 954 1408 οὐκ
999 1344 1133 1409 ὄντα
1177 1347 1250 1410 τὰ
1295 1346 1442 1410 αὐτὰ
1486 1348 1779 1430 ἀλλήλοις.
1852 1352 1963 1411 πᾶν
2012 1349 2115 1429 μὲν
2160 1348 2268 1432 γὰρ
2313 1354 2531 1433 χρῶμα
2576 1349 2635 1412 ἐν
2676 1349 2979 1433 ἐπιφανείᾳ
3023 1371 3087 1430 γε

580 1448 676 1509 καὶ
721 1448 822 1510 σὺν
867 1449 1201 1533 ἐπιφανείᾳ,
1257 1449 1326 1512 οὐ
1375 1451 1487 1534 μὴν
1545 1456 1708 1512 πᾶσα
1763 1453 2068 1534 ἐπιφάνεια
2123 1453 2225 1515 σὺν
2280 1455 2578 1536 χρώματι,
2636 1451 2724 1514 ὅτι
2778 1452 2927 1536 μηδὲ
2972 1455 3085 1512 πᾶν

482 1570 544 1616 ιο
583 1557 756 1633 σῶμα
803 1553 1069 1636 διαφανὲς
1125 1553 1466 1638 ὡρισμένον.
1557 1559 1658 1616 τοῦ
1714 1554 1820 1636 γὰρ
1867 1556 2180 1638 διαφανοῦς
2238 1559 2510 1636 σώματος
2562 1556 2626 1617 τὸ
2690 1556 2792 1638 μὲν
2839 1555 3083 1638 ὡρισμέ·
3110 1571 3165 1610 2⁰

581 1677 694 1732 νον,
740 1656 806 1717 τὸ
853 1654 904 1718 δ’
947 1654 1232 1738 ἀόριστον.
1301 1657 1366 1720 τὸ
1415 1657 1515 1739 μὲν
1563 1655 1661 1719 οὖν
1707 1658 1975 1739 ἀόριστον
2022 1658 2292 1742 διαφανές
2338 1659 2546 1740 (ὁποῖά
2590 1659 2741 1720 ἐστιν
2788 1657 2823 1718 ὅ
2862 1681 2923 1719 τε
2968 1658 3085 1740 ἀὴρ

581 1759 674 1820 καὶ
717 1759 784 1819 τὸ
833 1758 1038 1842 ῦδωρ),
1085 1761 1284 1842 ὥσπερ
1329 1759 1468 1823 οὐδὲ
1501 1761 1836 1843 ἐπιφάνειαν
1884 1761 2099 1823 οἰκείαν
2148 1785 2209 1823 τε
2254 1765 2351 1824 καὶ
2398 1761 2722 1845 ὡρισμένην
2770 1758 2895 1844 ἔχει
2940 1760 3083 1842 (ὁρί·

580 1863 737 1930 ζεται
780 1861 890 1945 γὰρ
931 1862 1004 1925 τὰ
1049 1865 1196 1945 ὑγρά
1239 1885 1304 1925 τε
1345 1865 1440 1926 καὶ
1489 1863 1728 1947 ἀόριστα
1787 1866 2035 1946 σώματα
2078 1869 2196 1932 τοῖς
2242 1862 2667 1948 περιέχουσιν),
2724 1864 2905 1932 οὕτως
2940 1861 3073 1926 ὀὐδ’

580 1964 790 2027 οἰκεῖον
837 1963 966 2050 ἔχει
1007 1971 1246 2052 χρῶμα,
1294 1965 1415 2030 ἀλλ’
1468 1964 1621 2029 ἔστιν
1667 1973 1782 2029 τῶν
1829 1967 2147 2049 ἀλλοτρίων
2194 1969 2527 2051 χρωμάτων
2575 1965 2835 2029 διάκονόν
2883 1991 2945 2030 τε
2990 1969 3084 2029 καὶ
3112 1981 3166 2022 25

479 2086 540 2134 15
578 2069 835 2131 δεκτικὸν
889 2069 1088 2152 ὥσπερ
1141 2071 1237 2133 καὶ
1291 2071 1615 2154 σχημάτων
1673 2070 1796 2151 (καὶ
1850 2069 1856 2150 Ι
1904 2069 2163 2151 εὐλόγως
2214 2072 2250 2152 ἡ
2306 2071 2474 2153 φύσις
2529 2069 2746 2154 ἄχρουν
2809 2070 3078 2153 ἐποίησεν
3127 2076 3185 2132 16

577 2171 642 2232 τὸ
689 2171 1170 2256 διακονησόμενον
1215 2179 1335 2241 τοῖς
1382 2173 1697 2255 ἀλλοτρίοις
1743 2175 2051 2256 χρώμασιν
2098 2173 2401 2256 διαφανές,
2455 2173 2727 2256 διαφανὲς
2772 2173 2875 2254 μὲν
2922 2172 3083 2241 ὅπως

577 2269 616 2357 ᾖ
668 2275 943 2337 δεκτικὸν·
970 2277 1326 2360 χρωμάτων,
1372 2274 1638 2358 ἀόριστον
1685 2276 1749 2338 δὲ
1794 2276 1889 2338 καὶ
1930 2275 2169 2360 ἄχρουν,
2218 2275 2379 2344 ὅπως
2426 2277 2505 2357 μὴ
2552 2277 2617 2338 τὸ
2650 2277 2860 2340 οἰκεῖον
2906 2276 3083 2338 αὐτοῦ

577 2382 794 2461 χρῶμα
837 2383 912 2461 τῇ
963 2378 1105 2462 μίξει
1149 2385 1228 2462 τῇ
1275 2379 1418 2463 πρὸς
1462 2379 1533 2441 τὰ
1580 2379 1852 2462 δρώμενα
1897 2377 1973 2440 δι’
2024 2378 2199 2442 αὐτοῦ
2247 2379 2533 2460 ἐμποδίζῃ
2578 2378 2683 2460 τὴν
2730 2379 2929 2461 ἀληθῆ
2979 2381 3083 2461 μή·
3137 2394 3165 2436 5

577 2502 728 2542 νυσιν
773 2480 1019 2564 αὐτῶν),
1063 2483 1129 2545 τὸ
1177 2480 1229 2544 δ’
1287 2482 1346 2544 ἐν
1391 2487 1510 2550 τοῖς
1557 2481 1899 2564 ὡρισμένοις
1946 2505 2007 2544 τε
2052 2482 2147 2544 καὶ
2193 2487 2447 2565 στερεοῖς
2494 2485 2779 2564 σώμασιν,
2828 2485 2909 2549 ὡς
2955 2484 3085 2562 ὡρι-

471 2603 538 2649 20
575 2583 782 2666 σμένον
829 2583 956 2669 ἔχει
1001 2587 1066 2649 τὸ
1115 2589 1192 2653 ὡς
1239 2586 1512 2667 σώματος
1559 2586 1766 2670 σχῆμά
1810 2609 1873 2646 τε
1917 2585 2013 2648 καὶ
2045 2584 2243 2668 πέρας,
2290 2585 2443 2647 οὕτω
2490 2586 2553 2647 δὲ
2583 2587 2679 2647 καὶ
2724 2585 2789 2647 τὸ
2837 2588 2918 2653 ὡς
2965 2585 3079 2646 δια-

575 2691 810 2769 φανοῦς,
855 2689 951 2750 καὶ
981 2686 1134 2750 ἔστιν
1181 2691 1262 2756 ὡς
1294 2690 1608 2772 διαφανοῦς
1652 2688 1830 2750 αὐτοῦ
1878 2689 2058 2771 πέρας
2095 2693 2331 2772 χρῶμα.
2400 2689 2465 2750 τὸ
2510 2689 2616 2771 γὰρ
2646 2691 2865 2773 χρῶμα
2896 2688 3076 2771 πέρας
3106 2705 3159 2745 1⁰

579 2790 899 2873 ὡρισμένου
947 2793 1277 2874 διαφανοῦς.
1355 2791 1488 2855 οὔτε
1533 2791 1642 2875 γὰρ
1689 2796 1800 2853 πᾶν
1848 2797 2024 2874 σῶμα
2064 2790 2337 2874 διαφανές
2379 2791 2547 2872 (οὐδὲ
2588 2792 2695 2875 γὰρ
2743 2796 2855 2854 πᾶν
2902 2793 3081 2854 δεκτι·

577 2893 676 2956 κὸν
721 2893 1103 2978 χρωμάτων),
1157 2893 1290 2957 οὔτε
1335 2900 1448 2958 πᾶν
1495 2897 1769 2979 διαφανὲς
1815 2893 2157 2978 ὡρισμένον.
2244 2895 2315 2956 τὰ
2360 2897 2423 2957 δὲ
2468 2895 2527 2956 ἐν
2575 2895 2745 2979 βάθει
2790 2901 2905 2957 τῶν
2953 2899 3083 2979 ὡρι-

575 2997 800 3078 σμένων
858 2999 1154 3081 διαφανῶν
1199 2998 1386 3066 οὕτως
1431 2995 1558 3082 ἔχει
1616 3005 1836 3083 χρῶμα
1891 3001 1973 3065 ὡς
2016 2999 2355 3081 ἐπιφάνειάν
2412 3021 2476 3059 τε
2527 2999 2623 3059 καὶ
2670 3003 2894 3081 σχῆμα.
2986 3000 3081 3061 καὶ
3114 3014 3165 3056 15

467 3119 532 3168 25
571 3105 686 3162 τῶν
740 3103 1034 3185 ’διαφανῶν
1090 3101 1155 3164 δὲ
1213 3101 1550 3186 ὡρισμένων
1602 3103 1673 3165 τὰ
1729 3103 1830 3184 μὲν
1894 3101 2111 3183 μᾶλλον
2168 3101 2319 3176 ἐστι,
2376 3101 2447 3163 τὰ
2501 3099 2551 3163 δ’
2607 3101 2777 3184 ἧττον
2822 3105 3077 3164 τοιαῦτα.

574 3205 822 3286 μάλιστα
881 3205 985 3286 μὲν
1029 3205 1136 3288 γὰρ
1183 3207 1432 3289 διαφανῆ
1487 3205 1558 3268 τὰ
1605 3207 1849 3289 λαμπρά
1900 3229 1963 3268 τε
2022 3206 2116 3268 καὶ
2160 3205 2337 3268 λευκὰ
2399 3208 2674 3285 σώματα,
2730 3205 2800 3287 ἧς
2847 3203 3082 3288 φύσεώς

573 3307 694 3370 ἐστι
749 3307 814 3370 τὸ
869 3311 982 3390 πῦρ
1035 3307 1272 3390 (ξανθὸν
1325 3307 1434 3391 γὰρ
1488 3313 1562 3392 τῇ
1621 3307 1767 3391 μίξει
1823 3313 1923 3371 τοῦ
1978 3313 2198 3371 καπνοῦ
2256 3307 2496 3390 μέλανος
2553 3307 2714 3376 ὄντος
2772 3306 3079 3390 φαίνεται),

571 3409 859 3494 δευτέρως
903 3410 968 3472 δὲ
1008 3411 1102 3472 καὶ
1147 3411 1353 3494 τρίτως
1397 3411 1518 3473 ἐστὶ
1551 3413 1805 3496 διαφανῆ
1852 3411 1998 3474 κατὰ
2044 3411 2147 3494 τὴν
2182 3413 2325 3494 πρὸς
2373 3415 2540 3473 τοῦτο
2584 3410 2921 3490 ἀπόστασιν,
2970 3411 3080 3474 ὅσα
3106 3427 3163 3468 eo

572 3513 636 3574 δὲ
683 3511 903 3595 μέλανα
945 3517 1060 3575 τῶν
1093 3515 1406 3594 σωμάτων,
1451 3519 1654 3588 ταῦτα,
1703 3513 1840 3576 ὄντα
1888 3515 1947 3576 ἐν
1996 3514 2266 3598 στερήσει
2296 3517 2629 3598 χρώματος,
2676 3515 2771 3576 καὶ
2815 3520 2919 3595 τῆς
2963 3517 3079 3577 δια-

464 3633 532 3681 30
569 3615 808 3698 φανείας
852 3613 1178 3699 ἐστέρηται.
1268 3617 1396 3678 ἐπεὶ
1439 3617 1550 3700 γὰρ
1596 3621 1711 3678 τῶν
1755 3640 1818 3678 τε
1864 3615 2046 3679 ὄντων
2100 3618 2163 3678 τὸ
2211 3622 2428 3700 χρῶμα
2471 3617 2566 3678 καὶ
2611 3623 2726 3679 τῶν
2775 3617 2834 3680 ἐν
2882 3617 3079 3686 ἄλλοις

573 3717 720 3782 εἶναι
765 3718 1134 3802 πεφυκότων,
1179 3718 1330 3782 εἶναί
1367 3743 1419 3782 τι
1463 3717 1586 3782 ἔδει·
1625 3721 1720 3782 καὶ
1753 3723 1949 3801 σῶμα,
1995 3720 2055 3782 ἐν
2106 3715 2156 3804 ᾧ
2209 3721 2273 3782 τὸ
2320 3722 2557 3804 χρῶμα,
2601 3720 2697 3781 καὶ
2744 3717 2864 3782 ἔστι
2909 3726 3078 3784 τοῦτο
3106 3736 3161 3778 25

568 3823 634 3884 τὸ
680 3822 952 3905 διαφανὲς
997 3826 1190 3900 σῶμα.
1283 3822 1390 3906 ῦλη
1437 3822 1544 3905 γὰρ
1590 3827 1759 3886 τοῦτο
1813 3823 2113 3906 προσεχὴς
2159 3825 2502 3906 χρώματος,
2559 3823 2625 3884 τὸ
2671 3823 2772 3903 μὲν
2821 3823 3076 3907 ἐνεργείᾳ

569 3925 839 4008 διαφανὲς
883 3921 1024 4008 ἔχον
1081 3924 1223 3986 αὐτὸ
1270 3925 1556 4008 ἐνεργείᾳ,
1611 3925 1676 3987 τὸ
1729 3926 1794 3988 δὲ
1840 3927 2075 4007 δυνάμει
2132 3929 2213 3993 ὡς
2260 3926 2367 4008 ῦλη
2424 3925 2486 3986 δν
2533 3923 2807 4010 δεκτιξκὸν
2853 3929 2969 3988 τῶν
3016 3951 3078 3990 τε
3126 3934 3181 3990 17

460 4236 491 4288 ’2
525 4233 887 4307 Ἀριστοτέλης]
930 4235 992 4286 de
1029 4249 1183 4286 sensu
1222 4232 1270 4284 3.
1311 4233 1524 4286 439b11
1799 4231 1834 4304 ᾗ
1876 4235 2063 4287 SB'2La
2098 4234 2212 4301 Sp.:
2258 4229 2297 4306 ᾗ
2335 4239 2407 4287 V:
2456 4233 2489 4303 ’ἠ
2526 4236 2595 4286 Βι
2864 4238 2895 4289 4
2934 4237 3063 4302 ἐπεὶ]
3100 4239 3182 4292 ἐπὶ

459 4324 595 4376 coni.
633 4323 722 4390 Sp.
957 4321 988 4372 6
1028 4321 1098 4378 ὡς
1133 4324 1253 4373 VB:
1295 4325 1384 4372 τοῦ
1423 4324 1636 4374 FGSLa
1671 4321 1758 4388 Sp.
1972 4323 2003 4372 8
2041 4329 2226 4392 χρῶμα
2266 4327 2311 4376 G
2350 4323 2775 4392 Trendelenburg
2812 4324 2877 4375 ad
2918 4329 3078 4378 Arist.
3116 4329 3180 4380 de

459 4412 524 4464 de
559 4427 646 4463 an.
684 4409 806 4462 117.
844 4408 1087 4461 4182262
1146 4415 1294 4478 σῶμα
1331 4411 1548 4462 VBSLa
1791 4409 1872 4477 γε]
1922 4427 1974 4460 τε
2014 4411 2146 4462 coni.
2188 4411 2278 4476 Sp.
2536 4411 2600 4461 14
2654 4413 2970 4482 χρωμάτων]
3009 4417 3179 4481 σωμά-

460 4517 565 4551 των
603 4515 636 4550 a
851 4498 910 4549 17
951 4493 984 4572 ᾗ
1021 4515 1054 4548 a
1271 4496 1333 4548 18
1369 4492 1422 4548 τ’
1463 4495 1729 4564 ἀορὼμενα
1756 4515 1788 4547 a
2008 4496 2067 4547 19
2106 4496 2237 4564 τοῖσ]
2278 4516 2307 4548 τ
2341 4513 2497 4564 supra
2537 4515 2737 4550 versum
2764 4502 2805 4548 V
3023 4501 3091 4553 20
3126 4503 3178 4554 δὲ

457 4587 595 4639 vict.
635 4585 748 4654 Sp.:
805 4585 880 4638 δεῖ
917 4589 1160 4640 VFLSa:
1214 4585 1275 4654 δὴ
1324 4587 1379 4636 in
1432 4585 1510 4637 lit.
1548 4585 1618 4636 13²
1829 4583 1896 4636 22
1956 4583 2071 4637 οὐδὲ
2116 4585 2209 4655 γὰρ
2256 4587 2389 4636 coni.
2429 4585 2543 4652 Sp.:
2600 4585 2715 4638 οὔτε
2760 4589 2851 4656 γὰρ
2898 4588 3018 4640 libri

460 4673 529 4725 :24
585 4673 690 4744 ἔχει
724 4676 1007 4728 BGSFLa:
1067 4671 1111 4743 ἔΙ
1153 4677 1201 4724 V
1239 4676 1337 4746 (χει
1373 4673 1490 4725 add.
1537 4689 1670 4724 man.
1707 4673 1830 4738 rec.)
2044 4671 2109 4724 ⁶26
2148 4673 2208 4742 ἧς
2244 4672 2462 4742 φυσεως]
2500 4675 2568 4742 τῇ
2604 4673 2763 4742 φὺσει,
2798 4673 2868 4731 ὥς
2903 4679 3081 4729 FGSL

461 4763 528 4813 33
571 4761 624 4813 δὲ
661 4761 865 4828 δυνάμει
901 4762 1126 4814 FGLS1:
1177 4760 1230 4813 δὲ
1268 4760 1474 4828 δυναμισ
1514 4759 1764 4828 (διαφανὲς
1803 4776 1867 4811 m.
1907 4776 2007 4812 reo.
2046 4762 2099 4812 in
2142 4761 2267 4828 mg.)
2308 4765 2370 4812 V:
2420 4760 2472 4812 δὲ
2510 4759 2741 4830 διαφανὲς
2778 4761 2980 4831 δύναμις
3016 4767 3089 4816 B:
3124 4764 3177 4817 δὲ

459 4848 689 4918 διαφανὲς
723 4849 928 4918 δυνάμει
964 4849 1070 4902 S²a
