3684 5567
1308 234 1563 291 ΗΘΙΚΩΝ
1606 234 2138 310 ΠΡΟΒΑΗᾙΑΤΩΝ
2177 236 2384 291 24-25
2444 288 2456 301 ,
3083 236 3205 301 149

596 414 869 493 γνώσεως
924 412 989 474 τὸ
1045 410 1276 475 δεῖσθαι
1330 412 1475 495 πρὸς
1529 412 1631 493 τὴν
1692 415 1892 493 κτῆσιν
1946 416 2050 493 τῆς
2103 410 2467 493 εὐδαιμονίας
2521 416 2635 473 τῶν
2698 415 2803 494 τῆς
2858 412 3096 491 λογικῆς

599 519 797 599 ψυχῆς
842 516 1095 599 ἀρετῶν,
1152 518 1455 597 ζητοῦντες
1498 511 1614 599 <δὲ>
1668 514 1813 583 τίνες
1865 514 2034 589 εἰσίν,
2086 512 2344 594 εὐλόγως
2400 518 2628 597 πρῶτον
2683 514 2943 597 ἤλθομεν
2997 512 3093 575 ἐπὶ

594 618 659 681 τὸ
706 618 876 691 ἰδεῖν,
931 619 1015 685 τίς
1058 616 1187 679 ποτ’
1244 617 1395 680 ἐστὶν
1454 619 1491 701 ἡ
1536 618 1735 700 λογικὴ
1782 618 1980 701 ψυχή,
2037 616 2162 679 ἐπεὶ
2209 617 2312 701 τὴν
2342 690 2346 695 .
2371 616 2578 701 ταύτης
2631 621 2915 701 ζητοῦμεν
2962 616 3088 699 ἀρε-

594 720 716 803 τήν.
816 721 975 803 διττὴ
1031 720 1101 801 δὴ
1166 722 1204 802 ἡ
1258 722 1459 803 λογικὴ
1525 720 1763 803 δύναμις
1814 720 2062 804 εὑρέθη,
2129 722 2168 802 ἡ
2227 720 2328 803 μέν
2382 742 2466 788 τις
2519 719 2723 803 ἄλογος
2788 720 2890 801 μὲν
2945 714 3078 781 καθ’
3119 733 3175 774 1⁰

524 844 553 891 5
595 823 793 907 αὑτήν,
838 823 1039 906 λογικὴ
1087 823 1151 885 δὲ
1194 828 1281 907 τῷ
1326 824 1641 887 πείθεσθαί
1681 846 1744 885 τε
1774 823 2053 885 δύνασθαι
2102 822 2259 906 λόγῳ
2305 824 2400 887 καὶ
2447 824 2558 886 ὑπὸ
2605 822 2778 906 λόγου
2824 821 3092 907 ῥυθμίζε-

590 927 728 990 σθαι
779 924 1044 1009 (τοιαύτη
1094 926 1205 1009 γάρ
1259 926 1409 989 ἐστιν
1465 928 1503 1009 ἢ
1560 928 1619 989 ἐν
1676 927 1814 1009 ἡμῖν
1871 926 2138 1010 ὀρεκτικὴ
2193 926 2417 1010 ψυχή),
2473 928 2512 1009 ἡ
2567 926 2632 989 δέ
2686 928 2766 995 τίς
2823 926 2945 988 ἐστι
2999 926 3088 985 λο-

590 1030 721 1112 γικὴ
776 1032 863 1113 τῷ
916 1028 1096 1111 αὐτὴν
1150 1026 1319 1109 λόγον
1374 1026 1531 1113 ἔχειν
1586 1028 1646 1091 ἐν
1702 1030 1886 1111 αὑτῇ,
1958 1030 2056 1093 καὶ
2111 1026 2264 1091 ἔστιν
2331 1028 2606 1111 ἑκατέρας
2656 1033 2773 1091 τῶν
2828 1049 3090 1113 προειρη-
3119 1043 3172 1085 15

594 1131 781 1214 μένων
828 1133 1125 1212 δυνάμεων
1171 1131 1357 1195 οἰκεία
1401 1155 1483 1201 τις
1527 1131 1783 1215 ἐνέργεια
1838 1133 1934 1195 καὶ
1983 1132 2191 1215 ἀρετή,
2247 1130 2382 1195 καθ’
2437 1132 2508 1214 ἣν
2555 1132 2620 1193 τὸ
2665 1129 2732 1194 εὖ
2785 1133 2845 1195 ἐν
2889 1134 2966 1213 τῇ
3014 1129 3090 1191 οἰ·

590 1234 719 1317 κείᾳ
762 1234 1018 1317 ἐνεργείᾳ
1062 1234 1325 1316 γίγνεται,
1368 1238 1473 1317 τῆς
1518 1234 1621 1315 μὲν
1664 1234 1964 1317 ὀρεκτικῆς
2008 1234 2078 1297 αἵ
2114 1257 2175 1296 τε
2207 1234 2436 1316 πράξεις
2479 1235 2573 1297 καὶ
2619 1236 2678 1297 αῖ
2725 1234 2872 1297 κατὰ
2917 1232 3082 1315 πάθη

491 1360 553 1406 10
589 1338 861 1421 κινήσεις,
918 1336 1113 1419 ἀρεταὶ
1159 1336 1225 1400 δὲ
1271 1336 1338 1406 ἃς
1384 1336 1595 1421 ἠθικὰς
1642 1340 1930 1421 καλοῦμεν
1979 1338 2094 1399 ἀπὸ
2141 1341 2241 1399 τοῦ
2294 1337 2388 1399 διὰ
2434 1337 2590 1401 ἐθῶν
2636 1361 2802 1401 τινων
2849 1336 3086 1419 ἐγγίγνε·
3114 1352 3170 1395 2⁰

593 1444 757 1517 σθαι,
810 1446 916 1523 τῆς
960 1440 1025 1503 δὲ
1069 1442 1439 1524 διανοητικῆς
1483 1440 1759 1523 ἐνέργειαι
1806 1440 1912 1522 μὲν
1958 1442 2016 1503 αἱ
2060 1443 2300 1521 γνώσεις
2343 1444 2448 1523 τῆς
2492 1440 2724 1524 φύσεως
2767 1444 2882 1502 τῶν
2929 1463 3088 1523 γενη-

592 1549 708 1609 τῶν
754 1546 851 1607 καὶ
895 1542 1049 1612 ὅλως
1091 1546 1206 1605 τῶν
1255 1542 1653 1627 ἐνδεχομένων
1698 1543 1894 1611 ἄλλως
1939 1540 2117 1627 ἔχειν,
2165 1544 2344 1626 ἀρετὴ
2391 1544 2456 1605 δὲ
2500 1542 2634 1607 καθ’
2677 1544 2747 1626 ἢν
2793 1545 2832 1626 ἡ
2876 1546 3086 1625 γνῶσις

588 1654 691 1731 τῆς
743 1648 804 1710 ἐν
858 1645 1079 1714 τούτοις
1140 1646 1450 1729 ἀληθείας,
1514 1651 1618 1729 τῆς
1682 1646 1745 1707 δὲ
1806 1650 2080 1729 νοητικῆς
2133 1644 2390 1729 ἐνέργεια
2446 1646 2550 1728 μὲν
2613 1648 2652 1729 ἡ
2707 1651 2918 1728 γνῶσις
2972 1650 3086 1708 τῶν
3115 1662 3169 1703 εὖ

588 1752 791 1815 ἀιδίων
846 1750 1091 1825 οὐσιῶν,
1148 1749 1327 1832 ἀρετὴ
1383 1749 1449 1813 δὲ
1508 1746 1643 1811 καθ’
1699 1748 1770 1831 ἢν
1828 1750 1868 1831 ἡ
1926 1748 2143 1811 τούτων
2202 1746 2208 1833 Ι
2267 1749 2496 1832 ἀληθὴς
2549 1750 2760 1832 γίνεται
2810 1752 3036 1831 γνῶσις.
3084 1756 3190 1813 286

486 1874 549 1924 15
588 1854 772 1923 οὕτως
825 1854 890 1916 δὲ
948 1857 1063 1915 τῶν
1118 1852 1339 1936 ἀρετῶν
1397 1850 1786 1935 διῃρημένων,
1841 1853 1924 1921 τίς
1969 1853 2120 1916 ἐστιν
2166 1854 2386 1938 ἑκάστη
2441 1854 2536 1917 καὶ
2589 1854 2646 1917 τί
2695 1850 2860 1938 ἔργον
2905 1853 3086 1936 αὐτῆς

586 1960 680 2022 καὶ
727 1957 877 2039 τίςή
919 1957 1004 2025 εἰς
1046 1955 1411 2038 εὐδαιμονίαν
1458 1954 1777 2031 συντέλεια,
1823 1957 1940 2019 ἀπὸ
1983 1960 2099 2018 τῶν
2145 1953 2328 2040 ἔργων
2373 1979 2436 2019 τε
2481 1958 2576 2020 καὶ
2622 1956 2922 2041 ἐνεργειῶν
2968 1960 3084 2018 τῶν
3151 1948 3164 1959 ’

589 2060 861 2144 ἑκατέρας
904 2064 1010 2143 τῆς
1052 2062 1287 2142 λογικῆς
1342 2058 1641 2142 δυνάμεως
1686 2059 2029 2142 εὑρίσκεται.
2119 2058 2283 2144 ἔργον
2339 2060 2523 2123 τοίνυν
2575 2064 2679 2142 τῆς
2725 2060 2828 2143 μὲν
2875 2060 3087 2142 ὀρεκτι-
3141 2076 3168 2118 ὅ

589 2170 697 2248 κῆς
739 2165 1041 2247 δυνάμεως
1085 2164 1144 2225 αἱ
1176 2162 1406 2246 πράξεις
1450 2163 1512 2224 αἱ
1540 2162 1671 2245 περὶ
1712 2163 1926 2245 ἡδονάς
1969 2186 2033 2225 τε
2077 2164 2172 2226 καὶ
2203 2162 2408 2238 λύπας,
2454 2163 2557 2231 τὰς
2589 2164 2690 2244 μὲν
2737 2163 3086 2249 αἱρουμένης

586 2292 651 2331 τε
695 2268 791 2331 καὶ
836 2266 1187 2348 διωκούσης,
1242 2266 1345 2333 τὰς
1390 2265 1454 2328 δὲ
1499 2265 2040 2350 ἀποστρεφομένης,
2101 2267 2194 2329 καὶ
2239 2266 2365 2331 ἐπεὶ
2410 2266 2662 2351 πέφυκεν
2708 2266 2768 2329 ἐν
2813 2272 2932 2335 τοῖς
2975 2290 3088 2329 τοι·

480 2391 547 2439 20
584 2372 769 2441 ούτοις
814 2374 1011 2445 πᾶσιν,
1056 2370 1115 2432 ἐν
1160 2368 1247 2437 οἷς
1290 2368 1443 2431 ἐστιν
1477 2369 1767 2453 ὑπερβολή
1813 2392 1878 2431 τε
1923 2371 2018 2433 καὶ
2064 2366 2332 2452 ἔλλειψις,
2378 2372 2415 2454 ἡ
2460 2371 2562 2452 μὲν
2607 2371 2848 2454 ἀμετρία
2893 2372 3074 2455 φθαρ-
3103 2388 3157 2431 ιο

586 2476 715 2559 τικὴ
772 2473 918 2537 εἶναι
972 2477 1075 2535 τοῦ
1130 2472 1191 2535 ἐν
1246 2472 1511 2539 ἑκάστοις
1555 2470 1744 2535 αὐτῶν
1790 2470 1888 2549 εὖ,
1944 2477 2200 2537 τοιοῦτον
2247 2474 2311 2536 δὲ
2356 2475 2396 2557 ἥ
2441 2496 2504 2537 τε
2548 2473 2839 2558 ὑπερβολὴ
2895 2474 2992 2537 καὶ
3045 2476 3082 2556 ἡ

585 2576 854 2662 ἔλλειψις,
901 2578 940 2659 ἡ
987 2576 1053 2640 δὲ
1099 2575 1418 2658 συμμετρία
1460 2573 1741 2639 σωστικόν
1787 2599 1852 2638 τε
1897 2580 1996 2638 τοῦ
2043 2574 2108 2639 εὖ
2153 2576 2250 2639 καὶ
2285 2575 2580 2660 ποιητικόν
2627 2575 2740 2658 (ὡς
2784 2578 2960 2658 δῆλον
2990 2576 3093 2639 ἐπί

585 2705 646 2745 τε
688 2686 803 2744 τῶν
842 2679 1172 2763 γυμνασίων
1218 2679 1313 2741 καὶ
1352 2682 1469 2741 τῶν
1515 2684 1771 2762 τροφῶν·
1841 2680 1938 2742 καὶ
1983 2679 2092 2763 γὰρ
2137 2681 2194 2743 αἱ
2240 2684 2356 2743 τῶν
2400 2681 2728 2762 γυμνασίων
2775 2681 3094 2765 ὑπερβολαί
3116 2695 3167 2737 ιε

584 2808 645 2847 τε
698 2785 796 2847 καὶ
849 2781 1061 2847 ἔνδειαι·
1110 2787 1215 2865 τῆς
1261 2781 1505 2857 εὐεξίας,
1552 2782 1592 2865 ἥ
1638 2782 1721 2851 τίς
1764 2784 1916 2846 ἐστιν
1963 2783 2139 2866 ἀρετὴ
2187 2787 2286 2845 τοῦ
2337 2786 2631 2865 σώματος,
2677 2784 2998 2867 φθαρτικοί,
3044 2785 3083 2866 ἡ

477 2908 543 2957 25
582 2888 647 2953 δὲ
693 2887 1019 2971 συμμετρία
1061 2886 1254 2949 αὐτῶν
1308 2887 1405 2949 καὶ
1448 2886 1487 2968 ἡ
1534 2884 1787 2968 μεσότης
1840 2887 1939 2949 καὶ
1983 2887 2258 2971 ποιητικὰ
2313 2888 2494 2970 αὐτῆς
2546 2887 2643 2950 καὶ
2688 2888 2996 2970 τηρητικά,
3053 2885 3087 2947 ὅ

583 2992 704 3055 ἐστι
758 2991 825 3052 τὸ
869 2990 930 3052 ἐν
975 2990 1197 3058 τούτοις
1240 2986 1334 3051 εὖ·
1404 2988 1555 3051 ἀλλὰ
1599 2990 1697 3052 καὶ
1741 2995 1858 3052 τῶν
1911 2991 2104 3054 σιτίων
2149 2992 2318 3053 πάλιν
2364 2993 2424 3054 αἱ
2471 2992 2574 3073 μὲν
2621 2990 2938 3074 ὑπερβολαὶ
2982 2989 3079 3051 καὶ

582 3092 793 3157 ἔνδειαι
836 3098 941 3177 τῆς
986 3092 1181 3174 ὑγείας
1228 3092 1341 3155 εἰσὶ
1387 3092 1729 3176 φθαρτικαί,
1784 3094 1845 3155 αἱ
1900 3093 1965 3155 δὲ
2009 3094 2349 3177 συμμετρίαι
2403 3094 2698 3177 ποιητικαί
2734 3115 2798 3155 τε
2845 3094 2940 3155 καὶ
2986 3108 3164 3175 ‘cvr-20

582 3196 832 3281 ρητικαί·
882 3196 1066 3264 οὕτως
1110 3196 1175 3259 δὲ
1219 3196 1316 3258 καὶ
1360 3195 1456 3258 ἐπὶ
1498 3199 1613 3258 τῶν
1658 3195 1867 3258 παθῶν
1900 3193 2027 3280 ἔχει
2073 3197 2166 3259 καὶ
2210 3201 2326 3259 τῶν
2371 3197 2500 3280 περὶ
2544 3200 2723 3259 ταῦτα
2768 3194 3079 3277 πράξεων),

581 3302 642 3363 αἱ
690 3301 793 3381 μὲν
840 3300 1154 3384 ὑπερβολαὶ
1197 3297 1391 3362 αὐτῶν
1446 3300 1541 3362 καὶ
1586 3300 1645 3361 αἱ
1692 3297 1906 3362 ἔνδειαι
1958 3303 2060 3361 τοῦ
2105 3297 2171 3362 εὖ
2215 3304 2318 3362 τοῦ
2372 3300 2432 3362 ἐν
2477 3299 2698 3367 τούτοις
2741 3299 2852 3361 εἰσὶ
2897 3298 3082 3382 φθαρ-

486 3422 555 3471 30
591 3406 763 3476 τικαί,
810 3404 869 3465 αἱ
914 3402 981 3465 δὲ
1024 3402 1364 3486 συμμετρίαι
1407 3403 1704 3485 ποιητικαί
1742 3424 1804 3463 τε
1836 3402 1932 3465 καὶ
1975 3403 2294 3487 τηρητικαί,
2341 3403 2436 3465 καὶ
2481 3402 2608 3464 ἐπεί
2650 3402 2768 3465 ἐστι
2814 3402 2878 3464 τὸ
2924 3399 2990 3463 εὖ
3021 3402 3082 3465 ἐν
3109 3416 3163 3459 2⁵

580 3509 752 3569 πᾶσιν
808 3506 846 3587 ἡ
894 3504 1077 3567 οἰκεία
1130 3505 1309 3588 ἀρετὴ
1364 3505 1462 3567 καὶ
1517 3509 1629 3567 πᾶν
1684 3506 1750 3567 τὸ
1795 3505 2089 3587 γινόμενον
2143 3503 2268 3567 κατ’
2325 3504 2556 3589 ἀρετήν,
2616 3505 2922 3589 συμβαίνει
2978 3505 3080 3573 τὰς

580 3609 709 3691 περὶ
756 3611 933 3671 ταῦτα
977 3607 1184 3689 ἀρετὰς
1228 3608 1605 3674 συνίστασθαι
1652 3607 1992 3693 συμΙμετρία
2037 3606 2297 3690 πράξεων
2331 3629 2394 3669 τε
2440 3607 2535 3668 καὶ
2579 3608 2806 3670 παθῶν.
2897 3610 2937 3692 ἥ
2971 3632 3033 3673 τε
3077 3617 3181 3672 287

579 3711 688 3794 γὰρ
734 3708 1081 3794 σωφροσύνη
1128 3710 1427 3794 φθείρεται
1474 3712 1576 3794 μὲν
1618 3711 1729 3775 ὑπό
1776 3712 1896 3794 [τε]
1940 3717 2044 3795 τῆς
2087 3716 2202 3773 τῶν
2246 3711 2470 3793 ἡδονῶν
2505 3710 2829 3795 ὑπερβολῆς
2874 3736 2937 3774 τε
2981 3714 3075 3775 καὶ

581 3813 802 3882 ἐνδείας
844 3812 1091 3887 τούτων,
1146 3814 1277 3897 περὶ
1330 3813 1399 3883 ἃς
1449 3813 1701 3899 πέφυκεν
1756 3816 1936 3899 ἀρετὴ
1993 3815 2097 3896 μὲν
2150 3814 2410 3896 γίνεσθαι
2465 3813 2844 3897 σωφροσύνη,
2899 3816 3073 3878 κακία

1119 3968 1271 3975 ———

473 4062 505 4114 2
542 4060 595 4114 δὲ
638 4060 755 4113 add.
792 4059 958 4115 S²B²a
992 4062 1081 4127 Sp.
1294 4062 1327 4112 4
1366 4060 1530 4131 διττὴ]
1578 4060 1610 4129 ὴ
1648 4062 1704 4114 in
1742 4062 1820 4113 lit.
1857 4065 1906 4111 V
2121 4060 2180 4131 δὴ
2221 4062 2300 4127 (in
2337 4060 2436 4129 lit.)
2478 4064 2596 4113 VB:
2636 4060 2688 4114 δὲ
2726 4064 2848 4116 Gsa
2883 4064 2971 4129 Sp.

472 4150 504 4204 5
542 4146 821 4217 πείθεσθαι]
868 4144 1181 4220 ἐπιδέχεσθαι
1217 4165 1249 4199 ει
1286 4150 1374 4216 Sp.
1582 4146 1743 4218 λόγῳ]
1778 4148 1926 4217 λόγον
1965 4166 1998 4201 a
2031 4151 2119 4215 Sp.
2319 4147 2496 4218 λόγου]
2533 4147 2680 4218 λόγον
2719 4149 2892 4202 vien?
2929 4152 3016 4217 Sp.

472 4238 503 4290 6
542 4234 803 4310 ὀρεκτικὴ]
841 4254 907 4287 κτ
940 4236 996 4287 in
1036 4236 1113 4287 lit.
1140 4237 1187 4285 V
1400 4236 1429 4287 7
1470 4236 1603 4309 αὐτῇ
1629 4240 1674 4287 V
1889 4235 1919 4287 9
1960 4236 2200 4307 ἐνεργείᾳ]
2241 4238 2284 4289 εί
2320 4236 2435 4289 add.
2474 4236 2548 4289 V²
2760 4244 2880 4305 post
2916 4238 3182 4309 ὀρεκτικῆς

471 4326 588 4378 add.
627 4325 862 4397 ἐνέργειαι
899 4323 989 4391 μὲν
1024 4322 1097 4373 V²
1276 4324 1356 4376 10.
1400 4324 1457 4375 ll
1499 4322 1825 4394 ἐγγίγνεσθαι]
1865 4324 1968 4393 ἐγγί
2005 4326 2060 4376 in
2098 4324 2174 4375 lit.
2215 4328 2263 4374 V
2481 4324 2542 4375 12
2580 4324 2730 4394 ἀρετὴ
2768 4329 2826 4377 Μ
2863 4324 3035 4377 vict?
3063 4329 3178 4394 Sp.:

471 4414 651 4483 ἀρετὴν
671 4415 755 4463 Va
924 4410 986 4463 13
1024 4410 1239 4480 ἐνέργεια
1264 4414 1345 4463 M:
1384 4410 1615 4482 ἐνέργειαι
1640 4414 1754 4479 Sp.:
1793 4412 2028 4481 ἐνεργείαι
2052 4411 2249 4464 viem:
2288 4411 2533 4480 ἐνέργειασ
2572 4413 2623 4478 (a
2660 4426 2786 4463 corr.
2813 4412 3032 4465 fortasse
3061 4416 3114 4465 in
3142 4416 3179 4477 ι)

474 4504 535 4553 V:
572 4498 814 4569 ἐνεργείας
848 4501 971 4551 LFa
1152 4499 1213 4551 14
1251 4498 1455 4567 γίνεται]
1496 4518 1630 4552 νεται
1665 4500 1721 4551 in
1758 4500 1834 4551 lit.
1876 4504 1922 4549 V
2143 4500 2204 4551 15
2241 4504 2434 4569 αρετῶν
2472 4503 2516 4550 V
2719 4500 2909 4571 ἑκάστη
2947 4504 3027 4552 Ba
3063 4504 3178 4568 Sp.:

470 4588 683 4641 ἑκάστου
721 4587 773 4654 (ά
799 4603 840 4639 s.
866 4586 937 4652 v.)
966 4588 1056 4636 VF
1222 4584 1270 4637 τί
1304 4586 1405 4651 (τό)
1433 4588 1566 4638 coni.
1594 4590 1682 4654 Sp.
1869 4587 1930 4639 18
1967 4586 2232 4654 δυναμεωσ
2261 4592 2307 4637 V
2473 4587 2792 4657 αἱρουμένης]
2820 4606 2852 4655 η
2881 4589 2938 4639 in
2963 4588 3040 4640 lit.
3063 4592 3108 4639 V

471 4674 532 4727 21
581 4694 637 4727 τε
679 4675 766 4728 καὶ
800 4692 833 4725 a.
877 4675 966 4740 Sp.
1145 4672 1211 4724 22
1273 4692 1329 4726 τε
1375 4672 1488 4742 τοῦ]
1549 4675 1638 4743 μὲν
1696 4678 1784 4727 τοῦ
1830 4694 1863 4727 a
1908 4678 1998 4742 Sp.
2229 4674 2294 4727 29
2351 4675 2441 4727 alt.
2489 4675 2539 4726 αἱ
2585 4690 2626 4726 S.
2655 4692 2702 4725 v.
2749 4678 2868 4727 VB:
2927 4691 3027 4727 om.
3066 4678 3182 4729 SFa

470 4764 559 4829 Sp.
736 4760 803 4813 32
849 4760 1033 4817 ταύτας
1069 4778 1102 4813 ει
1267 4761 1467 4832 ἀρετὰς]
1507 4763 1565 4820 ὰς
1601 4764 1655 4815 in
1690 4764 1768 4817 lit.
1807 4767 1851 4814 V
2021 4760 2361 4830 συνίστασθαι]
2400 4777 2488 4814 συν
2525 4764 2582 4814 in
2620 4761 2696 4815 lit.
2732 4766 2781 4816 V
2992 4763 3059 4815 33
3103 4780 3178 4833 pr.

470 4868 525 4903 τε
562 4848 658 4903 del.
698 4849 984 4903 Schwartz:
1023 4848 1113 4900 alt.
1152 4852 1240 4917 Sp.
