3684 5567
1499 152 1783 211 BIBAION
1820 152 2078 212 TPITON
2119 156 2182 209 12
3070 158 3190 223 103

603 329 663 392 ἐν
710 330 791 413 μὴ
844 326 1179 413 δεχομένοις
1231 328 1381 398 τάξιν
1427 329 1740 413 πράγμασι.
1829 328 1890 391 τί
1925 328 2032 412 γὰρ
2081 331 2298 410 μᾶλλον
2353 330 2412 391 ἐν
2469 335 2586 399 τοῖς
2639 332 2894 415 ἀπείροις
2953 329 3084 391 τόδε
3111 346 3164 387 15

600 432 709 516 πρὸ
751 432 949 508 τοῦδε,
1002 431 1097 493 καὶ
1139 432 1205 493 τὸ
1252 432 1353 513 μὲν
1400 434 1625 514 πρῶτον
1679 432 1745 493 τὸ
1798 427 1848 493 δ’
1908 431 2170 513 ὕστερον,
2226 429 2296 493 οὖ
2341 432 2524 516 χωρὶς
2577 432 2689 518 οὐχ
2734 432 2854 495 οἶόν
2906 456 2970 496 τε
3013 432 3078 495 τὸ

599 535 771 598 ἕνεκά
812 558 913 597 του
964 532 1256 617 γινόμενον
1310 533 1609 617 γενέσθαι;
1665 537 1790 602 πῶς
1832 532 1940 617 γὰρ
1987 532 2055 595 ἂν
2099 532 2405 616 ἄνθρωπος
2460 535 2498 617 ἢ
2551 534 2722 602 ἵππος
2775 534 2814 617 ἥ
2861 558 2912 597 τι
2963 540 3078 597 τῶν

600 637 791 701 ἄλλων
836 641 951 699 τῶν
995 636 1165 720 φύσει
1206 636 1518 719 γινομένων
1549 636 1785 718 γένοιτο,
1832 635 2234 719 ἀναιρεθέντος
2277 640 2378 698 τοῦ
2409 637 2474 699 τὸ
2508 636 2611 718 μέν
2641 660 2692 699 τι
2735 637 2879 701 εἶναι
2923 644 3075 722 πρῶ·
3102 656 3158 697 20

529 759 559 809 5
605 762 699 802 τον
743 743 859 801 τῶν
905 740 987 807 εἰς
1028 738 1177 801 αὐτὰ
1221 738 1663 817 συντελούντων,
1710 740 1775 801 τὸ
1821 738 1886 801 δὲ
1931 738 2194 821 δεύτερον
2239 739 2335 800 καὶ
2381 736 2686 822 ἄνθρωπον
2735 740 2837 821 μὲν
2883 740 2944 810 ἐξ
2986 742 3079 803 ἀν-

601 844 865 927 θρώπου,
912 842 1083 905 ἵππον
1129 842 1194 905 δὲ
1238 840 1297 910 ἐξ
1341 841 1518 904 ἵππου
1548 842 1807 923 γίνεσθαι
1853 840 1997 903 κατὰ
2041 840 2233 923 φύσιν,
2279 839 2469 903 οὐσῶν
2516 846 2630 903 τῶν
2675 842 2876 926 ἀρχῶν
2922 845 3078 907 ἀπεί-

598 969 711 1028 ρων
758 968 819 1009 τε
865 946 957 1009 καὶ
1002 945 1155 1015 τάξιν
1200 944 1267 1009 οὖ
1294 944 1657 1029 δεχομένων;
1702 944 1761 1007 τί
1798 942 1906 1026 γὰρ
1951 942 2015 1005 τὸ
2062 942 2131 1005 τὰ
2170 941 2378 1027 ἄπειρα
2424 943 2618 1024 τάξον;
2665 946 2716 1007 εἰ
2759 943 2809 1007 δ’
2854 947 3074 1030 ἀνάγκη

596 1048 699 1131 μὲν
743 1048 897 1133 τύχῃ
942 1070 1005 1111 τε
1048 1049 1144 1110 καὶ
1186 1052 1273 1133 τῷ
1318 1046 1631 1130 αὐτομάτῳ
1676 1048 1781 1130 τὴν
1821 1045 2081 1130 ἀπειρίαν
2126 1045 2488 1121 διοικεῖσθαι,
2535 1046 2649 1131 οὐχ
2694 1048 2845 1111 οὕτω
2891 1049 2956 1111 δὲ
2999 1072 3076 1131 γι-
3103 1066 3156 1109 εὖ

592 1150 805 1233 νόμενα
847 1151 1109 1236 φαίνεται
1152 1150 1223 1213 τὰ
1267 1148 1533 1233 γινόμενα
1581 1148 1587 1233 Ι
1634 1149 1735 1231 (τὰ
1774 1147 1884 1231 γὰρ
1929 1148 1967 1230 ἢ
2014 1147 2229 1229 ὁμοίως
2271 1148 2364 1210 ἀεὶ
2418 1148 2454 1231 ἢ
2503 1152 2582 1217 ὡς
2626 1150 2720 1213 ἐπὶ
2773 1152 2838 1213 τὸ
2884 1156 3037 1215 πλεῖ·
3081 1161 3178 1218 198

492 1274 555 1321 10
594 1274 724 1316 στον
768 1254 1035 1337 γινόμενα
1079 1251 1279 1337 πόρρω
1322 1254 1675 1337 κεχώρισται
1724 1255 1839 1313 τῶν
1885 1250 2316 1334 προειρημένων
2361 1251 2585 1326 αἰτίων,
2638 1252 2790 1316 οὕτω
2835 1256 2899 1317 δὲ
2945 1257 3074 1339 ὁρᾶ-

590 1381 682 1420 ται
733 1356 807 1419 τὰ
854 1355 1121 1439 γινόμενα
1174 1355 1321 1419 κατὰ
1372 1355 1602 1440 φύσιν),
1656 1351 1929 1436 ἀναιροῖτ’
1987 1350 2054 1414 ἂν
2110 1353 2206 1415 καὶ
2259 1356 2373 1413 τῶν
2437 1354 2639 1438 ἀρχῶν
2692 1378 2756 1417 τε
2807 1359 2904 1421 καὶ
2956 1364 3070 1423 τῶν

586 1459 766 1524 ὄντων
820 1459 1066 1543 ἀπειρία.
1154 1459 1211 1521 τί
1257 1460 1391 1543 γάρ;
1446 1460 1498 1521 εἰ
1554 1458 1832 1522 ἀδύνατον
1886 1454 2119 1537 ἄπειρον
2173 1454 2410 1539 ἀπείρου
2461 1460 2656 1537 μεῖζον
2708 1457 2872 1537 εἶναι,
2927 1462 3074 1525 κατὰ
3125 1480 3154 1521 5

587 1565 651 1628 δὲ
694 1563 795 1633 τὰς
847 1561 1013 1632 δόξας
1064 1567 1179 1624 τῶν
1239 1562 1509 1646 ἀπείρους
1560 1561 1661 1631 τὰς
1716 1559 1906 1645 ἀρχὰς
1957 1556 2102 1621 εἶναι
2155 1557 2470 1640 τιθεμένων
2525 1559 2592 1622 οὐ
2653 1564 2822 1625 τοῦτο
2877 1565 3070 1645 μόνον,

585 1667 732 1730 ἀλλὰ
776 1667 874 1730 καὶ
920 1664 1129 1749 ἄπειρα
1170 1665 1389 1739 πολλά,
1443 1666 1660 1746 μᾶλλον
1714 1660 1766 1725 δ’
1822 1662 2120 1744 ἀπειράκις
2175 1659 2385 1745 ἄπειρα
2438 1660 2635 1726 ἕπεται
2681 1664 2829 1728 εἶναί
2867 1690 2930 1729 τε
2975 1670 3070 1732 καὶ

483 1790 543 1839 15
578 1770 837 1853 γίνεσθαι
890 1768 1091 1850 λέγειν,
1156 1770 1281 1836 πῶς
1332 1766 1400 1830 ἄν
1448 1790 1532 1835 τις
1576 1767 1683 1830 οὐκ
1726 1764 2104 1847 ἀτοπωτάτην
2152 1763 2432 1848 ὑπολάβοι
2485 1766 2655 1849 τήνδε
2717 1768 2818 1851 τὴν
2872 1768 3066 1853 δόξανς
3096 1788 3151 1831 ιο

584 1873 819 1956 ἄπειρον
862 1871 972 1956 γὰρ
1002 1872 1239 1955 ἀπείρου
1284 1872 1480 1952 μεῖζον
1525 1869 1639 1955 οὐχ
1683 1866 1802 1931 οἷόν
1847 1890 1911 1930 τε
1939 1866 2122 1949 λέγειν
2167 1866 2332 1943 εἶναι,
2378 1863 2441 1929 εἴ
2474 1889 2537 1948 γε
2583 1869 2648 1931 τὸ
2683 1870 2786 1951 μὲν
2831 1868 3066 1956 ἄπειρον

581 1978 800 2058 ἀνάγκη
864 1977 1162 2060 πανταχοῦ
1226 1974 1410 2054 λέγειν
1466 1971 1637 2047 εἶναι,
1704 1972 1799 2034 καὶ
1854 1970 2040 2031 πάντα
2092 1969 2360 2053 κατέχειν
2411 1968 2605 2033 τόπον.
2705 1970 2896 2037 οὐκέτι
2958 1976 3066 2060 γὰρ

580 2078 815 2163 ἄπειρον
868 2080 933 2141 τὸ
989 2078 1071 2161 μὴ
1130 2076 1195 2140 ὃν
1250 2079 1567 2161 πανταχοῦ.
1673 2074 1739 2137 τὸ
1791 2072 1902 2157 γὰρ
1957 2074 2252 2135 ὑπολιπεῖν
2316 2095 2439 2135 τινα
2491 2075 2588 2135 καὶ
2640 2072 2802 2159 ἄλλῳ
2860 2079 3062 2161 χώραν

579 2180 1046 2267 πεπερασμένου,
1107 2183 1210 2242 τοῦ
1254 2178 1318 2241 δὲ
1359 2176 1617 2240 τοιούτου
1675 2176 1841 2239 οὐδὲν
1896 2174 2198 2259 ὑπερέχειν
2243 2173 2365 2237 οἷόν
2409 2198 2500 2248 τε,
2556 2175 2690 2239 οὐδὲ
2734 2178 2866 2261 παρ’
2923 2182 3064 2244 αὐτὸ
3094 2198 3146 2239 15

472 2306 541 2352 20
575 2284 717 2349 ἄλλο
760 2284 927 2361 εἶναι,
986 2284 1068 2367 μὴ
1112 2280 1199 2345 ὅτι
1245 2279 1499 2364 ἄπειρον,
1560 2278 1688 2343 ἀλλ’
1744 2278 1882 2341 οὐδὲ
1925 2276 2376 2361 πεπερασμένον.
2467 2277 2658 2342 οὐκέτι
2700 2279 2808 2363 γὰρ
2855 2279 2923 2345 ἂν
2968 2281 3060 2368 εἴη

578 2392 875 2473 πανταχοῦ
931 2387 1134 2455 οὕτως.
1222 2385 1375 2447 ὥστε
1426 2380 1558 2446 καθ’
1616 2380 1716 2451 οὓς
1767 2382 1951 2444 πλείω
2003 2382 2076 2443 τὰ
2129 2380 2366 2465 ἄπειρα,
2427 2380 2592 2444 οὐδὲν
2647 2382 2716 2445 ἂν
2769 2382 2868 2467 εἴη,
2917 2385 3063 2450 κατὰ

576 2491 813 2561 τούτους
856 2491 1057 2558 ἁπλῶς
1102 2487 1356 2571 ἄπειρον.
1423 2487 1477 2549 εἰ
1518 2485 1629 2569 γὰρ
1673 2485 1855 2548 πλείω
1899 2485 1970 2547 τὰ
2007 2484 2234 2566 ἄπειρα,
2280 2483 2472 2547 οὐκέτι
2513 2485 2580 2548 τὸ
2623 2484 2856 2569 ἄπειρον
2901 2486 3063 2552 ἔσται
3087 2507 3144 2549 ευ

573 2598 892 2679 πανταχοῦ,
937 2591 1099 2658 ἔσται
1140 2614 1205 2654 τε
1234 2589 1470 2674 ἄπειρον
1514 2589 1753 2673 ἀπείρου
1788 2593 2007 2671 μεῖζον,
2052 2588 2198 2670 εἴγε
2241 2589 2314 2650 τά
2357 2611 2420 2650 τε
2451 2589 2552 2652 δύο
2583 2588 2794 2673 ἄπειρα
2839 2592 3059 2677 ἀνάγκη

575 2696 691 2781 [τε]
733 2702 836 2760 τοῦ
882 2697 1009 2765 ἑνὸς
1052 2693 1385 2779 ὑπερέχειν,
1438 2693 1531 2755 καὶ
1578 2691 1811 2776 ἄπειρον
1865 2693 1962 2755 καὶ
2003 2694 2070 2755 τὸ
2116 2692 2182 2754 ἐκ
2225 2695 2340 2753 τῶν
2394 2692 2496 2754 δύο
2541 2692 2796 2777 ἀπείρων
2843 2696 3060 2778 συγκεί-

464 2820 531 2868 25
569 2823 755 2882 μενον.
844 2800 1011 2861 πάλιν
1056 2794 1107 2861 δ’
1164 2794 1238 2860 αῦ
1281 2798 1351 2860 τὰ
1397 2797 1524 2880 τρία
1570 2797 1748 2880 μείζω
1793 2798 1908 2860 τῶν
1955 2795 2088 2869 δύο,
2141 2796 2237 2858 καὶ
2283 2795 2436 2857 οὕτω
2481 2796 2905 2879 προστιθέντων
2952 2798 3045 2863 ἐπ’
3083 2816 3138 2859 25

572 2902 807 2986 ἄπειρον
852 2904 892 2985 ἡ
936 2899 1172 2985 αὔξησις
1214 2905 1316 2963 τοῦ
1362 2900 1599 2983 ἀπείρου
1652 2898 2084 2983 προελεύσεται.
2173 2898 2210 2981 ἢ
2255 2898 2365 2982 γὰρ
2411 2897 2514 2960 οὐκ
2559 2898 2784 2983 ἐροῦσιν
2838 2902 2910 2965 τὰ
2955 2902 3056 2966 δύο

567 3004 776 3089 ἄπειρα
818 3008 918 3067 τοῦ
964 3005 1091 3073 ἑνὸς
1122 3004 1305 3087 μείζω
1334 3026 1397 3066 τε
1426 3005 1521 3065 καὶ
1552 3006 1753 3077 πλείω,
1798 3001 1895 3064 καὶ
1938 3000 2140 3085 οῦΙτως
2183 2999 2380 3069 αὐτοῖς
2423 3002 2783 3086 συμβήσεται
2829 3004 3018 3091 ἀμερῆ
3066 3012 3160 3071 199

565 3108 637 3171 τὰ
679 3107 887 3192 ἄπειρα
916 3107 1098 3191 λέγειν
1143 3108 1240 3190 (ἐκ
1283 3106 1389 3189 γὰρ
1436 3112 1539 3188 τῆς
1579 3109 1691 3169 τῶν
1737 3102 2010 3167 τοιούτων
2044 3102 2378 3173 συνθέσεως
2424 3102 2614 3184 μόνων
2645 3105 2812 3169 οὐδὲν
2859 3112 3055 3188 μεῖζον

566 3211 813 3274 ἑκάστου
858 3215 973 3273 τῶν
1029 3208 1089 3271 ἐν
1141 3213 1215 3293 τῇ
1264 3209 1533 3273 συνθέσει
1584 3210 1651 3271 τὸ
1696 3208 1761 3271 ἐκ
1814 3208 2042 3270 πάντων
2089 3207 2486 3291 συγκείμενον,
2541 3208 2573 3272 ὃ
2627 3214 2749 3279 ταῖς
2793 3216 3054 3294 στιγμαῖς

461 3332 529 3382 3ο
566 3314 893 3400 συμβέβηκε
940 3312 1195 3396 μόναις),
1251 3312 1321 3397 ἥ,
1376 3313 1427 3376 εἰ
1474 3316 1643 3375 τοῦτο
1688 3313 2082 3393 ἀλογώτατον,
2136 3310 2231 3373 καὶ
2275 3310 2346 3373 τὰ
2392 3310 2487 3374 ἴσα
2539 3313 2923 3398 συντιθέμενα
2965 3316 3055 3377 ἀν-
3107 3332 3136 3375 5

564 3418 715 3501 άγκη
759 3417 825 3479 τὸ
870 3416 1069 3478 λοιπὸν
1124 3420 1303 3478 ποιεῖν
1350 3417 1675 3490 διπλάσιον,
1731 3410 1892 3477 ἔσται
1935 3414 2000 3475 τὸ
2053 3412 2124 3476 ἐκ
2163 3416 2280 3475 τῶν
2335 3414 2438 3478 δύο
2494 3416 2746 3501 ἀπείρων
2802 3418 3054 3483 συντιθέ-

566 3543 731 3603 μενον
782 3520 1109 3595 διπλάσιον,
1154 3514 1251 3582 καὶ
1294 3519 1477 3587 οὕτως
1523 3515 1683 3580 ἔσται
1727 3540 1779 3579 τι
1825 3516 1923 3579 καὶ
1967 3514 2088 3579 ἴσον
2135 3514 2372 3599 ἄπειρον
2417 3518 2670 3603 ἀπείρῳ,
2717 3521 2812 3583 καὶ
2859 3522 3053 3584 διπλά-

561 3644 683 3686 σιον
730 3622 873 3686 ἄλλο
916 3622 1096 3685 ἄλλου
1138 3624 1236 3685 καὶ
1283 3623 1481 3707 ἥμισυ,
1528 3621 1681 3683 οῦτω
1713 3620 1777 3682 δὲ
1807 3618 1904 3682 καὶ
1936 3620 2264 3702 τριπλάσιον
2295 3617 2443 3705 <καὶ>
2472 3620 2566 3683 ἐπ’
2609 3621 2846 3707 ἄπειρον
2891 3623 3052 3693 αὐξό-
3081 3643 3134 3684 ιο

563 3749 761 3811 μενον,
818 3725 886 3789 οὖ
931 3724 987 3788 τί
1026 3722 1231 3809 γένοιτ’
1286 3724 1355 3788 ἂν
1402 3725 1791 3807 ἀλογώτερον;
1854 3719 1937 3784 ἔτι
1991 3720 2042 3783 δ’
2099 3723 2406 3805 ἀναγκαῖον
2451 3726 2546 3787 καὶ
2591 3730 2705 3789 τῶν
2750 3726 3048 3812 τυχόντων

352 3884 356 3886 ,
455 3848 522 3899 35
560 3830 807 3914 μέγεθος
849 3827 1136 3915 ἐχόντων,
1191 3828 1442 3913 ἀπείρων
1490 3828 1553 3891 δὲ
1596 3826 1744 3890 κατὰ
1798 3826 1895 3888 τὸν
1942 3825 2190 3909 ἀριθμὸν
2244 3827 2346 3908 τὴν
2403 3826 2668 3891 σύνθεσιν
2715 3827 2950 3915 ἄπειρόν
2995 3856 3048 3895 τι

560 3932 807 4017 μέγεθος
834 3936 1039 4009 ποιεῖν,
1085 3932 1251 3995 οὐδὲν
1284 3932 1348 3995 δὲ
1378 3929 1500 3995 οἷόν
1528 3929 1643 4015 <τε>
1672 3930 1876 3994 τούτου
1919 3934 2021 3992 τοῦ
2069 3929 2350 4012 μεγέθους
2395 3932 2588 4013 μεῖζον
2620 3930 2783 4010 εἶναι,
2831 3936 3050 4021 ἀνάγκη
3080 3954 3132 3996 15

452 4155 485 4208 3
509 4156 599 4208 alt.
622 4155 657 4224 ἡ
677 4158 727 4205 V
867 4156 901 4208 4
926 4158 1075 4207 τοῦτο
1101 4156 1189 4221 Sp.
1336 4155 1401 4208 10
1426 4154 1597 4207 αἰτιῶν
1622 4172 1654 4206 a
1673 4157 1761 4221 Sp.
1907 4153 1972 4205 12
1997 4152 2046 4205 τί
2069 4155 2187 4224 γάρ;
2213 4154 2492 4208 Schwartz:
2519 4174 2572 4209 τε
2599 4157 2688 4227 γάρ
2714 4157 2858 4210 libri:
2886 4158 2982 4211 del.
3010 4162 3098 4228 Sp.

454 4242 518 4296 15
554 4244 615 4295 ἅν
653 4260 726 4300 τις
760 4242 1043 4295 Schwartz:
1081 4242 1175 4311 γὰρ
1211 4242 1331 4295 libri
1371 4242 1474 4308 «ἄν
1510 4245 1605 4305 τις)
1640 4242 1787 4312 τήνδε
1824 4241 1936 4309 Sp.)
2115 4241 2176 4293 16
2212 4242 2305 4313 γὰρ
2344 4258 2384 4293 S.
2423 4258 2468 4294 v,
2508 4248 2556 4295 V
2723 4245 2783 4297 21
2827 4243 2992 4303 οὕτως
3013 4248 3155 4301 BS²a

448 4333 561 4398 Sp.:
588 4329 735 4388 οὗτος
761 4332 964 4384 VFGS¹
1107 4334 1225 4398 post
1250 4328 1416 4388 οὕτως
1436 4333 1793 4383 inseruerunt:
1832 4325 1950 4381 καθ’
1979 4328 2066 4386 οὒς
2089 4328 2136 4394 (ὃ
2163 4330 2231 4386 εἰς
2253 4332 2310 4393 S)
2335 4328 2536 4389 πλείους
2563 4330 2744 4398 (πλείω
2773 4337 2836 4397 G)
2861 4335 2924 4385 τὰ
2950 4334 3152 4405 ἄπειρα·

451 4418 593 4471 οὐδὲν
620 4417 679 4471 ἂν
718 4418 794 4488 εἴη
832 4416 909 4483 τὸ,
947 4417 1135 4469 deinde
1170 4419 1490 4471 iteraverunt
1526 4417 1599 4476 ὡς
1634 4419 1781 4490 μέρος
1806 4411 2286 4483 (102,11)-ὂι“ι’τιον
2312 4418 2542 4485 (102,30)
2567 4424 2698 4475 FGS
2736 4421 2853 4486 (del.
2887 4422 2967 4485 8²)
2987 4426 3030 4474 L

449 4504 578 4558 ὥστε
617 4521 716 4558 om.
740 4509 787 4560 G
926 4504 959 4574 ἠ
999 4502 1200 4562 πλείους
1232 4506 1323 4563 τὰς
1358 4506 1517 4579 ἀρχὰς
1542 4508 1589 4560 G
1624 4508 1682 4559 in
1720 4522 1821 4575 mg.
1971 4505 2037 4556 22
2073 4504 2242 4558 οὐκέτι
2281 4509 2489 4575 scripsi:
2528 4507 2642 4561 οὔτε
2681 4508 2756 4561 ὅτι
2776 4511 3003 4563 VBFS¹=
3039 4506 3154 4563 οὔτε

446 4592 541 4646 S²a
566 4595 655 4660 Sp.
798 4592 865 4645 24
903 4610 957 4644 τε
995 4592 1093 4644 del.
1115 4592 1271 4646 S²B²:
1310 4607 1410 4645 om.
1436 4611 1467 4644 ιι
1491 4595 1578 4661 Sp.
1732 4593 1799 4648 25
1837 4592 2215 4666 προστεθέντων
2241 4596 2377 4648 coni.
2398 4595 2486 4663 Sp.
2641 4596 2706 4649 27
2744 4598 2905 4668 ἀμερῆ
2933 4599 3150 4667 scripsi:

448 4680 572 4750 μέρη
611 4681 732 4735 libri
877 4680 947 4733 30
981 4678 1303 4750 ἀλογώτατον
1339 4683 1453 4747 Sp.=
1493 4680 1789 4751 ἀλογώτατα
1826 4682 1949 4736 libri
2091 4682 2153 4735 31
2195 4692 2349 4737 ποιεῖν
2385 4686 2498 4751 Sp.:
2537 4691 2672 4737 ποιεῖ
2703 4686 2822 4738 libri
2967 4686 3032 4738 33
3069 4688 3154 4739 καὶ

446 4767 622 4821 addidi
763 4768 831 4821 34
865 4767 1085 4821 fortasse
1121 4763 1169 4820 δ’
1209 4768 1295 4832 (εἰ)
1436 4766 1503 4821 35
1542 4768 1759 4843 ἀπείρων
1796 4773 1910 4839 Sp.:
1950 4770 2152 4845 ἄπειρον
2190 4772 2308 4825 libri
2451 4771 2516 4825 36
2552 4789 2608 4827 τε
2645 4772 2763 4825 add.
2793 4773 2896 4825 FS¹
2933 4775 3025 4843 Sp.
