3684 5567
1356 282 1643 341 ΒΙΒΛΙΟΝ
1684 283 1965 340 ΠΡΩΤΟΝ
2010 284 2212 339 17—18
3065 286 3144 349 31

526 460 581 522 εἰ
636 460 699 521 δὲ
754 463 1009 522 τοιοῦτον
1068 462 1245 544 δῆλον
1302 458 1386 533 ὄν,
1446 458 1779 542 ἀληθεύοιτ’
1835 458 1906 521 ἄν
1952 460 2018 522 τὸ
2065 462 2304 523 δυνατὸν
2350 460 2622 543 γενέσθαι
2667 459 2800 523 τόδε
2846 479 2898 519 τι
2944 455 3038 518 ἐπὶ
3093 472 3122 513 5

527 560 766 634 τούτων,
812 562 850 644 ῆ
900 563 1137 625 δυνατὸν
1184 563 1247 624 τὸ
1290 561 1430 624 αὐτὸ
1471 566 1640 625 τοῦτο
1686 563 1781 624 καὶ
1830 562 1912 644 μὴ
1956 562 2244 643 γενέσθαι.
2323 562 2354 625 ὃ
2402 564 2466 626 δὲ
2497 562 2557 631 ἐξ
2602 562 2858 643 ἀνάγκης
2901 582 2950 621 τι
2997 558 3035 642 ἢ

528 660 683 726 ἔστιν
730 665 765 745 ῆ
812 665 1047 746 γίνεται,
1093 668 1263 726 τοῦτο
1309 663 1417 727 οὐκ
1447 665 1667 746 ἀληθὲς
1713 664 1898 745 λέγειν
1944 664 2228 728 δύνασθαι
2256 663 2550 747 γενέσθαι,
2597 665 2647 727 εἰ
2696 665 2777 748 μή
2823 686 2908 731 τις
2955 666 3036 744 τῷ

530 768 759 850 δυνατῷ
805 768 929 829 ἀντὶ
974 770 1077 830 τοῦ
1108 767 1420 849 ἀναγκαίου
1468 771 1687 852 χρῷτο.
1760 769 1855 829 καὶ
1902 769 1966 830 τὸ
2007 767 2286 830 ἀδύνατον
2331 768 2398 829 τὸ
2443 765 2740 848 γινόμενον
2782 769 3036 828 τοιοῦτον
3068 779 3122 821 ιο

456 888 485 937 5
524 869 616 931 διὰ
658 870 725 931 τὸ
773 869 1165 943 κεκωλῦσθαι,
1219 869 1315 931 καὶ
1362 874 1715 951 μεταπῖπτον
1762 874 1864 932 τοῦ
1909 871 2153 932 δυνατοῦ
2199 870 2293 933 διὰ
2337 871 2442 953 τὴν
2489 867 2826 931 κωλύουσαν
2872 866 3034 952 αὐτῷ

524 970 793 1052 γενέσθαι
839 970 1173 1055 περίστασιν
1218 974 1420 1045 τοῦτο,
1475 970 1507 1032 δ
1554 968 1624 1053 ἧν
1671 972 1910 1034 δυνατὸν
1955 971 2104 1034 κατὰ
2159 972 2264 1054 τὴν
2312 972 2520 1034 ἑαυτοῦ
2566 969 2768 1054 φύσιν,
2827 966 2920 1052 εἴη
2968 967 3037 1031 ἂν

528 1072 622 1135 ἐπὶ
667 1073 887 1136 τούτων
932 1072 1231 1156 γινόμενόν
1276 1094 1337 1135 τε
1384 1074 1479 1135 καὶ
1525 1072 1864 1155 λεγόμενον,
1910 1072 1948 1135 ἃ
1993 1075 2088 1136 καὶ
2136 1075 2278 1157 πρὸς
2326 1074 2390 1136 τὸ
2434 1072 2706 1155 γενέσθαι
2751 1072 2846 1133 καὶ
2894 1072 3038 1154 πρὸς
3068 1086 3119 1129 ιε’»

526 1175 589 1237 τὸ
637 1176 721 1257 μὴ
768 1173 1038 1257 γενέσθαι
1083 1176 1189 1258 τὴν
1235 1174 1301 1237 ἐκ
1346 1180 1450 1258 τῆς
1494 1175 1709 1244 οἰκείας
1752 1174 1989 1259 φύσεως
2041 1176 2415 1259 παρασκευήν
2471 1198 2534 1237 τε
2581 1175 2676 1237 καὶ
2722 1172 3036 1257 ἐπιτηδειό-

522 1300 665 1358 τητα
712 1275 859 1361 ἔχει.
950 1279 1038 1341 διὸ
1083 1278 1149 1340 τὸ
1198 1278 1301 1360 μὲν
1348 1276 1602 1363 ἄχυρον,
1658 1278 1898 1340 δυνατὸν
1944 1276 2062 1361 <ὂν>
2107 1280 2394 1361 καυθῆναι
2449 1278 2544 1341 καὶ
2593 1278 2674 1360 μὴ
2721 1277 3036 1359 καυθῆναι,

425 1400 486 1447 10
522 1380 799 1443 ἀδύνατον
843 1380 1055 1462 γίνεται
1099 1380 1411 1463 καυθῆναι,
1464 1380 1533 1443 ἄν
1580 1380 1641 1442 ἐν
1687 1384 1761 1465 τῇ
1808 1379 2014 1464 ἀτόμῳ
2059 1380 2322 1463 γένηται,
2368 1382 2463 1443 καὶ
2511 1382 2549 1463 ἡ
2596 1382 2778 1463 ψηφὶς
2821 1380 3033 1461 δυνατὴ
3063 1395 3120 1436 2⁰

523 1480 669 1545 οὖσα
716 1482 1007 1565 ὁραθῆναί
1045 1505 1109 1545 τε
1153 1485 1249 1545 καὶ
1297 1484 1378 1565 μὴ
1414 1484 1703 1567 ὁραθῆναι
1749 1483 2029 1551 ἀδύνατος
2074 1484 2364 1567 ὁραθῆναι
2393 1484 2623 1565 γίνεται,
2671 1482 2806 1545 ὅταν
2853 1482 2913 1545 ἐν
2947 1488 3032 1566 τῷ

526 1584 691 1670 βυθῷ
735 1585 991 1668 γένηται,
1035 1588 1123 1669 τῷ
1156 1586 1529 1648 κεκωλῦσθαι
1574 1585 1657 1654 εἰς
1694 1585 1984 1669 ἐνέργειαν
2032 1586 2226 1649 ἐλθεῖν
2272 1588 2376 1669 τὴν
2409 1588 2555 1669 πρὸς
2597 1586 2662 1647 τὸ
2709 1584 2903 1668 ἕτερον
2951 1585 3033 1646 ὧν

525 1687 763 1749 ἐδύνατο
794 1688 1257 1771 ἐπιτηδειότητα,
1304 1686 1497 1751 οὐκέτι
1543 1688 1608 1750 δὲ
1653 1690 1689 1769 ἡ
1725 1690 2031 1773 διάμετρος
2077 1688 2354 1757 ἀδύνατος
2401 1688 2730 1772 σύμμετρος
2776 1687 2920 1750 εἶναι
2952 1692 3028 1768 τῇ
3057 1702 3112 1745 26

520 1793 739 1874 πλευρᾷ
788 1791 883 1853 διὰ
930 1791 997 1852 τὸ
1030 1791 1404 1853 κεκωλῦσθαι
1448 1790 1583 1873 (τὴν
1630 1790 1736 1874 γὰρ
1768 1791 1962 1875 ἀρχὴν
1995 1790 2364 1859 ἀνεπίδεκτός
2407 1789 2526 1853 ἐστι
2558 1794 2659 1852 τοῦ
2708 1788 3034 1871 σύμμετρος

420 1912 479 1959 15
516 1891 659 1955 εἶναι
713 1896 788 1976 τῇ
850 1890 857 1978 Ι
916 1895 1137 1978 πλευρᾷ
1198 1893 1509 1974 δύνασθαι)
1565 1892 1711 1957 εἶναι
1772 1893 2029 1976 λέγεται,
2097 1893 2226 1957 ἀλλ’
2293 1894 2660 1976 ἀσύμμετρον
2719 1891 2901 1975 αὐτὴν
2966 1892 3024 1961 ἐξ
3065 1899 3134 1955 63

520 1996 772 2080 ἀνάγκης
817 1996 963 2060 εἶναι
1016 1996 1279 2079 λέγοντες
1331 1997 1396 2059 τὸ
1454 1995 1781 2079 σύμμετρον
1839 1995 2023 2079 αὐτῆς
2076 1996 2356 2059 ἀδύνατον
2415 1998 2877 2078 κατηγοροῦμεν,
2933 1997 3030 2058 καὶ

518 2098 584 2159 τὸ
630 2096 788 2161 θεῖον
844 2098 905 2169 ἐξ
951 2100 1209 2183 ἀνάγκης
1262 2098 1563 2183 ἄφθαρτον
1618 2098 1766 2161 εἶναι
1812 2098 2075 2181 λέγοντες
2129 2099 2410 2163 ἀδὺνατον
2457 2096 2597 2160 αὐτό
2643 2120 2829 2182 φαμεν
2887 2097 3034 2160 εἶναι
3088 2114 3116 2157 ὅ

521 2203 598 2283 τῇ
643 2192 823 2265 αὑτοῦ
867 2202 1039 2286 φύσει
1083 2203 1398 2285 φθαρῆναι.
1490 2204 1696 2263 διττῶν
1743 2202 1932 2264 τοίνυν
1988 2205 2104 2264 τῶν
2151 2203 2452 2265 ἀδυνάτων
2500 2198 2712 2276 ὄντων,
2766 2204 2882 2261 τῶν
2929 2201 3033 2281 μὲν

520 2302 713 2384 φύσει,
759 2308 875 2365 τῶν
921 2305 986 2366 δὲ
1028 2303 1123 2366 διὰ
1168 2304 1235 2366 τὸ
1280 2304 1671 2379 κεκωλῦσθαι,
1718 2306 1816 2367 καὶ
1861 2304 2032 2389 φύσει
2079 2306 2183 2385 μὲν
2217 2302 2398 2367 ὄντων
2447 2303 2744 2366 ἀδυνάτων
2791 2306 3030 2377 τούτων,

418 2423 486 2471 2ο
522 2402 659 2489 (οἷς>
703 2427 844 2469 τισιν
892 2404 1155 2489 ὑπάρξειν
1200 2405 1272 2467 τὰ
1318 2406 1681 2488 ἀντικείμενα
1726 2406 1924 2475 αὐτοῖς
1967 2406 2026 2475 ἐξ
2073 2408 2327 2489 ἀνάγκης
2374 2408 2658 2490 ὑπάρχει,
2716 2406 2810 2468 διὰ
2857 2407 2920 2468 δὲ
2965 2406 3030 2467 τὸ

520 2510 894 2571 κεκωλῦσθαι
924 2506 1164 2584 τούτων,
1209 2508 1248 2570 ἃ
1279 2506 1492 2593 ἔχοντα
1534 2510 1683 2593 πρὸς
1724 2511 1789 2573 τὸ
1828 2508 2102 2592 γενέσθαι
2148 2509 2396 2594 φυσικὴν
2429 2507 2872 2593 ἐπιτηδειότητα
2919 2508 3030 2571 ὑπό
3061 2525 3116 2567 ιο

520 2632 671 2679 τινος
714 2614 1107 2695 περιστάσεως
1154 2610 1216 2672 ἐν
1262 2610 1457 2679 αὐτοῖς
1500 2612 1774 2692 γενέσθαι
1818 2615 2176 2683 κεκώλυται,
2229 2612 2328 2674 καὶ
2375 2612 2567 2695 μόνων
2613 2612 2912 2675 ἀδυνάτων
2956 2612 3032 2695 γί-

517 2713 720 2775 νεσθαι
774 2712 1106 2794 δυναμένων
1162 2713 1257 2776 διὰ
1310 2714 1377 2776 τὸ
1424 2714 1795 2777 κεκωλῦσθαι
1850 2720 1968 2776 τῶν
2024 2712 2422 2798 ἐνδεχομένων
2477 2736 2529 2775 τι
2582 2714 2620 2795 ῆ
2676 2714 3030 2797 δυναμένων,

520 2812 635 2897 [ὅτι
688 2814 1052 2899 δυναμένων]
1110 2815 1229 2879 ἀλλ’
1286 2816 1393 2879 οὐκ
1448 2815 1510 2885 ἐξ
1556 2817 1830 2899 ἀνάγκης,
1895 2817 1947 2877 εἰ
1993 2816 2096 2897 μὲν
2145 2816 2176 2877 ὃ
2222 2814 2440 2898 κόσμος
2491 2816 2730 2899 γενητὸς
2774 2818 2856 2879 ὢν
2902 2816 3028 2901 ἔχει
3057 2833 3109 2875 15

410 2936 478 2984 25
518 2915 579 2977 ἐν
626 2916 815 3001 ἑαυτιῑ
850 2918 1089 3001 δύναμιν
1137 2920 1232 2981 καὶ
1276 2923 1379 2980 τοῦ
1425 2918 1721 3001 φθαρῆναι
1769 2919 1864 2980 καὶ
1910 2922 2012 2981 τοῦ
2061 2919 2140 3000 μὴ
2173 2918 2491 3001 φθαρῆναι,
2539 2917 2754 2981 δύναιτ’
2799 2917 2866 2981 ἂν
2915 2920 3028 2983 ὑπό

516 3042 665 3087 τινος
730 3020 1017 3087 κωλυθεὶς
1082 3020 1381 3104 φθαρῆναι
1445 3019 1724 3087 ἀδύνατος
1777 3020 2078 3103 φθαρῆναι
2143 3019 2442 3101 γενέσθαι,
2513 3020 2565 3081 εἰ
2620 3019 2685 3082 δέ
2750 3020 2902 3083 ἐστιν
2971 3020 3030 3089 ἐξ

514 3123 769 3205 ἀνάγκης
812 3125 909 3185 καὶ
949 3122 1009 3184 ἐν
1053 3129 1127 3205 τῇ
1161 3123 1331 3208 φύσει
1382 3122 1592 3191 παντὸς
1638 3126 1739 3184 τοῦ
1782 3122 2094 3205 γενομένου
2125 3122 2190 3185 τὸ
2222 3122 2536 3205 φθαρῆναι,
2583 3121 2640 3190 ἐξ
2672 3124 2926 3206 ἀνάγκης
2957 3122 3027 3186 ἄν
3055 3140 3112 3181 2⁰

518 3225 771 3309 ὑπάρχοι
816 3226 983 3287 παντὶ
1030 3232 1113 3309 τῷ
1160 3225 1441 3309 γινομένῳ
1486 3225 1552 3287 τὸ
1600 3224 1719 3285 δεῖν
1768 3222 1912 3285 αὐτὸ
1957 3224 2273 3309 φθαρῆναι.
2350 3218 2401 3310 ᾦ
2452 3224 2518 3287 δὲ
2561 3224 2622 3293 ἐξ
2665 3226 2918 3310 ἀνάγκης
2962 3228 3028 3290 τὸ

516 3329 833 3411 φθαρῆναι,
880 3327 1034 3390 τοῦτ’
1078 3329 1355 3391 ἀδύνατον
1403 3328 1485 3410 μὴ
1533 3327 1830 3410 φθαρῆναι
1878 3326 1971 3388 διὰ
2017 3327 2082 3389 τὸ
2129 3327 2234 3409 τὴν
2283 3328 2452 3411 φύσιν
2500 3327 2679 3390 αὐτοῦ
2725 3328 3028 3411 ἀνέφικτον

406 3450 477 3499 30
514 3428 839 3513 ἀιδιότητος
884 3429 1051 3507 εἶναι,
1106 3431 1259 3493 ὥστε
1314 3431 1409 3493 καὶ
1471 3430 1502 3491 ὁ
1558 3428 1778 3509 κόσμος
1828 3428 2087 3513 φθαρτὸς
2132 3431 2214 3493 ὢν
2272 3430 2330 3498 ἐξ
2378 3432 2662 3513 ἀνάγκης,
2716 3428 2880 3513 εἴγε
2933 3432 3030 3494 καὶ
3059 3448 3113 3490 25

405 3744 432 3795 1
481 3740 542 3793 ὃν
595 3741 690 3792 V1:
760 3739 835 3791 ὧν
883 3742 1044 3794 GFL:
1114 3736 1189 3791 ὅτι
1234 3736 1477 3791 V²BS²a:
1544 3752 1643 3789 om.
1690 3736 1751 3788 8¹
2002 3737 2034 3789 2
2088 3736 2120 3805 ἢ
2171 3737 2383 3805 (prius)
2433 3742 2580 3789 VLa:
2635 3738 2669 3808 ἠ
2717 3740 2778 3791 S:
2834 3738 2867 3809 ἦ
2914 3743 2957 3792 Β
3006 3741 3138 3809 (ace.

400 3836 460 3883 et
494 3831 618 3895 spir.
657 3829 715 3879 in
752 3826 857 3893 lit.)
894 3830 961 3879 F:
1020 3826 1061 3879 el
1097 3825 1213 3895 Sp.:
1268 3825 1488 3877 fortasse
1526 3824 1559 3875 ἃ
1795 3821 1828 3876 5
1869 3840 1928 3875 το
1967 3824 2043 3876 sic
2081 3825 2150 3875 Ψ
2366 3832 2674 3893 μεταπῖπτον
2714 3824 2830 3878 V2B
2872 3828 3006 3879 coni.
3047 3827 3136 3896 Sp.

401 3916 506 3983 (vel
547 3914 921 3983 μεταπίπτειν);
978 3913 1351 3981 μεταπίπτοντα
1389 3913 1603 3965 V¹FSaz
1664 3910 2058 3978 μεταπίπτοντος
2096 3914 2140 3965 G
2179 3910 2331 3977 (corr.
2371 3928 2437 3964 ex
2474 3915 2908 3980 μεταπιπτωντος)
2945 3918 2991 3966 L

400 4002 527 4055 αὐτὸ
567 4002 683 4054 v²B
924 4002 955 4053 6
995 3998 1021 4053 ὃ
1060 3999 1147 4070 ἦν]
1187 3998 1275 4053 οὖν
1313 4000 1476 4052 vict-z
1535 3996 1623 4051 οὖν
1661 3997 1870 4051 δυνατὸν
1917 3997 1973 4049 ὄν
2010 3998 2099 4066 Sp.
2138 3997 2228 4050 sed
2267 4000 2444 4051 omnia
2479 4014 2610 4052 sana
2848 4001 2878 4051 7
2917 4000 3042 4071 πρὸς
3076 4000 3136 4054 τὸ

400 4096 527 4143 ante
565 4090 634 4159 μὴ
675 4105 775 4142 om.
814 4106 847 4140 a
880 4088 969 4156 Sp.
1184 4088 1215 4139 9
1254 4084 1311 4138 ὃν
1349 4088 1469 4139 add.
1498 4084 1713 4139 v2BS²a
1752 4085 1844 4154 Sp.
2064 4084 2127 4137 10
2165 4084 2224 4136 ἂν
2249 4084 2396 4138 v²13=
2435 4086 2495 4137 ἀν
2535 4090 2632 4138 V¹=
2671 4088 2758 4140 ἐὰν
2786 4090 2948 4143 GFSa
2976 4089 3066 4157 Sp.

400 4178 434 4248 ἡ
477 4192 518 4229 ε.
544 4193 593 4229 v.
631 4180 678 4229 V
895 4175 1053 4245 ψηφὶς
1092 4178 1182 4228 GF
1208 4174 1329 4242 Sp.:
1380 4173 1555 4243 ψῆφοσ
1580 4175 1629 4223 V
1668 4172 1828 4239 (inter
1866 4190 1892 4225 ο
1932 4176 1982 4225 et
2020 4188 2047 4225 σ
2086 4172 2373 4241 paullulum
2413 4174 2608 4241 rasum)
2647 4178 2719 4227 B:
2779 4177 2938 4246 ψῆφις
2973 4178 3047 4229 Sa

401 4262 616 4335 δυνατή]
655 4281 687 4315 α
723 4280 765 4315 s.
807 4280 851 4313 v.
891 4266 942 4314 V
1198 4260 1261 4312 15
1302 4262 1424 4313 εἶναι
1462 4275 1561 4312 om.
1602 4278 1635 4311 a
1670 4260 1786 4328 Sp.=
1845 4258 1970 4313 εἶναι
2004 4258 2199 4330 λέγεται
2236 4276 2336 4313 om.
2374 4262 2418 4312 B
2668 4261 2782 4314 ἀλλ’
2819 4262 3136 4333 ἀσὺμμετρον

400 4351 520 4404 v²B
559 4352 672 4419 Sp.:
714 4349 841 4402 ἀλλὰ
878 4349 1161 4419 συμμετρον
1185 4348 1471 4402 v¹GFSLa
1694 4348 1752 4400 17
1792 4348 1946 4400 αὐτὸν
1985 4365 2016 4399 ιι
2053 4346 2140 4414 Sp.
2367 4348 2428 4399 18
2465 4347 2670 4417 διττῶν]
2711 4348 2788 4401 διτ
2825 4352 2881 4403 in
2918 4350 2994 4402 lit.
3018 4355 3065 4403 V

401 4438 474 4491 20
509 4439 580 4496 οἷς
615 4455 739 4491 τισιν
780 4436 897 4490 v²B
937 4438 1069 4489 Viet.
1109 4436 1228 4505 Sp.=
1284 4452 1410 4487 τισιν
1445 4438 1733 4489 V¹GFSLa
1990 4433 2221 4505 ὑπάρξειν
2261 4436 2472 4503 scripsi:
2522 4434 2786 4507 δπάρξεων
2827 4439 3138 4492 v¹FSG¹La

400 4526 519 4593 Sp.:
560 4524 818 4595 ὑπάρξεως
856 4528 925 4578 G:
966 4522 1202 4595 ὕπάρξεσι
1240 4524 1399 4575 Viet.:
1460 4521 1672 4593 ὓπάρξαι
1712 4520 1856 4575 v²B=
1914 4522 1974 4575 τὸ
2012 4522 2064 4573 ἐν
2103 4522 2310 4591 ὒπάρξει
2346 4523 2468 4575 εἶναι
2506 4526 2641 4576 coni.
2678 4525 2766 4593 Sp.
2980 4523 3136 4594 ὑπάρ-

399 4630 483 4685 χει
520 4614 733 4665 vGFSa
769 4613 889 4679 Sp.:
927 4610 1143 4682 ὑπάρχοι
1180 4614 1252 4661 L:
1291 4608 1388 4681 οὐχ
1424 4609 1639 4682 ὑπάρχει
1678 4609 1793 4663 V²B
1832 4611 1969 4662 vict.
2183 4610 2244 4661 21
2291 4611 2353 4663 τὰ
2392 4610 2576 4683 ἔχοντα
2613 4630 2644 4663 a
2858 4610 2924 4663 22
2963 4611 3134 4679 μόνων

404 4700 643 4753 v¹GFSa
681 4699 795 4766 δρα
836 4698 987 4766 μόνον
1018 4700 1133 4749 V²B
1350 4696 1435 4747 22.
1475 4696 1543 4748 23
1580 4694 1800 4764 γίνεσθαι
1841 4702 1960 4750 VB:
2000 4695 2228 4767 γενέσθαι
2268 4700 2478 4751 GFSLa
2520 4697 2606 4761 Sp.
2821 4698 2889 4751 23
2926 4698 3134 4766 δυναμέ-

400 4783 530 4853 νων]
568 4785 786 4838 fortasse
822 4784 1099 4854 γινομένων
1313 4782 1379 4835 24
1438 4782 1513 4836 ὅτι
1562 4784 1854 4852 δυναμένων
1905 4786 1972 4851 (ω
2003 4786 2080 4837 ·in
2127 4782 2228 4850 lit.)
2288 4786 2382 4836 V¹=
2439 4781 2516 4835 ὅτι
2563 4782 2767 4853 δυνάμει
2815 4785 2878 4859 ἦν
2926 4789 3138 4843 GFSLa

400 4872 518 4943 Sp.=
558 4871 657 4926 del.
696 4870 792 4925 V²z
832 4886 931 4925 om.
968 4874 1014 4925 B
1054 4876 1189 4925 recte
1227 4876 1285 4924 ut
1321 4872 1525 4925 videtur
1704 4872 1770 4925 28
1809 4869 1908 4943 ᾦόε
1947 4873 2015 4921 V¹
2217 4850 2495 4943 χ’]ανάγκησ
2534 4874 2609 4925 sic
2651 4878 2694 4924 V
