3684 5567
1241 272 1505 331 ΗΘΙΚΩΝ
1544 273 2076 331 ΠΡΟΒΛΗΜΑΤΩΝ
2120 276 2323 330 17-20
3012 276 3136 341 139

528 448 672 513 εἶναι
728 452 958 535 ψεῦδος.
1049 452 1327 520 πολλάκις
1378 450 1486 535 γὰρ
1540 454 1805 534 φανερῶς
1857 449 2000 513 αὐτὸ
2063 449 2125 513 ὂν
2182 450 2358 535 ἀηδὲς
2415 449 2773 534 αἱρούμεθα,
2835 449 2929 512 καὶ
2977 448 3030 511 εἰ

531 551 894 637 συμβέβηκεν
940 554 1005 617 δὲ
1050 556 1143 617 καὶ
1190 558 1276 638 τῷ
1322 556 1518 637 καλῷ,
1563 548 1607 637 ’ᾗ
1655 550 1831 615 καλόν
1879 552 2020 627 ἐστι,
2068 554 2163 615 καὶ
2208 554 2342 635 ἡδεῖ
2381 552 2548 629 εἶναι,
2594 551 2712 615 ἀλλ’
2768 550 2836 614 οὐ
2883 548 3026 613 διότι

530 656 641 739 ἡδὺ
688 655 831 719 αὐτὸ
878 659 1145 741 αἱρεῖται.
1219 657 1284 720 τὸ
1328 660 1466 738 γοῦν
1511 656 1757 741 αἰσχρὸν
1801 656 2084 725 πολλάκις
2129 655 2192 718 ὃν
2238 656 2350 740 ἡδὺ
2399 653 2890 738 ἀποστρεφόμεθα
2931 654 3029 717 καὶ

534 759 841 843 φεύγομεν.
930 760 981 822 εἰ
1028 761 1092 823 δὲ
1142 764 1311 822 τοῦτο
1368 759 1465 822 διὰ
1516 760 1582 822 τὸ
1636 758 1878 843 αἰσχρὸν
1933 760 2249 842 φεύγομεν,
2304 760 2400 822 καὶ
2454 758 2761 841 αἱροίμεθα
2813 756 2882 819 ἂν
2939 756 3033 819 διὰ
3062 771 3114 815 15

458 880 488 930 5
533 860 599 922 τὸ
644 861 821 923 καλὸν
866 862 933 924 τὸ
979 862 1108 946 ἡδύ.
1200 861 1349 924 ἀλλὰ
1393 861 1489 924 καὶ
1534 864 1598 924 τὸ
1644 862 1826 944 λέγειν
1876 862 2057 945 μηδὲν
2104 860 2247 925 εἶναι
2291 863 2370 943 τῇ
2414 861 2592 924 αὑτοῦ
2639 860 2810 944 φύσει
2855 861 3030 924 καλὸν

536 964 687 1047 μηδὲ
716 964 982 1048 αἰσχρόν,
1029 964 1178 1027 ἀλλά
1224 964 1367 1048 πρὸς
1412 964 1555 1033 ἰδίας
1588 966 1903 1049 προλήψεις
1942 965 2218 1047 λέγεσθαι
2261 968 2460 1039 ταῦτα,
2505 964 2602 1027 καὶ
2633 965 2892 1026 ἀπαιτεῖν
2939 963 3034 1026 διὰ

529 1066 702 1150 λόγου
748 1068 897 1136 τινὸς
928 1068 1242 1152 δειχθῆναι
1286 1070 1351 1130 τὸ
1397 1069 1575 1131 καλὸν
1606 1066 1819 1142 αὐτοῖς,
1867 1066 2064 1149 ὅμοιον
2111 1073 2194 1153 τῷ
2229 1068 2492 1130 ἀπαιτεῖν
2537 1065 2706 1149 λόγον
2751 1070 2853 1129 τοῦ
2884 1065 3036 1129 εἶναί
3055 1082 3112 1123 2⁰

531 1194 583 1233 τι
636 1170 861 1233 λευκόν.
952 1169 1119 1233 οὐδὲν
1172 1169 1279 1252 γὰρ
1334 1174 1449 1232 τῶν
1505 1170 1761 1254 ἐναργῶν
1816 1176 1890 1253 τῇ
1947 1172 2138 1234 αὑτῶν
2193 1170 2364 1255 φύσει
2417 1173 2598 1233 δεῖται
2650 1176 2756 1254 τῆς
2806 1170 2874 1233 ἐκ
2916 1174 3031 1232 τῶν

530 1272 716 1356 λόγων
762 1274 1040 1349 πίστεως,
1095 1273 1328 1357 ἐναργὲς
1381 1274 1445 1336 δὲ
1496 1278 1669 1337 πᾶσιν
1725 1279 1846 1343 τοῖς
1904 1276 1984 1357 μὴ
2031 1272 2474 1357 πεπηρωμένοις
2530 1274 2596 1336 τὸ
2651 1271 2812 1356 ὄμμα
2865 1277 3033 1336 τοῦτο

436 1398 497 1445 10
531 1382 635 1460 τῆς
679 1381 905 1462 ψυχῆς,
960 1373 1010 1460 ᾧ
1060 1382 1242 1439 ταῦτα
1284 1377 1652 1459 γνωρίζεται,
1707 1378 1773 1440 τὸ
1818 1376 1968 1439 εἶναί
2006 1402 2058 1440 τι
2113 1378 2288 1440 καλὸν
2342 1377 2438 1439 καὶ
2481 1374 2748 1461 αἰσχρόν.
2839 1375 2926 1439 ὅτι
2970 1376 3035 1440 δὲ
3061 1390 3116 1433 25

532 1482 598 1545 ἐκ
643 1480 879 1565 φύσεως
933 1481 1072 1562 ἡμῖν
1125 1480 1191 1542 τὸ
1244 1480 1540 1563 γνωρίζειν
1595 1481 1667 1543 τά
1710 1504 1773 1543 τε
1826 1480 2045 1565 αἰσχρὰ
2099 1481 2193 1543 καὶ
2239 1479 2309 1542 τὰ
2355 1480 2531 1554 καλά,
2589 1482 2761 1562 δῆλον
2806 1484 2891 1563 τῷ
2938 1478 3034 1539 ἐπὶ

536 1589 656 1652 τοῖς
700 1586 965 1668 αἰσχροῖς
1008 1582 1078 1645 οὐ
1120 1580 1459 1667 γινοΙμένοις
1504 1582 1698 1666 μόνον,
1746 1583 1896 1646 ἀλλὰ
1941 1584 2036 1647 καὶ
2081 1582 2409 1665 λεγομένοις
2453 1582 2866 1667 ἐρυθαίνεσθαι
2912 1582 2993 1650 ὥς
3035 1588 3140 1645 267

530 1710 580 1749 τι
622 1687 975 1770 πάσχοντας,
1021 1686 1117 1748 καὶ
1162 1690 1332 1749 τοῦτο
1386 1683 1537 1749 ἔστιν
1586 1687 1725 1750 ἰδεῖν
1772 1687 1869 1749 καὶ
1915 1686 1975 1748 ἐν
2023 1690 2142 1755 τοῖς
2174 1692 2394 1769 μικροῖς
2439 1684 2524 1749 ἔτι
2566 1686 2861 1768 γινόμενον
2906 1708 3030 1748 παι-

532 1790 691 1859 δίοις.
782 1790 880 1852 καὶ
923 1788 1032 1872 γὰρ
1077 1792 1257 1853 ταῦτα
1302 1790 1549 1875 ἐρυθριᾷ
1597 1792 1873 1859 πολλάκις
1919 1792 2000 1858 ὡς
2043 1790 2139 1853 ἐπὶ
2183 1791 2448 1874 αἰσχροῖς
2492 1790 2652 1853 τισίν.

428 2033 495 2081 15
531 2010 697 2077 XIX.
774 2010 919 2078 Ὅτι
966 2014 1057 2097 μὴ
1106 2012 1466 2097 ὁμοειδεῖς
1509 2013 1579 2075 αἱ
1625 2013 1888 2096 ἡδοναί.
3085 2028 3112 2071 5

698 2182 789 2248 Τὰ
836 2185 1075 2269 ὁμοειδῆ
1122 2185 1398 2268 ἀλλήλοις
1444 2185 1551 2248 οὐκ
1596 2182 1747 2248 ἔστιν
1793 2186 2064 2270 ἀλλήλων
2109 2185 2421 2270 φθαρτικά.
2499 2184 2631 2248 οὔτε
2675 2184 2784 2269 γὰρ
2828 2187 3030 2249 λευκὸν

532 2288 644 2351 ὑπὸ
688 2291 899 2351 λευκοῦ
947 2290 1096 2352 καθὸ
1144 2290 1353 2353 λευκὸν
1398 2288 1717 2372 φθείρεται,
1762 2286 1898 2351 οὔτε
1941 2288 2119 2369 μέλαν
2167 2290 2279 2351 ὑπὸ
2327 2289 2592 2371 μέλανος,
2639 2286 2770 2352 οὔτε
2817 2288 3034 2372 θερμὸν
3090 2328 3094 2332 <

537 2391 648 2453 ὑπὸ
692 2391 938 2475 θερμοῦ,
984 2394 1167 2475 ἡδονὴ
1216 2395 1281 2455 δὲ
1325 2392 1437 2455 ὑπὸ
1485 2394 1701 2475 ἡδονῆς
1745 2392 1868 2455 ἐστι
1911 2391 2223 2476 φθαρτική.
2291 2393 2350 2456 αἱ
2395 2397 2529 2474 γοῦν
2576 2393 2692 2455 ἀπὸ
2739 2396 2855 2453 τῶν
2901 2391 3037 2475 σφὸ·
3066 2408 3120 2450 ιο

532 2495 637 2577 δρα
696 2495 1182 2579 σπουδαζομένων
1233 2496 1437 2580 ἡδοναὶ
1490 2494 1791 2579 φθείρουσι
1845 2495 1947 2563 τὰς
1991 2495 2108 2558 ἀπὸ
2164 2500 2278 2559 τῶν
2334 2494 2821 2577 σπουδαζομένων
2875 2491 3034 2557 ἔλατ-

428 2616 497 2663 20
534 2620 647 2660 τον.
739 2598 798 2660 ἐν
843 2602 979 2681 γοῦν
1024 2602 1143 2668 τοῖς
1190 2598 1455 2682 θεάτροις
1496 2600 1535 2681 ἡ
1584 2598 1699 2661 ἀπὸ
1755 2601 1856 2661 τοῦ
1901 2598 2130 2662 ἀκούειν
2175 2599 2326 2667 τινὸς
2371 2601 2796 2682 κωμῳδοῦντος
2839 2600 3034 2665 καλῶς

530 2690 775 2785 φθείρει
807 2700 911 2785 τὴν
968 2701 1085 2764 ἀπὸ
1138 2705 1240 2764 τοῦ
1295 2702 1751 2785 τραγηματίζειν.
1842 2702 1896 2763 εἰ
1939 2700 2023 2781 δέ,
2093 2700 2124 2763 ὃ
2170 2703 2208 2784 ἡ
2256 2701 2482 2764 ἐναντία
2537 2700 2690 2785 λύπη
2748 2705 2904 2763 ποιεῖ
2952 2703 3028 2784 τῇ
3058 2715 3112 2758 15

530 2804 750 2886 ἡδονῇ,
817 2808 987 2867 τοῦτο
1055 2808 1211 2867 ποιεῖ
1265 2806 1303 2887 ἡ
1372 2801 1487 2867 ἀπό
1548 2827 1696 2873 τινος
1762 2803 1944 2867 ἄλλου
2007 2806 2222 2888 ἡδονή,
2286 2803 2392 2868 οὐκ
2461 2803 2530 2867 ἂν
2597 2802 2690 2887 εἴη
2757 2804 3032 2887 ὁμοειδὴς

534 2905 704 2989 αὕτη,
750 2909 831 2975 ὡς
873 2912 959 2992 τῷ
990 2908 1228 2992 ἀριθμῷ
1262 2907 1553 2991 διαφέρειν
1596 2908 1789 2989 μόνον.
1865 2905 1949 2970 ἔτι
1978 2906 2082 2991 <εἰ>
2111 2909 2171 2971 αἱ
2213 2908 2416 2991 ἡδοναὶ
2461 2909 2670 2971 οἰκεῖαι
2716 2911 2836 2976 ταῖς
2883 2906 3034 2990 ἐνερ-

531 3009 734 3090 γείαις,
796 3008 890 3093 ἐφ’
946 3010 1038 3079 αἷς
1090 3011 1361 3093 γίνονται,
1419 3011 1558 3094 τέλη
1612 3010 1781 3074 οὖσαι
1832 3011 2024 3074 αὐτῶν
2077 3015 2192 3074 τῶν
2247 3010 2372 3074 κατ’
2429 3010 2581 3081 εἶδος
2633 3012 3034 3096 διαφερουσῶν

424 3130 491 3179 25
530 3113 801 3197 ἀλλήλων
856 3113 1179 3197 ἐνεργειῶν,
1246 3113 1360 3177 εἶεν
1407 3113 1475 3177 ἂν
1521 3114 1618 3177 καὶ
1662 3116 1723 3177 αἱ
1766 3115 1970 3197 ἡδοναὶ
2016 3114 2204 3197 ἕτεραι
2246 3118 2332 3199 τῷ
2381 3112 2522 3177 εἴδει
2568 3115 2859 3199 ἀλλήλων.
2949 3110 3033 3176 ἔτι
3059 3128 3117 3170 εο

540 3216 591 3278 εἰ
633 3216 740 3299 τὴν
786 3220 887 3279 τοῦ
920 3217 1248 3281 ἀκολάστου
1291 3218 1507 3301 ἡδονὴν
1555 3218 1637 3300 μὴ
1670 3215 1791 3280 οἷόν
1835 3240 1900 3280 τε
1943 3217 2200 3300 ἡσθῆναι
2243 3217 2340 3279 τὸν
2388 3219 2687 3301 σώφρονα,
2735 3216 2886 3301 μηδὲ
2931 3217 3035 3299 τὴν

534 3322 635 3383 τοῦ
681 3322 984 3405 σώφρονος
1036 3322 1134 3383 τὸν
1190 3318 1541 3395 ἀκόλαστον,
1597 3319 1705 3383 οὐκ
1756 3318 1825 3383 ἄν
1885 3319 1998 3382 εἶεν
2055 3321 2340 3401 ὁμοειδεῖς
2395 3319 2674 3402 ἀλλήλαις
2727 3320 2787 3383 αἱ
2833 3320 3036 3403 ἡδοναὶ

536 3426 737 3486 πᾶσαι.
829 3422 977 3486 ἀλλὰ
1026 3425 1139 3508 μὴν
1184 3424 1249 3487 τὸ
1294 3430 1547 3506 πρῶτον,
1593 3424 1658 3486 τὸ
1703 3422 1817 3507 ἄρα
1863 3422 2147 3507 δεύτερον.
2201 3421 2207 3508 Ι
3059 3438 3115 3481 25

531 3646 665 3711 XX.
744 3644 883 3713 Ὅτι
930 3650 1017 3732 μὴ
1064 3651 1199 3734 χρὴ
1247 3654 1618 3735 πανταχοῦ
1663 3650 1735 3712 τὸ
1780 3650 2129 3735 χρήσιμον
2176 3653 2430 3735 ζητεῖν.
3033 3658 3140 3715 268

424 3838 497 3888 3ο
689 3818 754 3886 Ὁ
814 3820 877 3883 ἐν
930 3822 1093 3905 πάσῃ
1153 3821 1355 3905 πράξει
1412 3823 1508 3885 καὶ
1566 3823 1733 3885 παντὶ
1793 3822 2098 3905 μαθήματι
2149 3823 2215 3885 τὸ
2276 3824 2563 3906 χρήσιμον
2621 3823 2881 3886 ἀπαιτῶν
2937 3825 3034 3887 καὶ

540 3924 720 4008 μηδὲν
766 3922 943 3993 ἀξιῶν
991 3924 1301 4007 μανθάνειν
1356 3924 1395 4008 ἣ
1442 3930 1655 4002 ποιεῖν,
1712 3928 1744 3990 ὃ
1793 3927 1875 4009 μὴ
1933 3923 2054 3989 ἔστι
2099 3926 2419 4009 χρήσιμον,
2481 3925 2650 3995 οὖτος
2707 3926 2930 4010 ἀναιρεῖ
2968 3930 3034 3991 τὸ
3089 3943 3118 3986 5

422 4169 457 4222 2
493 4167 527 4241 ᾗ
566 4172 682 4224 SFa
718 4172 833 4237 Sp.:
872 4171 917 4223 εἰ
954 4172 1048 4222 VB
1264 4171 1296 4222 3
1334 4170 1537 4243 αισχρὸν
1574 4176 1625 4223 V
1857 4172 1889 4225 5
1926 4176 2047 4239 post
2080 4170 2175 4241 ἡδὺ
2213 4171 2327 4223 add.
2369 4171 2394 4223 ὃ
2433 4190 2465 4223 a
2676 4173 2709 4225 8
2748 4172 2914 4225 αὑτῶν
2953 4178 3018 4225 V=
3055 4174 3142 4226 αὐ·-

422 4262 513 4310 τοῦ
549 4258 643 4309 B¹z
683 4258 838 4311 αὐτοῦ
876 4256 977 4310 B²a
1014 4260 1127 4325 Sp.:
1166 4258 1348 4310 ἑαυτοῦ
1386 4258 1450 4311 8⁴³
1667 4259 1730 4310 10
1767 4254 1811 4329 q}
1851 4258 2022 4311 Vict.?
2061 4260 2174 4326 Sp.:
2216 4258 2287 4316 ὡς
2323 4258 2441 4312 libri
2655 4259 2708 4311 δὲ
2745 4274 2845 4311 om.
2883 4278 2915 4311 a

428 4346 486 4398 11
527 4346 605 4415 τῷ
641 4345 814 4399 Vict.?
852 4348 969 4413 Sp.:
1008 4345 1067 4397 τὸ
1103 4346 1225 4399 libri
1444 4345 1504 4397 12
1560 4344 1904 4416 ἐρυθαίνεσθαι
1941 4346 2218 4401 V²GSF13=
2271 4344 2588 4425 ἐρυθένεσθαι
2627 4349 2724 4398 V¹:
2767 4345 3141 4418 ἐρυθραίνεσθαι

422 4466 457 4501 a
492 4450 580 4517 Sp.
818 4449 880 4502 13
935 4449 1189 4519 γινόμενον
1237 4450 1309 4503 ἔτι
1346 4470 1378 4503 a
1412 4453 1501 4518 Sp.
1740 4451 1800 4503 19
1858 4457 1960 4503 τῶν
1999 4450 2150 4521 ἧττον
2186 4468 2267 4503 σπ.
2307 4451 2475 4504 Vict.?
2708 4451 2777 4505 20
2831 4452 3142 4520 κωμωδοῡν-

422 4551 513 4588 τοσ
542 4541 591 4591 V
769 4536 831 4589 21
885 4538 1283 4607 τραγηματίζειν]
1322 4558 1392 4608 μα
1430 4541 1485 4591 ίῐι
1524 4539 1599 4591 lit.
1642 4542 1687 4589 V
1904 4537 1930 4590 ὃ
1967 4540 1999 4608 ἡ
2039 4540 2206 4593 Diels:
2246 4539 2307 4609 δὴ
2346 4540 2661 4593 VS¹B¹GF:
2700 4538 2762 4607 δὴ
2802 4537 2922 4610 ὅπερ
2959 4538 3142 4593 S²B2a

422 4626 511 4691 Sp.
688 4622 830 4677 λύπει
869 4626 937 4676 Vl
977 4626 1127 4691 (corr.
1166 4626 1259 4694 V²)
1456 4626 1523 4679 23
1560 4625 1687 4695 αὕτη
1730 4630 1792 4677 V:
1830 4626 1958 4697 αὐτὴ
2000 4646 2032 4679 a
2066 4630 2184 4695 Sp.:
2225 4627 2379 4697 αὐτῆς
2416 4630 2496 4680 SF
2693 4625 2765 4678 ἔτι
2805 4628 2862 4679 in
2899 4627 2975 4679 lit.
3015 4633 3066 4680 V

423 4712 467 4763 εἰ
503 4712 619 4764 add.
660 4710 917 4765 Schwartz
1132 4713 1199 4766 25
1246 4714 1341 4767 εἶεν
1389 4712 1476 4765 οὖν
1527 4712 1585 4765 ἂν
1624 4714 1741 4766 v²B
1785 4716 1919 4767 Vict.
1957 4717 2045 4782 Sp.
2259 4714 2325 4767 26
2373 4712 2677 4783 ἀκολάστου]
2729 4732 2762 4765 κ
2798 4714 2855 4765 in
2901 4714 2979 4766 lit.
3017 4719 3068 4766 V

423 4793 642 4871 ᾗσθῆναι
690 4800 759 4850 Vl
806 4799 959 4866 (corr.
1008 4800 1100 4867 va)
1348 4800 1417 4853 30
1470 4800 1740 4879 χρήσιμον]
1789 4816 1833 4858 σι
1881 4802 1996 4853 add.
2046 4801 2120 4854 V²
2331 4802 2393 4854 31
2451 4802 2485 4877 ἠ
2525 4804 2573 4852 V
2821 4801 3012 4879 ἀναιρεῖ
3055 4801 3138 4875 τὸ]

426 4886 671 4957 ἀναιρεῖτο
709 4890 757 4939 V
