3684 5567
550 266 674 329 114
1521 258 1831 315 ΑΠΟΡΙΩΝ
1874 258 1994 313 ΚΑΙ
2033 258 2298 313 Artem<

650 440 773 500 τοῦ
818 439 1128 521 θερμοῦ,
1186 439 1269 504 ὡς
1312 434 1525 516 γίνεται
1568 434 1685 498 ὑπὸ
1728 437 1831 496 τοῦ
1877 434 2204 517 πεπηγότος
2247 435 2436 516 πηλοῦ
2483 431 2578 495 διὰ
2621 429 2983 515 ψυχρότητα,
3027 428 3063 491 ὅ
3075 449 3158 493 σα
3183 446 3244 487 2⁰

651 540 725 603 δὲ
770 539 885 603 διὰ
928 539 1127 623 ψῦξιν
1169 538 1275 621 μὲν
1306 536 1583 621 πέπηγεν,
1628 535 1743 621 οὐχ
1772 535 1960 605 οὕτως
1989 536 2076 611 δέ,
2121 540 2204 603 ὥς
2233 537 2298 598 τὸ
2329 536 2548 619 θερμὸν
2577 534 2770 596 αὐτῶν
2801 532 3164 618 κεχωρίσθαι

652 644 855 725 μόνον,
910 641 1031 705 ἀλλ’
1088 644 1171 710 ὡς
1218 642 1321 705 σὺν
1365 640 1554 724 τούτῳ
1600 640 1696 703 καὶ
1742 640 1807 703 τὸ
1854 640 2026 722 ὑγρὸν
2079 638 2450 722 ἐξητμίσθαι,
2503 635 2660 701 ταῦτ’
2717 636 2786 700 ού
2832 638 3058 711 λύεται,
3111 635 3162 697 εἰ

648 746 731 828 μὴ
764 744 1208 830 ὑπερβαλλούσῃ
1240 741 1577 827 θερμότητι,
1624 742 1801 805 ἀλλὰ
1831 744 2257 825 μαλάττεται
2287 744 2384 804 καὶ
2413 741 2711 804 ἐλαύνεται
2743 744 2834 810 ὡς
2871 741 3166 824 σίδηρος
3190 755 3248 799 25

579 868 609 915 5
646 850 759 911 καὶ
804 848 1031 931 κέρας.
1108 847 1259 909 ἀλλὰ
1305 849 1487 909 ταῦτα
1518 845 1623 927 μὲν
1653 846 1749 909 καὶ
1780 846 2064 929 τήκεσθαι
2107 846 2282 928 λέγει,
2327 846 2416 907 διὸ
2463 845 2560 907 καὶ
2605 842 2991 927 προσέθηκεν,
3035 840 3160 905 τίνα

648 951 745 1013 καὶ
776 950 925 1013 ἄλλα
962 950 967 1016 Ι
1004 950 1261 1032 τήκεται.
1348 948 1547 1031 (ὅσα)
1593 949 1697 1029 μὲν
1744 948 1874 1011 ὑπὸ
1921 948 2186 1032 θερμοῦ
2235 946 2440 1031 ξηροῦ
2471 948 2826 1029 πηγνύμενα,
2871 944 3128 1009 τουτέστι
3175 951 3268 1008 221

640 1052 843 1137 πυρός,
888 1056 969 1117 τὰ
1016 1055 1137 1135 μὲν
1182 1052 1400 1115 ἄλυτα
1447 1051 1633 1133 με’νει,
1678 1051 1761 1113 τὰ
1804 1048 1858 1114 δ’
1900 1052 2058 1135 ὑγρῷ
2090 1051 2357 1113 λύεται·
2403 1050 2657 1133 κέραμος
2687 1049 2790 1129 μὲν
2823 1047 3032 1111 ἄλυτον
3063 1049 3160 1111 καὶ

646 1156 799 1218 λίθοι
844 1157 1009 1231 τινές,
1056 1158 1137 1219 ὧν
1184 1156 1223 1237 ἡ·
1268 1154 1490 1236 γένεσις
1536 1154 1665 1216 ὑπὸ
1710 1154 1924 1237 πυρὸς
1967 1158 2092 1236 γῆς
2137 1154 2658 1237 συγκαυθείσης
2703 1153 2798 1215 καὶ
2845 1151 3164 1233 ἑνωθείσης
3215 1167 3244 1210 5

646 1255 966 1341 [γίνονται],
1010 1260 1237 1341 νίτρον
1284 1258 1357 1320 δὲ
1403 1258 1517 1320 καὶ
1562 1256 1725 1325 ἅλες
1768 1256 1939 1318 λυτὰ
1983 1257 2202 1340 ὑγρῷ,
2249 1256 2331 1324 ὥς
2361 1275 2524 1339 φησι,
2571 1260 2810 1339 ψυχρῷ,
2854 1253 3040 1336 λέγων
3071 1259 3157 1336 τῷ

548 1380 609 1427 10
646 1358 707 1421 ἐν
752 1366 828 1443 τῇ
876 1362 1063 1445 οἰκεία
1107 1362 1277 1446 φύσει
1320 1383 1385 1423 τε
1432 1361 1525 1423 καὶ
1572 1360 1741 1443 οὐσία
1785 1357 1982 1444 ἔχοντι
2028 1361 2094 1422 τὸ
2147 1360 2392 1444 ψυχρόν,
2449 1357 2650 1422 ὁποῖόν
2695 1358 2818 1420 ἐστι
2863 1358 2930 1419 τὸ
2981 1358 3158 1440 ὕδωρ.

642 1462 832 1526 οὐκέτι
878 1466 943 1526 τὸ
975 1463 1169 1527 ἔλαιον
1202 1464 1261 1527 ἐν
1292 1469 1366 1545 τῇ
1402 1464 1581 1525 αὑτοῦ
1626 1462 1799 1544 φύσει
1845 1464 1942 1525 καὶ
1987 1462 2156 1545 οὐσία
2201 1464 2268 1523 τὸ
2299 1462 2522 1546 ψυχρὸν
2569 1458 2716 1545 ἔχει.
2803 1462 2894 1523 διὸ
2925 1458 3056 1522 οὐδ’
3096 1460 3157 1522 ἐν

642 1570 763 1635 τοῖς
800 1570 901 1629 τοῦ
947 1566 1153 1635 ι’ἶῦατος
1198 1565 1409 1629 εἴδεσιν
1456 1563 1663 1649 ἔλαβεν
1716 1565 1880 1639 αὐτό,
1927 1564 2032 1627 οῦκ
2084 1562 2210 1649 ἔχει
2255 1565 2322 1627 δὲ
2365 1566 2431 1625 τὸ
2477 1564 2702 1647 ψυχρὸν
2747 1563 2808 1625 ἐν
2855 1568 2929 1644 τῇ
2975 1564 3156 1625 αὑτοῦ
3185 1578 3241 1619 ιο

645 1668 835 1751 φύσει,
882 1668 970 1731 ὅτι
1018 1666 1149 1752 ἔχει
1194 1669 1341 1731 πολὺ
1388 1667 1579 1751 ἀέρος.

804 1766 950 1835 Ὅσα
980 1772 1089 1855 γὰρ
1120 1778 1239 1835 τῶν
1286 1771 1655 1854 μεμιγμένων
1702 1772 1950 1840 ὕδατος
1996 1770 2206 1834 πλέον
2254 1768 2292 1852 ἦ
2339 1775 2462 1853 γῆς
2505 1767 2686 1855 ἔχει,
2732 1768 3158 1853 (παχύνεται

545 1894 602 1941 15
644 1874 767 1955 μὲν
814 1874 945 1936 ὑπὸ
992 1872 1268 1956 πυρός,>
1315 1875 1654 1956 πήγνυται
1685 1874 1787 1949 δέ,
1834 1873 1961 1937 ὅσα
2007 1878 2128 1957 γῆς
2174 1872 2369 1952 πλέον,
2417 1870 2495 1935 δι’
2537 1874 2619 1935 ὧν
2651 1870 2884 1947 ἔδειξεν,
2929 1870 3020 1935 ὅτι
3056 1872 3152 1933 καὶ

639 1976 713 2039 τὸ
744 1976 971 2060 νίτρον
1016 1978 1130 2039 καὶ
1162 1977 1225 2039 οἱ
1274 1976 1435 2045 ἅλες
1462 1982 1587 2059 γῆς
1642 1977 1781 2041 εἰσι
1826 1980 2088 2058 μᾶλλον
2117 1975 2343 2060 (πηκτὰ
2377 1976 2486 2060 γάρ
2517 1976 2638 2039 ἐστι
2667 1980 2752 2060 τῷ
2785 1976 3020 2059 θερμῷ,
3065 1974 3148 2035 ὧν
3177 1990 3231 2031 15

641 2079 738 2140 καὶ
782 2078 945 2145 λίθος
976 2079 1072 2140 καὶ
1104 2077 1406 2161 κέραμος).
1481 2078 1614 2162 ἑξῆς
1658 2081 1789 2162 περὶ
1837 2080 2030 2142 ἐλαίου
2063 2080 2359 2163 ἠπόρησεν
2387 2076 2554 2161 (οὔτε
2585 2080 2692 2160 γὰρ
2725 2078 3006 2160 πήγνυται
3044 2077 3154 2140 ὑπὸ

639 2184 891 2265 ψυχροῦ,
924 2180 956 2241 ὃ
988 2178 1214 2264 ἔπασχε
1246 2180 1319 2242 τὰ
1348 2180 1408 2248 ἐξ
1440 2182 1644 2251 ὕδατος
1678 2180 1835 2257 ὄντα,
1869 2180 1999 2244 οὔθ’
2029 2182 2141 2244 ὑπὸ
2177 2182 2397 2265 θερμοῦ
2429 2183 2732 2264 πήγνυται,
2765 2180 2799 2242 ὃ
2831 2182 3050 2265 πάσχει
3080 2178 3152 2242 τὰ

638 2285 703 2345 τὸ
736 2285 933 2345 πλεῖον
964 2280 1177 2366 ἔχοντα
1222 2287 1347 2366 γῆς,
1394 2284 1459 2345 τὸ
1505 2285 1571 2346 δὲ
1614 2284 1895 2366 πήγνυται
1941 2284 2044 2366 μὲν
2077 2282 2172 2347 ὑπ’
2217 2284 2544 2368 οὐδετέρου,
2591 2284 2910 2368 παχύνεται
2943 2284 3008 2345 δὲ
3039 2280 3137 2345 ὑπ’
3175 2296 3236 2339 2⁰

534 2406 601 2451 20
639 2386 907 2470 ἀμφοῖν),
959 2385 1141 2447 αἰτίαν
1182 2384 1453 2448 ἀπέδωκε
1493 2387 1559 2448 τὸ
1598 2385 1743 2449 εἶναι
1795 2389 2060 2469 πλῆρες
2105 2386 2340 2470 ἀέρος,
2393 2386 2460 2449 οὔ
2495 2391 2734 2470 σημεῖον
2767 2384 3056 2469 παρέθετο
3089 2385 3154 2447 τὸ

639 2488 990 2572 ἐποχεῖσθαι
1036 2493 1120 2572 τῷ
1172 2489 1364 2564 ὕδατι,
1424 2488 1455 2550 ὃ
1502 2493 1655 2551 ποιεῖ
1701 2489 1731 2551 ό
1778 2488 1896 2571 ἀὴρ
1944 2488 2040 2550 καὶ
2085 2488 2196 2551 ὅσα
2241 2486 2372 2573 ἔχει
2417 2488 2594 2552 πολὺν
2641 2488 2788 2572 ἀέρα
2831 2488 2892 2550 ἐν
2937 2488 3152 2563 αὑτοῖς,

638 2593 720 2659 ὡς
764 2590 835 2652 τὰ
882 2589 1037 2658 ξύλα.
1112 2589 1198 2674 ἐφ’
1240 2591 1329 2659 οἷς
1373 2595 1501 2658 πῶς
1544 2592 1649 2673 μὲν
1697 2591 1808 2652 ὑπὸ
1857 2594 1958 2652 τοῦ
2001 2594 2232 2674 ψυχροῦ
2279 2592 2596 2675 παχύνεται
2641 2594 2706 2654 τὸ
2751 2590 2943 2674 ἔλαιον
2973 2590 3154 2668 εἶπεν,
3181 2606 3236 2647 25

635 2696 763 2761 πῶς
817 2692 883 2754 δὲ
928 2693 1039 2754 ὑπὸ
1100 2697 1203 2755 τοῦ
1249 2694 1492 2777 θερμοῦ.
1584 2694 1651 2756 τὸ
1707 2694 1810 2773 μὲν
1863 2692 1974 2777 γὰρ
2033 2692 2331 2777 ψυξχρὸν
2393 2692 2696 2777 παχύνει
2755 2692 2897 2756 αὐτὸ
2953 2716 3117 2776 μετα-
3163 2702 3264 2757 222

639 2794 851 2877 βάλλον
898 2797 996 2858 τὸν
1040 2796 1102 2858 ἐν
1140 2794 1302 2879 αὐτῷ
1353 2796 1501 2879 ἀέρα
1544 2796 1629 2864 εἰς
1673 2796 1828 2879 ὕδωρ
1875 2800 1953 2877 τῇ
1987 2794 2152 2879 ψύξει
2192 2796 2261 2877 (η
2307 2795 2418 2879 γὰρ
2465 2800 2567 2858 τοῦ
2611 2794 2817 2864 ὕδατος
2861 2796 3022 2879 ψῦξις
3066 2799 3154 2881 τῷ

528 2914 594 2963 25
634 2895 813 2981 ἐλαίῳ
846 2898 1175 2982 παχύτερον
1208 2897 1351 2961 αὐτὸ
1384 2898 1588 2979 ποιεῖ),
1630 2898 1761 2960 ὑπὸ
1794 2898 1870 2962 δὲ
1901 2898 2116 2981 πυρὸς
2155 2898 2272 2960 καὶ
2303 2897 2568 2981 χρόνου
2603 2898 3000 2983 παχύνεται
3041 2900 3153 2962 καὶ

636 3000 1113 3077 λευκαίνεται,
1159 2999 1651 3083 <λευκαίνεται>
1698 3001 1822 3084 μὲν
1869 2999 2368 3083 ἐξατμίζοντος
2411 3002 2476 3063 τὸ
2523 3000 2978 3086 ὑπολειπόμενον
3025 3001 3154 3064 ύδα-
3207 3018 3235 3059 5

633 3104 815 3171 τῶὸες
844 3102 905 3165 ἐν
937 3102 1123 3186 αὐτῷ,
1154 3103 1551 3187 παχύνεται
1582 3104 1647 3166 δὲ
1676 3090 1773 3165 διὰ
1802 3104 1868 3165 τὸ
1903 3104 2281 3187 μεταβάλλειν
2311 3105 2410 3166 τὸν
2441 3103 2588 3187 ἀέρα
2619 3106 2715 3167 τὸν
2749 3106 2810 3168 ἐν
2841 3106 3034 3189 ἑαυτῷ
3065 3106 3147 3175 εἰς

638 3204 793 3287 ὕδωρ
827 3206 939 3267 ὑπὸ
970 3210 1071 3268 τοῦ
1106 3206 1327 3289 θερμοῦ
1362 3206 1799 3289 μαραινόμενον.
1851 3206 2186 3289 μαραίνεται
2217 3206 2326 3289 γὰρ
2359 3206 2472 3269 ὑπὸ
2497 3210 2599 3269 τοῦ
2631 3208 2894 3277 πλείονος
2927 3210 3146 3293 θερμοῦ

634 3308 700 3369 τὸ
734 3304 987 3371 ἔλαττον.
1053 3306 1186 3390 μεθ’
1228 3308 1267 3371 ἃ
1307 3308 1563 3373 καθόλου
1604 3306 1809 3391 ἔλαβεν
1853 3312 1934 3377 ὡς
1963 3308 2325 3391 δεδειγμένον
2357 3310 2422 3372 τὸ
2455 3308 2586 3373 ὅσα
2617 3312 2743 3393 μὲν
2774 3316 2890 3373 τῶν
2925 3315 3142 3395 μικτῶν
3175 3328 3228 3368 ιο

528 3430 597 3477 3ο
636 3410 727 3494 μὴ
778 3410 1164 3495 παχύνεται
1210 3412 1341 3474 ὑπὸ
1387 3415 1695 3496 ψυχροῦ,
1745 3412 1920 3473 ἀλλὰ
1961 3412 2331 3494 πήγνυται,
2379 3416 2640 3496 μᾶλλον
2671 3417 2852 3477 ταῦτα
2899 3415 3148 3481 ὕδατος

638 3513 811 3588 εἶναι,
872 3512 1139 3595 (τοιαῦτα
1196 3512 1385 3582 οἶνος
1442 3512 1597 3583 ὅξος
1646 3514 1846 3577 κονία
1899 3512 2102 3598 οῦρον
2155 3512 2417 3597 ὀρρός),
2473 3513 2602 3577 ὅσα
2643 3516 2716 3578 δὲ
2765 3516 3152 3601 παχύνεται

636 3617 767 3678 ὑπὸ
814 3620 931 3678 τοῦ
962 3618 1179 3700 πυρὸς
1220 3617 1303 3701 μὴ
1336 3616 1783 3699 ἐξατμιζομένου
1816 3620 1916 3679 τοῦ
1951 3617 2010 3678 ἐν
2043 3616 2238 3683 αὐτοῖς
2269 3617 2464 3699 ὑγροῦ,
2511 3616 2591 3679 τὰ
2633 3617 2751 3697 μὲν
2793 3624 2920 3701 γῆς
2957 3620 3038 3682 τὰ
3078 3619 3153 3682 δὲ
3183 3636 3236 3677 ιε

605 3718 833 3782 ’κοινὰ
866 3717 1115 3787 ὕδατος
1146 3720 1259 3781 καὶ
1291 3718 1521 3803 ἀέρος,
1556 3717 1712 3800 μέλι
1745 3718 1866 3799 μὲν
1895 3723 2052 3801 γῆς,
2082 3718 2248 3781 κοινὰ
2279 3720 2345 3780 δὲ
2375 3716 2564 3779 ἔλαιον
2589 3718 2749 3802 [μέλι
2778 3722 2926 3802 γάλα
2955 3722 3150 3806 αἴμα].

634 3819 787 3903 λέγει
818 3822 883 3883 δὲ
911 3820 1109 3885 κοινὰ
1140 3820 1285 3883 εἶναι
1318 3820 1571 3890 ὕδατός
1601 3842 1663 3883 τε
1696 3822 1808 3883 καὶ
1839 3824 1992 3904 γῆς,
2041 3822 2239 3904 ὥσπερ
2271 3820 2341 3905 ἧν
2381 3822 2446 3883 τὸ
2483 3820 2634 3902 μέλι,
2679 3823 2832 3886 οὕτω
2863 3824 2928 3887 δὲ
2957 3826 3054 3888 καὶ
3084 3826 3150 3888 τὸ

532 3942 596 3991 35
635 3924 805 4004 γάλα,
851 3925 916 3987 τὸ
948 3923 1111 4005 αἷμα.
1181 3928 1283 3986 τοῦ
1314 3924 1380 3986 δὲ
1410 3925 1476 3987 τὸ
1510 3924 1657 4006 γάλα
1689 3924 1749 3993 ἐξ
1780 3924 1996 4009 ἀμφοῖν
2031 3924 2093 3986 ὃν
2129 3928 2325 3987 πλεῖον
2355 3930 2464 4008 γῆς
2495 3923 2654 4010 ἔχειν
2685 3926 2975 4009 παρέθετο
3011 3928 3152 3991 ὃεικ-
3179 3945 3236 3987 2⁰

536 4164 553 4213 1
601 4162 721 4231 ύπὸ]
761 4162 979 4215 fortasse
1015 4161 1113 4214 ἐπὶ
1256 4162 1287 4214 6
1325 4161 1665 4234 ἀλλατήκετᾱι
1704 4168 1749 4214 V
1895 4160 1986 4215 ὅσα
2023 4164 2140 4217 add.
2181 4166 2316 4217 Vict.
2357 4182 2418 4217 ex
2459 4165 2616 4217 Arist.
2644 4164 2826 4217 383b9
2971 4167 3002 4218 7
3041 4168 3260 4237 κέραμος

534 4252 666 4303 Vict.
709 4250 772 4302 cf.
814 4250 974 4303 Arist.
1012 4250 1259 4303 383bll:
1298 4250 1447 4319 κέρας
1483 4252 1605 4303 libri
1767 4252 1799 4303 8
1837 4257 1928 4321 τῆς
1965 4256 2054 4321 γῆς
2094 4254 2251 4306 Arist.
2413 4254 2444 4305 9
2481 4252 2699 4322 γίνονται
2735 4253 2898 4307 delevi
3054 4255 3106 4307 δὲ
3143 4258 3259 4323 Sp.:

530 4356 583 4389 τε
619 4338 740 4391 libri
885 4335 1011 4389 λυτὰ
1032 4338 1169 4389 vict.
1198 4338 1262 4389 ef.
1288 4338 1319 4389 Ι.
1347 4356 1391 4391 e.
1420 4338 1557 4393 383¹»
1576 4338 1667 4390 13:
1708 4338 1836 4392 αὐτὰ
1863 4340 1983 4393 libri
2132 4342 2194 4393 10
2231 4340 2374 4407 οὐσίᾳ
2396 4342 2558 4394 vict.:
2601 4342 2762 4411 οἰκείᾳ
2786 4342 2907 4396 libri
3056 4343 3114 4395 11
3155 4340 3258 4396 οὐδ’

528 4423 605 4493 ἐν]
646 4424 790 4477 ούδὲν
818 4442 849 4475 a
875 4426 964 4491 Sp.
1116 4426 1194 4477 14.
1229 4425 1291 4477 15
1329 4425 1607 4499 παχύνεται
1646 4430 1737 4495 μὲν
1776 4426 1874 4479 ὑπὸ
1914 4428 2070 4498 πυρὸς
2105 4428 2282 4481 addidi
2323 4446 2388 4481 ex
2419 4429 2575 4482 Arist.
2603 4430 2845 4483 383b18:
2885 4429 3159 4503 παχύνεται
3181 4438 3259 4484 τῶ

528 4512 704 4583 θερμῷ
732 4512 847 4564 add.
876 4514 1007 4564 vict.
1158 4512 1217 4565 15
1257 4512 1461 4581 ἔδειξεν]
1501 4515 1950 4579 114‚14-115,·22
1975 4538 2040 4560 =
2065 4516 2222 4569 Arist.
2249 4518 2455 4569 Meteor.
2485 4516 2571 4581 IV,
2597 4516 2646 4568 7.
2685 4516 3188 4573 383b18-384b23

532 4600 593 4651 17
634 4600 687 4659 ἐξ
712 4599 774 4669 ἧς
801 4618 833 4651 a
974 4600 1193 4652 fortasse
1231 4601 1488 4672 ἀπορήσας
1635 4602 1699 4655 19
1736 4602 1794 4654 τὸ
1825 4606 1943 4670 (pr.)
1971 4607 2087 4671 Sp.:
2125 4622 2180 4655 τε
2207 4604 2324 4657 libri
2469 4604 2538 4657 20
2575 4602 2632 4657 οὔ
2661 4606 2819 4658 αἰτίαν
2847 4608 2980 4659 vict.
3125 4606 3188 4659 21
3231 4606 3259 4659 ὃ

529 4689 645 4753 Sp.:
676 4686 732 4737 ὃν
760 4687 879 4740 libri
1024 4686 1090 4738 22
1118 4688 1251 4741 εἶπεν
1277 4688 1559 4742 Schwartz:
1588 4690 1657 4746 εἰς
1684 4690 1740 4742 τὸ
1768 4690 1820 4743 ἓν
1848 4692 1920 4755 (ἐν
1942 4694 2010 4753 V)
2037 4692 2154 4744 libri
2299 4691 2365 4743 ⁴26
2391 4690 2702 4745 λευκαίνεται
2727 4692 2843 4746 add.
2867 4696 2956 4761 Sp.
2975 4711 3041 4747 ex
3066 4695 3223 4748 Arist.

528 4774 599 4825 30
636 4772 827 4841 μᾶλλον
864 4776 952 4841 Sp.
990 4790 1057 4832 ex
1094 4776 1285 4831 Arist.=
1326 4776 1463 4845 μάλα
1501 4776 1621 4830 libri
1775 4776 1837 4830 31
1883 4776 2028 4847 ὀρρός
2064 4782 2178 4846 Sp.:
2218 4778 2362 4849 ὄρρος
2401 4780 2562 4833 Ἥρω
2604 4780 2717 4853 ὀρός
2759 4784 2877 4833 VB:
2925 4779 3039 4853 ὄρος
3075 4784 3190 4835 FSa

530 4861 597 4913 33
636 4860 748 4929 μέλι
783 4859 913 4931 γάλα
950 4861 1073 4929 αἷμα
1110 4863 1209 4917 del.
1247 4866 1335 4932 Sp.
1482 4866 1549 4917 34
1588 4862 1723 4916 οὕτω
1770 4868 1885 4932 Sp.:
1923 4864 2090 4935 τούτῳ
2128 4868 2248 4920 libri
2393 4866 2459 4920 35
2497 4868 2584 4921 καὶ
2619 4867 2678 4921 τὸ
2717 4868 2838 4937 αἷμα
2875 4870 3012 4923 vict.
