3684 5567
558 238 667 277 vm
1720 230 2116 285 PRAEFATIO

562 404 752 471 huius
843 405 1241 473 collectionis
1323 426 1408 473 ne
1496 406 1850 490 excogitari
1922 404 2180 490 quidem
2253 424 2447 491 posse
2517 403 2999 488 inscriptionem
3071 402 3276 485 magis

561 527 883 595 idoneam.
1752 508 1780 523 ⁴

734 647 973 713 Verum
1018 651 1141 710 est:
1189 643 1419 712 tertiae
1464 652 1711 711 tantum
1744 643 1910 730 parti
1940 650 2097 729 apta
2139 651 2257 711 est.
2347 650 2412 710 et
2453 650 2672 709 manet
2710 642 2874 709 haec
2915 638 3274 725 difficultas,

470 756 487 765 ”
567 765 819 835 etiamsi
884 765 1133 848 reliqua
1196 762 1743 849 perscrutantibus
1804 770 2077 848 augetur
2131 783 2436 830 numerus
2491 764 2980 847 problematum.
3069 766 3278 845 potest

568 885 739 953 enim
769 891 1013 968 auctor,
1058 903 1247 967 quem
1293 882 1568 949 vidimus
1612 905 1766 967 rem,
1811 905 1941 948 non
1982 883 2230 949 formae
2259 882 2782 967 aequabilitatem
2815 900 3095 959 curasse,
3141 900 3278 963 pro-

569 1003 867 1070 blematis
913 1000 1341 1068 destinavisse
1386 1002 1581 1069 etiam
1624 1004 1710 1088 ΙΙ,
1730 1005 1835 1088 23,
1884 1002 1991 1069 ubi
2035 1021 2248 1068 vanae
2290 1000 2699 1086 Empedoclis
2744 1000 3088 1066 Democriti
3134 998 3278 1064 Dio-

570 1122 751 1206 genis
783 1122 865 1189 de
910 1127 1210 1204 magnete
1256 1121 1591 1206 opiniones
1637 1128 1702 1189 et
1745 1123 1918 1208 quod
1962 1123 2045 1188 de
2086 1140 2242 1188 vera
2266 1120 2617 1204 quaerendi
2650 1118 2898 1187 ratione
2943 1120 3277 1204 (ἀναγκαῖον

572 1241 914 1328 ἐζητηκέναι
960 1241 1136 1325 74,5)
1180 1239 1321 1324 ipse
1364 1239 1696 1325 praefatur
1739 1241 2138 1327 respondent
2179 1240 2316 1307 fere
2361 1239 2627 1325 aporiae
2679 1237 3137 1321 constitutioni,
3188 1257 3280 1303 se-

573 1361 786 1444 quitur
838 1358 1071 1427 solutio
1131 1358 1549 1425 difficultatis:
1618 1360 1970 1430 Alexandri
2039 1358 2401 1446 explicatio.
2490 1360 2724 1427 deinde
2793 1366 2861 1427 ut
2911 1360 2998 1438 ΙΙ,
3020 1360 3061 1423 5
3113 1357 3279 1424 iusto

576 1477 976 1567 problemate
1020 1487 1265 1565 pugnat
1307 1487 1531 1546 contra
1575 1480 1933 1548 Stoicorum
1988 1480 2072 1547 de
2114 1480 2318 1547 libera
2361 1480 2695 1545 voluntate
2740 1476 3125 1565 opinionem,
3177 1498 3284 1562 po-

575 1607 701 1666 test
756 1596 948 1665 etiam
994 1608 1065 1664 ut
1106 1599 1495 1666 insereretur
1539 1600 1957 1686 problematis
2005 1602 2052 1683 Ι,
2076 1602 2119 1665 4
2162 1598 2524 1684 scripsisse,
2590 1620 2716 1683 quo
2760 1598 3018 1665 illorum
3070 1597 3155 1663 de
3206 1616 3283 1663 eo

575 1719 751 1804 quod
794 1717 929 1785 fieri
976 1724 1191 1803 potest
1233 1719 1590 1786 doctrinam
1634 1719 1890 1787 refellit.
1989 1719 2228 1804 pendet
2275 1718 2445 1792 enim
2500 1726 2674 1785 certe
2731 1719 2894 1785 haec
2937 1717 3284 1803 disputatio

576 1860 618 1904 a
673 1838 871 1904 tacita
921 1838 1300 1923 quaestione
1352 1840 1405 1902 εἰ
1456 1840 1687 1927 πάντων
1740 1839 2056 1925 γινομένων
2110 1838 2244 1905 καθ’
2299 1839 2655 1925 εἱμαρμένην
2710 1842 3020 1913 σώζεται
3069 1840 3136 1903 τὸ
3198 1841 3288 1903 δυ-

578 1960 746 2023 νατὸν
799 1962 897 2023 καὶ
952 1957 1352 2043 ἐνδεχόμενον,
1420 1960 1598 2025 cuius
1642 1966 1945 2043 quattuor
2009 1980 2322 2045 responsa
2376 1967 2445 2023 ut
2495 1958 2718 2025 variae
2785 1958 2972 2023 unius
3024 1957 3288 2042 aporiae

580 2077 935 2143 solutiones
1010 2086 1469 2161 proponuntur.
1580 2078 1775 2144 affine
1840 2078 2120 2162 denique
2193 2078 2340 2143 huic
2404 2077 2757 2160 quaerendi
2823 2078 3041 2161 generi
3113 2086 3290 2163 patet

582 2216 727 2262 esse
758 2197 807 2280 1,
832 2196 936 2278 21,
981 2195 1063 2261 de
1094 2217 1240 2280 quo,
1286 2197 1438 2281 quia
1482 2197 1715 2265 solutio
1761 2198 2097 2282 poststvaz
2145 2197 2348 2281 (35,8)
2391 2196 2545 2261 mihi
2576 2196 2830 2263 videtur
2873 2197 3098 2264 mutila
3127 2218 3290 2282 esse,

578 2314 671 2381 nil
716 2314 872 2381 certi
915 2314 1385 2385 affirmaverim.

750 2434 937 2501 Nunc
980 2456 1134 2501 vero
1179 2437 1265 2502 ad
1309 2437 1629 2503 diversum
1678 2458 1882 2521 genus
1934 2436 2242 2503 venimus.
2351 2454 2502 2500 nam
2546 2456 2626 2501 ex
2678 2435 2811 2501 alia
2855 2436 3182 2520 palaestra
3223 2436 3289 2502 in

582 2554 702 2619 has
747 2554 1007 2638 aperias
1061 2556 1397 2641 irrepsisse
1464 2578 1544 2623 ea
1596 2556 1829 2641 capita,
1897 2576 2064 2640 quae
2130 2556 2537 2639 ἐξηγήσεων
2603 2556 2787 2620 titulo
2855 2556 3292 2640 designantur,

584 2693 773 2739 nemo
819 2675 1097 2758 negabit.
1188 2676 1305 2743 sed
1347 2697 1431 2743 ne
1474 2677 1635 2743 haec
1680 2676 1940 2760 quidem
1993 2675 2352 2741 accuratius
2409 2674 2754 2758 inquirenti
2810 2696 2891 2741 ex
2943 2697 3070 2742 uno
3115 2676 3294 2742 fonte

583 2792 943 2861 derivanda
988 2814 1130 2861 esse
1173 2795 1581 2862 videbuntur.
1668 2814 1817 2861 nam
1863 2796 2031 2861 inter
2088 2795 2600 2878 quattuordecim
2661 2794 2960 2881 ἐξηγήσεις
3015 2794 3295 2879 quinque

585 2914 1027 2980 tantummodo
1082 2915 1205 2981 hoc
1256 2916 1517 2982 nomine
1569 2915 1661 2981 ita
1715 2917 1952 2999 dignae
2007 2921 2184 3000 sunt,
2242 2923 2309 2981 ut
2363 2916 2514 2981 olim
2563 2915 2796 2999 integri
2855 2915 3295 2982 commentarii

586 3040 805 3119 partes
848 3033 1045 3100 fuisse
1090 3035 1370 3120 possint:
1438 3035 1521 3119 II,
1546 3036 1605 3101 2.
1634 3037 1738 3101 24.
1765 3036 1850 3100 26
1893 3036 2180 3118 111,7.9.
2261 3042 2483 3101 contra
2527 3055 2610 3101 ne
2653 3035 2704 3118 Ι,
2733 3036 2811 3100 11
2857 3054 2939 3101 ex
2985 3057 3298 3103 commen-

588 3152 751 3219 tario
783 3153 869 3218 ad
901 3152 1265 3219 Aristotelis
1297 3155 1783 3239 psychologiam
1813 3155 2218 3239 desumptum
2265 3174 2406 3220 esse
2451 3162 2766 3238 putemus,
2821 3162 2933 3220 aut
2977 3155 3062 3240 ΙΙ,
3087 3158 3169 3221 22
3215 3177 3295 3223 ex

587 3271 1118 3356 interpretatione
1164 3274 1466 3339 librorum
1502 3276 1597 3341 De
1643 3276 2052 3359 corruptione
2098 3280 2163 3339 et
2193 3272 2631 3355 generatione,
2676 3272 2915 3339 diserte
2946 3295 3297 3342 monemur.

587 3392 655 3458 in
711 3392 823 3458 illo
870 3390 1035 3458 enim
1084 3392 1297 3475 eapite
1340 3394 1601 3480 (21,18)
1666 3396 1936 3479 legimus
1981 3394 2068 3457 ὅτι
2114 3394 2216 3476 μὲν
2262 3390 2518 3469 οὖν...,
2572 3392 2872 3479 εἴρηταί
2922 3418 3042 3479 μοι
3086 3396 3155 3458 ἐν
3201 3401 3295 3480 τῷ

590 3514 693 3580 εἰς
738 3512 975 3575 ἐκεῖνο
1022 3510 1115 3595 (τὸ
1158 3516 1386 3597 πρῶτον
1420 3514 1561 3600 Περὶ
1606 3516 1834 3601 ψυχῆς)
1879 3515 2270 3599 ὑπομνήματι,
2316 3511 2504 3577 huius
2551 3532 2631 3577 ex
2675 3512 3093 3597 inscriptione
3137 3534 3302 3579 com-

591 3632 872 3715 perimus
936 3630 1132 3695 aliam
1196 3632 1791 3716 interpretationem
1862 3634 1927 3698 in
1985 3631 2336 3699 Alexandri
2392 3632 2849 3697 commentario
2904 3634 3299 3718 propositam

592 3770 737 3817 esse
784 3748 1081 3835 (ἐξήγησις
1124 3748 1351 3821 ἄλλως
1394 3750 1667 3838 ἔχουσα
1712 3752 1893 3838 παρὰ
1937 3754 2058 3838 τὴν
2104 3753 2172 3816 ἐν
2218 3757 2310 3837 τῷ
2357 3752 2464 3821 εἰς
2506 3750 2677 3814 αὐτὸ
2719 3750 2815 3834 (τὸ
2861 3752 3127 3838 δεύτερον
3163 3754 3301 3839 Περὶ

592 3869 877 3953 γενέσεως
920 3871 1017 3933 καὶ
1062 3870 1317 3956 φθορᾶς)
1362 3873 1779 3959 ὑπομνήματι).
1872 3872 2181 3938 habemus
2225 3871 2419 3954 igitur
2464 3872 3063 3937 commentariorum
3121 3872 3302 3954 quasi

594 3989 908 4073 epimetra
953 3991 1291 4073 quaedam,
1357 3992 1425 4057 in
1494 3992 1723 4076 quibus
1788 3992 2174 4058 difficiliores
2239 3989 2629 4057 Aristotelici
2675 3990 2820 4074 loci,
2888 3990 2984 4057 de⁵
3037 4012 3304 4075 quorum

592 4108 1057 4193 significatione
1102 4130 1143 4175 a
1186 4112 1633 4196 Peripateticis
1678 4112 2112 4196 dubitabatur,
2157 4110 2504 4195 separatim
2554 4115 2930 4175 tractantur.
3019 4112 3191 4194 quod
3238 4118 3306 4176 ut

592 4230 827 4295 clarius
871 4237 1113 4315 pateat,
1158 4231 1474 4297 conducet
1525 4232 1689 4297 haec
1733 4232 2096 4297 exscribere
2139 4232 2356 4315 21,14;
2446 4232 2786 4316 ἐζητεῖτο
2833 4235 2978 4298 πῶς
3027 4230 3306 4316 εἴρηται

593 4396 608 4411 .
636 4396 652 4413 .
680 4398 695 4414 .
744 4350 925 4432 28,8;
985 4326 1304 4437 ἠπορησε
1347 4354 1403 4415 τί
1443 4348 1576 4415 πότ’
1632 4350 1757 4415 ἐστι
1798 4350 1866 4414 τὸ
1908 4352 2208 4436 εἰρημένον
2254 4352 2348 4415 διὰ
2392 4350 2605 4434 ταύτης
2659 4354 2763 4434 τῆς
2805 4348 3017 4419 λέξεως
3061 4348 3147 4414 ib.
3196 4351 3304 4415 16:

596 4469 661 4530 τό
707 4490 769 4530 τε
822 4466 1007 4551 λέγειν
1043 4515 1103 4533 ..
1132 4519 1146 4534 .
1192 4470 1553 4556 ἀπορήσαι
1614 4494 1699 4540 τις
1750 4470 1818 4534 ἄν
1865 4468 1976 4555 (ad
2033 4470 2316 4556 ἠπόρησε,
2385 4472 2438 4537 si
2495 4468 2862 4535 Alexander
2929 4466 3052 4532 hoc
3115 4474 3308 4552 caput

595 4585 868 4670 scripsit,
914 4588 1309 4673 supplendus
1354 4596 1452 4655 est
1504 4588 1858 4673 „interpres
1889 4588 2066 4654 cuius
2097 4609 2330 4655 nomen
2362 4590 2671 4671 tacetur“,
2717 4585 2794 4651 cf.
2829 4585 3061 4669 122,34
3095 4586 3311 4670 123,4)

596 4706 820 4790 81,17:
866 4708 1191 4793 ἐζητήθη
1238 4708 1496 4773 καθόλου
1544 4710 1673 4772 ὑπὸ
1719 4714 1839 4792 τῆς
1885 4708 2293 4793 ἐξηγήσεως
2335 4707 2522 4792 90,3:
2578 4710 2742 4773 δοκεῖ
2795 4730 2890 4791 μοι
2947 4707 2977 4769 ὁ
3033 4708 3163 4775 νοῦς
3207 4710 3308 4769 τοῦ

594 4827 910 4914 λεγομένου
934 4874 950 4891 .
976 4873 992 4890 .
1022 4876 1036 4892 .
1083 4832 1341 4897 τοιοῦτος
1386 4826 1550 4893 εἶναι.
1640 4827 1841 4894 sentis
1885 4826 2049 4896 haec
2095 4832 2371 4912 cognata
2415 4846 2560 4892 esse
2605 4846 2749 4893 cum
2806 4823 3048 4909 aporiis
3102 4844 3310 4907 neque
