3684 5567
487 239 570 304 22
1214 237 1671 295 ΑΛΕΞΑΝΔΡΟΥ
1708 236 2017 294 ΑΙΙΟΡΙΩΝ
2057 235 2180 294 ΚΑΙ
2217 235 2484 292 ΛΥΣΕΩΝ

599 411 680 493 μὴ
743 413 956 496 κυρίως
1007 411 1125 496 <ὄν·
1179 413 1244 474 τὸ
1289 414 1398 496 γὰρ
1445 411 1550 495 ὡς)
1602 412 1768 494 γένος
1812 415 1965 496 ζῷον
2012 411 2363 497 βουλόμενος
2416 413 2681 496 δηλῶσαι
2734 408 3101 493 προσέθηκεν

595 517 680 597 τῷ
731 512 871 598 ζῴῳ
917 516 982 577 τὸ
1029 515 1305 589 καθόλου,
1351 516 1532 577 εἰπὼν
1581 515 1652 577 τὸ
1707 514 1829 597 γὰρ
1890 519 2071 600 ζῷον
2123 515 2198 577 τὸ
2253 513 2582 577 καθόλου.
2671 509 2828 574 τοῦτ’
2882 509 2982 574 οὖν
3036 511 3103 572 τὸ
3132 526 3188 568 ιο

599 619 680 684 ὡς
724 617 886 698 γένος
931 621 1083 700 ζῷον
1131 617 1261 699 ἥτοι
1305 616 1472 680 οὐδέν
1519 617 1692 692 ἐστιν,
1737 616 1865 678 ἐπεὶ
1912 618 1993 699 μὴ
2026 616 2196 701 φύσιν
2224 615 2354 680 τινὰ
2383 615 2599 678 οἰκείαν
2633 613 2919 696 σημαίνει,
2964 610 3091 676 ἀλλ’

600 715 754 781 ἔστιν
803 721 1132 802 σύμπτωμα
1174 719 1274 782 ἐπί
1311 741 1418 780 τινι
1448 718 1742 800 γινόμενον
1787 721 2098 803 πράγματι,
2146 717 2184 801 ἢ
2230 718 2282 779 εἰ
2326 718 2423 780 καὶ
2464 718 2532 780 τὸ
2576 716 2758 784 οὕτως
2804 714 2869 778 ὃν
2915 711 2979 776 ὄν
3022 736 3106 783 τις

525 840 555 889 5
594 821 772 904 λέγοι,
823 823 1058 907 ὕστερον
1105 820 1265 886 ἔσται
1311 820 1532 883 ἐκείνου
1579 816 1630 904 ᾧ
1681 821 1953 904 ὑπάρχει.
2019 822 2113 884 δεῖ
2149 820 2261 904 γὰρ
2306 819 2451 882 εἶναι
2496 823 2727 902 πρῶτον
2770 817 2836 881 τὸ
2868 821 3106 900 πρᾶγμα
3132 832 3186 874 ιε

594 929 697 986 τοῦ
758 924 1191 1008 συμβεβηκότος
1247 921 1435 1006 αὐτῷ.
1526 920 1614 984 ὅτι
1667 923 1733 984 δὲ
1787 923 2023 1007 ὕστερον
2076 926 2179 986 τοῦ
2234 923 2599 1005 πράγματος,
2656 923 2850 1002 δῆλον.
2941 916 3102 1001 ζῴου

604 1026 707 1108 μὲν
754 1027 864 1109 γὰρ
911 1025 1073 1094 ὄντος
1119 1025 1225 1087 οὐκ
1269 1025 1491 1108 ἀνάγκη
1537 1025 1601 1087 τὸ
1649 1027 1732 1093 ὡς
1773 1025 1938 1106 γένος
1984 1027 2137 1107 ζῷον
2176 1023 2325 1086 εἶναι
2366 1023 2629 1104 (δύναται
2657 1022 2765 1104 γὰρ
2796 1022 2939 1105 πρὸς
2970 1019 3105 1082 ὑπό-

601 1127 759 1190 θεσιν
807 1128 902 1190 καὶ
949 1127 1010 1189 ’ἐν
1055 1151 1108 1189 τι
1153 1131 1308 1211 ζῷον
1353 1124 1519 1200 εἶναι,
1566 1125 1694 1188 ἐπεὶ
1741 1124 1861 1209 [τὸ]
1911 1126 1993 1207 μὴ
2039 1126 2100 1188 ἐν
2146 1129 2218 1209 τῇ
2266 1125 2435 1208 οὐσίᾳ
2480 1125 2659 1188 αὐτοῦ
2698 1125 2764 1189 τὸ
2793 1122 3106 1204 καθόλου),

599 1230 651 1291 εἰ
697 1230 761 1292 δὲ
806 1228 900 1311 εἴη
944 1230 1010 1291 τὸ
1057 1231 1140 1297 ὡς
1183 1228 1346 1310 γένος
1392 1232 1567 1313 ζῷον,
1615 1229 1836 1311 ἀνάγκη
1882 1228 1978 1290 καὶ
2024 1229 2089 1290 τὸ
2135 1232 2288 1310 ζῷον
2328 1227 2492 1290 εἶναι.
2562 1226 2657 1288 καὶ
2688 1224 3107 1310 ἀναιρουμένης
3132 1239 3189 1282 ω

494 1351 555 1397 10
596 1331 703 1413 μὲν
760 1331 958 1398 οὐσίας
1013 1330 1286 1414 ἐμψύχου
1340 1331 1688 1413 αἰσθητικῆς
1740 1327 1863 1392 οὐδ’
1913 1329 1983 1392 ἂν
2038 1329 2103 1391 τὸ
2160 1333 2240 1398 ὡς
2291 1329 2455 1411 γένος
2507 1333 2661 1412 ζῷον
2704 1327 2797 1412 εἴη
2852 1326 2952 1410 (οὐ
2996 1327 3104 1411 γὰρ

598 1434 719 1497 οἷόν
775 1457 840 1495 τε
896 1434 960 1495 τὸ
1019 1433 1100 1514 μὴ
1157 1431 1219 1495 ὃν
1275 1433 1334 1494 ἐν
1388 1434 1643 1496 πλείοσιν
1697 1431 1901 1515 εἶναι),
1968 1432 2019 1494 εἰ
2074 1431 2269 1513 μέντοι
2318 1431 2653 1514 ἀναιρεθείη
2706 1431 2771 1493 τὸ
2820 1435 2900 1499 ὡς
2943 1431 3104 1512 γένος

595 1538 767 1621 ζῷον,
813 1533 921 1597 οὐκ
966 1534 1188 1614 ἀνάγκη
1236 1534 1332 1596 καὶ
1362 1534 1466 1615 τὴν
1499 1533 1697 1596 οὐσίαν
1742 1531 2010 1617 ἔμψυχον
2056 1532 2402 1616 αἰσθητικὴν
2447 1533 2807 1617 ἀνῃρῆσθαι·
2856 1530 2951 1616 εἴη
2995 1531 3101 1616 γὰρ
3129 1545 3185 1588 ¹⁸

594 1636 662 1699 ἂν
712 1639 792 1704 ὡς
836 1635 1000 1698 εἶπον
1047 1635 1142 1698 καὶ
1191 1633 1249 1696 ἐν
1296 1634 1398 1707 ἐνί,
1445 1635 1538 1696 καὶ
1583 1631 1704 1697 ἔστι
1751 1633 1846 1696 διὰ
1877 1633 2034 1698 ταῦτ’
2080 1633 2381 1718 εἰρημένον
2418 1632 2425 1719 Ι
2459 1637 2534 1700 τὸ
2579 1635 2619 1718 ἢ
2664 1633 2868 1697 οὐδέν
2914 1635 3101 1698 ἐστιν
3136 1640 3209 1696 47

593 1739 631 1821 ἢ
690 1740 1001 1820 ὕστερον.
1104 1737 1336 1818 ὕστερον
1391 1732 1443 1798 δ’
1503 1734 1565 1798 ὃν
1622 1740 1722 1798 τοῦ
1773 1737 2112 1820 πράγματος
2170 1730 2221 1822 ᾧ
2282 1738 2681 1824 συμβέβηκεν,
2734 1739 2907 1800 πάλιν
2958 1737 3102 1800 αὐτὸ

492 1861 553 1910 15
597 1845 826 1923 πρῶτον
874 1839 1124 1901 ἑκάστου
1171 1843 1286 1900 τῶν
1333 1839 1419 1922 (ἐν
1467 1837 1630 1920 μέρει
1674 1837 1798 1921 καὶ)
1844 1837 1941 1900 ὑπ’
1997 1838 2137 1902 αὐτὸ
2183 1839 2430 1921 γίνεται,
2485 1840 2627 1904 διότι
2683 1841 2749 1903 τὸ
2804 1841 2908 1922 μὲν
2952 1839 3103 1921 γένει

593 1942 746 2005 εἷναί
781 1942 933 2004 ἐστιν
979 1941 1040 2002 ἐν
1083 1945 1168 2024 τῷ
1217 1942 1366 2004 κατὰ
1409 1943 1645 2003 πολλῶν
1703 1941 1800 2004 καὶ
1848 1939 2238 2024 διαφερόντων
2284 1943 2765 2028 κατηγορεῖσθαι,
2822 1943 2887 2005 τὸ
2934 1940 2987 2006 δ’
3044 1943 3104 2005 ἐν
3156 1959 3185 2000 5

593 2046 756 2128 μέρει
808 2044 960 2107 εἶναί
999 2044 1122 2106 ἐστι
1177 2044 1242 2105 τὸ
1299 2042 1446 2124 μετὰ
1499 2047 1731 2106 πολλῶν
1785 2042 1931 2106 εἶναι
1988 2043 2086 2127 ὑφ’
2144 2043 2205 2107 ἕν
2262 2069 2313 2108 τι
2368 2047 2406 2130 ἢ
2460 2047 2625 2128 γένος
2666 2045 2705 2128 ἢ
2752 2045 2925 2115 εἶδος.
3014 2045 3103 2108 διὸ

592 2147 996 2231 ἀναιρουμένῳ
1045 2148 1148 2228 μὲν
1196 2147 1280 2209 ἑνὶ
1325 2152 1440 2209 τῶν
1487 2147 1600 2208 ὑπὸ
1647 2147 1712 2208 τὸ
1757 2148 1947 2209 κοινὸν
2001 2145 2071 2210 οὐ
2116 2153 2541 2232 συναναιρεῖται
2586 2149 2651 2210 τὸ
2698 2147 2909 2222 κοινόν,
2957 2147 3099 2209 διότι

593 2250 744 2313 ἐστὶν
791 2251 850 2312 ἐν
897 2252 1183 2312 πλείοσιν·
1228 2250 1284 2311 εἰ
1325 2246 1375 2312 δ’
1433 2249 1764 2332 ἀναιρεθείη
1811 2250 1877 2312 τὸ
1926 2249 2134 2322 κοινόν,
2181 2249 2303 2314 οὐδ’
2358 2250 2427 2314 ἄν
2474 2255 2592 2314 τῶν
2638 2251 2751 2314 ὑπὸ
2794 2251 2862 2314 τὸ
2910 2249 3098 2312 κοινὸν
3131 2266 3185 2307 ιο

485 2373 552 2420 20
587 2351 683 2437 εἴη
732 2376 804 2429 τι,
851 2351 936 2420 οἷς
980 2352 1046 2413 τὸ
1091 2349 1236 2415 εἶναι
1281 2352 1341 2414 ἐν
1385 2357 1472 2436 τῷ
1521 2351 1710 2415 ἐκεῖνο
1757 2350 1918 2437 ἔχειν
1964 2352 2024 2414 ἐν
2071 2354 2290 2422 αὐτοῖς.

585 2593 722 2658 le.
817 2588 1112 2675 [Ἄλλως
1155 2593 1230 2654 τὸ
1276 2591 1444 2654 αὐτὸ
1492 2591 2038 2674 ἐπιμελέστερον
2084 2595 2567 2680 τεταγμένον.]

759 2760 1052 2847 Ἐζητεῖτο
1108 2768 1236 2832 πῶς
1296 2759 1524 2846 εἴρηκεν
1592 2763 1652 2825 ἐν
1705 2767 1793 2846 τῷ
1848 2775 1886 2826 ᾶ
1934 2763 2073 2845 Περὶ
2134 2770 2332 2848 ψυχῆς
2381 2763 2785 2850 Ἀριστοτέλης
2847 2766 2922 2827 τὸ
2980 2764 3105 2849 γὰρ
3133 2780 3187 2822 15

591 2871 770 2950 ζῷον
826 2867 899 2929 τὸ
956 2865 1268 2928 καθόλου
1335 2866 1488 2950 ἤτοι
1550 2865 1751 2928 οὐδέν
1813 2866 2001 2928 ἐστιν
2062 2867 2099 2950 ἢ
2158 2867 2467 2952 ὕστερον.
2566 2866 2651 2930 ὅτι
2708 2868 2813 2950 μὲν
2868 2867 3105 2930 δύναται

591 2969 1010 3051 παραδείγματι
1055 2973 1139 3053 τῷ
1189 2967 1332 3054 ζῴῳ
1379 2970 1710 3053 κεχρῆσθαι
1756 2975 1873 3032 τῶν
1918 2969 2017 3032 ἐπὶ
2062 2975 2167 3053 τῆς
2196 2975 2396 3056 ψυχῆς
2442 2971 2542 3034 καὶ
2584 2976 2700 3034 τῶν
2746 2971 2903 3035 οὕτω
2948 2973 3105 3051 λεγο-

486 3091 550 3139 25
592 3071 780 3155 μένων
827 3071 1086 3134 καθόλου
1141 3075 1225 3140 ὡς
1267 3072 1334 3134 τὸ
1380 3078 1610 3154 πρῶτον
1667 3070 1826 3156 ἔχειν
1886 3074 1983 3136 καὶ
2042 3071 2339 3154 δεύτερον,
2398 3072 2753 3156 βουλόμενος
2808 3077 2935 3140 πῶς
2980 3070 3107 3157 ἔχει

592 3174 801 3249 δεῖξαι,
857 3171 1083 3257 εἴρηταί
1135 3197 1230 3253 μοι
1277 3175 1337 3236 ἐν
1391 3178 1476 3259 τῷ
1535 3175 1616 3242 εἰς
1671 3175 1858 3236 ἐκεῖνο
1911 3176 1975 3238 τὸ
2024 3175 2240 3259 βιβλίον
2287 3174 2681 3258 ὑπομνήματι.
2770 3175 2951 3236 εἰπὼν
2995 3173 3104 3257 γὰρ
3132 3190 3189 3233 ω

594 3275 682 3338 ὅτι
727 3278 846 3360 χρὴ
895 3275 1272 3359 εὐλαβεῖσθαι
1317 3274 1604 3339 ἄσκεπτον
1649 3280 1985 3340 καταλιπεῖν
2040 3279 2103 3340 τὸ
2152 3277 2392 3358 πότερον
2448 3283 2535 3361 τῷ
2580 3275 2723 3341 εἴδει
2770 3277 2943 3361 μόνον
2990 3279 3106 3340 δια-

599 3377 871 3460 φέρουσιν
918 3381 1189 3460 ἀλλήλων
1236 3381 1297 3441 αἱ
1343 3380 1526 3463 ψυχαὶ
1571 3379 1610 3462 ἢ
1658 3382 1753 3443 καὶ
1799 3384 1887 3464 τῷ
1932 3380 2109 3461 γένει·
2176 3382 2230 3444 εἰ
2270 3381 2379 3465 γὰρ
2424 3385 2594 3444 τοῦτο
2640 3380 2991 3465 διορισθείη,
3036 3379 3105 3442 οὐ

595 3477 804 3562 λήσεθ’
861 3481 1046 3562 ἡμᾶς,
1103 3479 1344 3565 πότερον
1392 3483 1476 3550 εἷς
1519 3505 1601 3551 τις
1655 3481 1824 3563 λόγος
1870 3487 2065 3567 ψυχῆς
2118 3481 2309 3551 κοινός
2361 3505 2424 3545 τε
2475 3484 2571 3546 καὶ
2614 3482 2855 3566 γενικός.
2942 3483 2997 3546 εἰ
3042 3484 3107 3547 δὲ
3134 3500 3187 3543 2⁶

495 3774 514 3823 1
561 3769 655 3841 μὴ]
697 3775 786 3838 μὲν
825 3789 856 3822 a
1033 3769 1089 3822 ὃν
1126 3770 1184 3824 τὸ
1222 3773 1314 3843 γὰρ
1353 3772 1422 3830 ὡς
1459 3773 1576 3824 add.
1619 3771 1829 3825 v²BS⁹u
1872 3773 1959 3838 Sp.
2010 3777 2061 3825 et
2101 3789 2145 3822 v.
2173 3771 2302 3836 24,3
2498 3769 2809 3844 προτίθηκεν
2847 3791 2878 3824 a
3070 3772 3103 3825 2
3140 3775 3217 3842 τῷ

491 3858 717 3910 καθόλου
754 3876 786 3909 a
947 3859 980 3911 8
1020 3859 1126 3910 ἐπεὶ
1164 3863 1279 3911 V²B
1319 3867 1366 3910 et
1407 3877 1451 3909 v.
1481 3859 1636 3924 24,5:
1678 3861 1784 3911 ἐπεὶ
1819 3859 1879 3912 τὸ
1902 3863 2185 3913 V'GFSLa
2363 3859 2394 3912 9
2431 3859 2475 3912 tl
2512 3857 2563 3912 δὲ
2602 3859 2678 3929 εἴη
2713 3859 2772 3912 τὸ
2812 3859 2883 3917 ὡς
2923 3857 3040 3912 V²B
3077 3861 3213 3913 vict.

493 3945 652 4010 (vict.
683 3945 797 3996 fort.
825 3944 902 4014 εἴη
939 3945 998 4013 ἣ)
1027 3945 1116 4012 Sp.
1144 3955 1196 3998 et
1233 3963 1278 3996 v.
1308 3945 1485 4008 24‚10:
1526 3945 1625 3998 ἔδει
1661 3947 1692 4015 ἢ
1719 3945 1777 3999 τὸ
1804 3948 1885 4013 (το
1909 3949 1999 4012 V')
2042 3945 2113 4004 ὡς
2138 3949 2426 4000 v¹GFSLa
2576 3947 2635 3998 10
2672 3946 2967 4016 αἰσθητικοῦ
2994 3947 3145 4001 FS¹L

493 4031 681 4084 οἴονται
722 4034 787 4081 V¹
829 4035 976 4096 (corr.
1008 4033 1097 4095 Ψ)
1275 4031 1334 4083 13
1389 4031 1469 4085 διὰ
1505 4029 1651 4086 τοῦτ’
1691 4036 1827 4086 coni.
1868 4034 1957 4102 Sp.
1998 4035 2062 4085 cf.
2090 4034 2255 4096 24,10
2440 4035 2499 4088 15
2538 4034 2589 4086 ἐν
2627 4034 2763 4104 μέρει
2800 4035 2887 4086 καὶ
2922 4035 3041 4087 add.
3079 4035 3215 4088 vict.

495 4129 546 4170 et
583 4135 628 4168 v.
658 4119 809 4180 24,17
978 4118 1128 4186 αὐτὸ]
1165 4119 1321 4172 αὐτοῦ
1359 4122 1475 4173 GF¹
1657 4119 1718 4172 18
1763 4121 1820 4172 οὐ
1860 4127 2220 4190 συναναιρεῖται
2256 4121 2391 4174 Vict.
2428 4128 2482 4174 et
2517 4137 2564 4172 V.
2595 4121 2776 4184 2420:
2815 4122 2909 4174 οὒκ
2948 4123 3217 4192 ἀναιρεῖται

494 4206 612 4258 libri
783 4206 850 4258 20
888 4205 1052 4264 αὐτοῖς
1082 4211 1143 4258 V:
1188 4206 1382 4265 ἑαυτοῖς
1421 4225 1465 4262 v,
1495 4208 1650 4269 24:2⁵2
1812 4207 1872 4259 21
1907 4205 2097 4266 Ἄλλως
2124 4206 2261 4276 κτλ.]
2289 4224 2421 4276 quae
2458 4215 2705 4260 secuntur
2740 4207 2806 4260 ad
2844 4212 3053 4262 verbum
3092 4224 3215 4262 con-

497 4306 688 4360 gruunt
729 4309 842 4344 cum
884 4295 1334 4360 antecedentibus,
1371 4296 1406 4347 i.
1434 4313 1477 4347 e.
1517 4294 1913 4358 21,14-22,:20
1940 4317 2006 4338 ==
2043 4296 2364 4360 ‘law—‘26
2402 4307 2450 4348 et
2490 4295 2923 4360 23,21-24‚21.
2964 4295 3217 4350 accedunt

498 4379 920 4442 22‚2ss—·23‚21‚
960 4382 1048 4432 ubi
1091 4383 1386 4433 accuratius
1434 4385 1713 4450 exponitur
1762 4379 1837 4433 ὅτι
1875 4380 2077 4435 δΰναται
2126 4383 2484 4454 παραδείγματι
2518 4384 2596 4451 τῷ
2630 4381 2749 4452 ζῴῳ
2787 4380 3067 4454 κεχρῆσθαι
3102 4381 3216 4436 κτλ.

497 4482 600 4532 qua
627 4466 688 4517 de
718 4485 766 4518 re
793 4469 844 4518 in
877 4471 1043 4534 priore
1071 4471 1240 4537 capite
1267 4470 1399 4520 satis
1427 4471 1607 4520 habuit
1637 4473 1700 4522 ad
1730 4471 2157 4521 commentarium
2187 4471 2249 4521 de
2274 4473 2451 4522 anima
2478 4483 2755 4536 provocare
2933 4471 2999 4522 22
3026 4469 3215 4542 εἴρηται

501 4557 711 4604 GFSLa
752 4555 851 4604 vid.
877 4571 906 4603 v
947 4555 1101 4614 21‚14
1280 4557 1570 4628 ἀριπτοτέὶη
1599 4561 1702 4609 διε
1743 4556 2045 4621 ἀριστοτέλει
2072 4561 2117 4610 G
2156 4557 2270 4625 Sp.:
2310 4557 2599 4627 ἀριστοτέλῃ
2640 4575 2671 4608 a
2846 4559 2938 4628 γὰρ
2976 4571 3075 4610 om.
3114 4575 3147 4610 a

499 4641 566 4690 :23
606 4645 696 4705 μὲν
735 4639 822 4691 οὖν
865 4642 994 4692 Ποῖ.
1175 4641 1241 4693 24
1281 4643 1589 4712 παράδειγμά
1626 4661 1674 4697 τι
1709 4663 1740 4695 ιι
1918 4650 2022 4695 τῶν
2061 4646 2109 4697 G
2144 4647 2231 4710 Sp.
2271 4659 2320 4694 ν.
2344 4643 2537 4707 41‚16=
2580 4643 2639 4696 τὸ
2677 4645 2861 4698 vBs¹:
2910 4644 2970 4696 τὸ
3006 4651 3113 4697 τῶν
3148 4647 3215 4698 F:

497 4727 576 4794 τῷ
603 4732 738 4779 &La
923 4731 987 4778 2ιὶ
1027 4729 1208 4796 εἰπὼν]
1247 4731 1450 4782 402δ3.
1508 4730 1886 4799 subintellegas
1922 4729 2085 4788 οὕτως
2124 4730 2333 4802 ἐζήτησε
2514 4731 2579 4785 27
2620 4730 2935 4788 καταλειπεῖν
2971 4732 3048 4804 τῷ
3080 4749 3113 4787 a

501 4813 584 4866 27.
627 4814 692 4865 25
731 4813 1040 4886 διαφέρουσιν
1078 4815 1229 4883 μόνον
1269 4834 1300 4868 ιι
