3684 5567
1304 319 1466 378 ΠΕΡΙ
1503 319 1883 378 ΕῙΜΑΡΜΕΝ
1894 319 1979 376 ΗΣ
2018 323 2227 376 22-24
3006 325 3131 392 193

515 491 598 556 ὡς
641 490 736 552 διὰ
781 492 1054 578 βραχέων
1097 495 1280 557 εἰπεῖν
1325 496 1364 576 ἢ
1411 495 1544 576 περὶ
1586 499 1691 573 τῆς
1736 493 2091 578 εἱμαρμένης
2137 493 2234 558 ὑπ’
2290 495 2482 558 αὐτῶν
2536 494 3017 580 καταβεβλημένη

513 589 668 659 δόξα.
759 591 882 658 ἔστι
950 597 1014 659 δὲ
1065 597 1132 658 τὸ
1196 598 1408 680 ψεῦδος
1459 602 1578 659 τῶν
1621 597 1949 677 λεγομένων
1995 597 2065 660 οὐ
2120 596 2307 679 λόγων
2361 603 2529 661 τινῶν
2576 597 2713 662 οὐδὲ
2752 598 3015 682 ἐλέγχων
3041 612 3096 655 25
3147 603 3330 657 XXIII

513 690 733 760 ἔξωθεν
800 697 1096 780 δεόμενον,
1165 698 1286 762 ἀλλ’
1341 697 1592 760 αὐτόθεν
1638 700 1947 782 γνώριμον.
2038 700 2119 767 τίς
2163 701 2271 782 γὰρ
2324 698 2569 785 ἔλεγχος
2623 700 2796 783 λόγου
2842 723 3023 784 φανε-

519 798 772 880 ρώτερος
837 803 942 862 τοῦ
996 801 1079 884 μὴ
1147 801 1496 884 ἐφαρμόζειν
1549 800 1771 867 τοὺτοις
1836 801 1967 884 περὶ
2023 801 2105 862 ὧν
2158 801 2412 882 λε’γεται;
2480 804 2546 865 τὸ
2604 807 2742 885 γοῦν
2793 807 3024 886 πρῶτον

443 918 472 964 5
511 899 817 982 εἰρημένον
863 905 944 972 ὡς
989 905 1220 966 πάντων
1265 907 1380 966 τῶν
1428 901 1610 965 ὄντων
1655 903 1853 964 αἰτίων
1898 908 2068 966 τινῶν
2116 904 2430 986 γινομένων
2490 907 2607 967 τῶν
2656 905 2800 989 μετὰ
2846 909 3025 968 ταῦτα

509 1003 604 1064 καὶ
650 1007 850 1066 τοῦτον
895 1005 992 1067 τὸν
1037 1005 1248 1088 τρόπον
1293 1004 1600 1088 ἐχομένων
1645 1005 1921 1088 ἀλλήλων
1965 1010 2082 1067 τῶν
2129 1009 2485 1089 πραγμάτων
2541 1013 2626 1091 τῷ
2675 1008 2839 1092 δίκην
2886 1006 3023 1070 ἁλὺ-
3052 1023 3109 1064 ³⁰

516 1125 668 1174 σεως
709 1109 831 1174 τοῖς
875 1109 1130 1189 πρώτοις
1175 1107 1574 1190 συνηρτῆσθαι
1616 1106 1689 1168 τὰ
1733 1106 1995 1190 δεύτερα,
2043 1107 2075 1168 ὃ
2120 1109 2322 1193 ὥσπερ
2367 1107 2567 1173 οὐσίαν
2597 1115 2703 1194 τῆς
2748 1108 3025 1192 εἱμαρμέ-

515 1229 618 1290 νης
683 1209 1068 1282 ὑποτίθενται,
1135 1215 1262 1277 πῶς
1327 1209 1397 1271 οὐ
1439 1215 1706 1294 φανερῶς
1750 1207 1965 1294 ἀπᾴδει
2030 1213 2147 1272 τῶν
2193 1214 2573 1294 πραγμάτων;
2641 1214 2695 1274 εἰ
2746 1211 2854 1295 γὰρ
2908 1216 3024 1272 τῶν

513 1309 728 1373 τέκνων
774 1313 831 1373 οἱ
896 1311 1140 1394 πατέρες
1204 1311 1376 1374 αἴτιοι
1441 1313 1538 1398 καὶ
1597 1314 1690 1376 δεῖ
1734 1312 1740 1394 Ι
1790 1311 1919 1375 κατ’
1975 1312 2305 1397 οἰκειότητα
2356 1313 2457 1382 τὰς
2510 1314 2695 1381 αἰτίας
2738 1315 3022 1386 ἀπαιτεῖν,
3066 1319 3133 1374 74

412 1431 476 1478 10
518 1415 600 1480 ὧς
643 1413 960 1496 ἀνθρώπου
1006 1413 1112 1495 μὲν
1159 1412 1469 1497 ἄνθρωπον
1514 1413 1695 1476 αἴτιον
1741 1413 1907 1483 εἶναι..
1952 1413 2132 1478 ἵππου
2178 1413 2231 1477 δ’
2286 1416 2483 1489 ἵππον,
2528 1416 2677 1484 τίνος
2708 1413 2883 1478 αἴτιοι
2911 1420 3026 1477 τῶν

515 1513 638 1596 μετ’
695 1515 906 1583 αὐτοὺς
949 1517 1004 1577 οἱ
1049 1516 1154 1599 τὴν
1201 1516 1394 1599 ἀρχὴν
1442 1518 1594 1600 μηδὲ
1637 1517 1946 1599 γήμαντες..
2016 1518 2167 1585 τίνος
2210 1517 2275 1580 δὲ
2321 1519 2375 1580 οἱ
2422 1521 2621 1586 παῖδες
2666 1519 2721 1580 οἱ
2766 1520 2878 1601 πρὸ
2926 1523 3031 1602 τῆς

513 1618 740 1701 ἡλικίας
783 1617 1228 1701 διαφθαρέντεςς
1294 1618 1484 1680 πολλὰ
1529 1619 1634 1701 γὰρ
1679 1623 1798 1680 τῶν
1842 1620 2178 1700 γινομένων,
2232 1620 2345 1698 ὑπὸ
2390 1625 2495 1705 τῆς
2539 1620 2689 1684 κατὰ
2733 1621 2799 1682 τὸ
2846 1622 3025 1684 ποσὸν
3080 1639 3108 1680 5

513 1721 826 1802 ἐκλείψεως
871 1719 909 1804 ἢ
958 1721 1040 1803 μὴ
1084 1720 1392 1804 κινηθέντα
1437 1721 1476 1802 ἢ
1521 1720 1818 1804 φθαρέντα
1862 1722 2161 1806 πρότερον,
2228 1723 2463 1790 οὐδενὸς
2524 1721 2683 1807 ἔφθη
2748 1723 3029 1806 γενόμενα

515 1823 660 1907 [τῷ]
706 1823 853 1886 κατὰ
897 1825 1002 1905 τὴν
1049 1823 1428 1907 ὑπάρχουσαν
1475 1823 1712 1904 δύναμιν
1775 1825 1973 1893 αὐτοῖς
2016 1824 2191 1888 αἴτια.
2282 1827 2431 1894 τίνος
2484 1827 2549 1888 δὲ
2602 1827 2829 1909 ἐροῦσιν
2874 1825 3029 1888 αἴτια

412 1946 474 1994 15
511 1927 584 1988 τὰ
628 1925 689 1990 ἔν
729 1947 874 1989 τισιν
921 1926 1150 2009 μέρεσιν
1193 1929 1298 1987 τοῦ
1344 1928 1618 2007 σώματος
1661 1925 1925 2010 φυόμενα
1970 1930 2402 2011 περιττώματα;
2449 1929 2599 1996 τίνος
2644 1929 2709 1991 δὲ
2754 1927 2824 1990 τά
2868 1927 3028 2010 τέρα·
3058 1945 3113 1987 ιο

514 2033 588 2092 τά
631 2053 692 2092 τε
737 2032 833 2092 καὶ
879 2029 1148 2111 γινόμενα
1194 2029 1350 2111 παρὰ
1395 2029 1586 2111 φύσιν,
1655 2029 1694 2092 ἃ
1739 2031 1842 2113 τὴν
1901 2031 2092 2115 ἀρχὴν
2138 2030 2275 2093 οὐδὲ
2329 2031 2618 2111 διαμένειν
2676 2032 2774 2095 οἷά
2817 2052 2909 2110 τε;
2978 2030 3030 2092 εἰ

516 2132 568 2196 δ’
625 2132 658 2195 ὁ
705 2134 808 2215 μὲν
857 2131 964 2216 [εἰ]
1011 2133 1214 2215 φλοιὸς
1257 2131 1319 2192 ἐν
1364 2137 1486 2200 τοῖς
1528 2137 1731 2215 φυτοῖς
1797 2132 1968 2195 ἕνεκα
2034 2138 2138 2194 τοῦ
2183 2134 2581 2216 περικαρπίου.
2646 2133 2713 2195 τὸ
2766 2133 2833 2194 δὲ
2877 2155 3032 2216 περι·

518 2237 761 2318 κάρπιον
807 2239 910 2298 τοῦ
957 2239 1184 2318 καρποῦ
1229 2237 1422 2318 χάριν,
1487 2235 1582 2297 καὶ
1629 2235 1935 2317 ἀρδεύεται
1980 2237 2086 2316 μὲν
2130 2236 2223 2298 ἵνα
2268 2236 2569 2320 τρέφηται,
2636 2235 2909 2319 τρέφεται
2965 2234 3031 2296 δὲ

514 2339 607 2401 ἵνα
651 2341 1022 2422 καρποφορῇ,
1069 2336 1188 2400 ἀλλ’
1243 2336 1396 2400 ἔστιν
1440 2359 1506 2418 γε
1552 2337 1742 2400 πολλὰ
1785 2337 1849 2399 ἐν
1892 2321 2087 2407 αὐτοῖς
2132 2338 2321 2422 εὑρεῖν
2368 2339 2463 2401 καὶ
2512 2339 2593 2421 μὴ
2636 2342 2837 2400 τοῦτον
2880 2333 3030 2418 γινό-
3060 2352 3111 2394 15

411 2462 480 2508 20
517 2465 664 2522 μενα
707 2441 806 2504 τὸν
851 2442 1084 2523 τρόπον.
1173 2440 1322 2508 τίνος
1364 2441 1472 2523 γὰρ
1519 2439 1588 2502 ἄν
1633 2463 1716 2507 τις
1783 2439 1937 2503 εἴποι
1984 2440 2055 2502 τὰ
2100 2439 2399 2524 σεσηπότα
2456 2443 2553 2503 καὶ
2610 2440 2681 2502 τὰ
2727 2438 2873 2523 Εηρὰ
2914 2442 3031 2500 τῶν

515 2551 754 2629 καρπῶν
799 2543 956 2607 αἴτια
999 2548 1116 2606 τῶν
1165 2543 1312 2625 μετὰ
1357 2547 1564 2620 ταῦτας
1635 2543 1783 2612 τίνος
1827 2545 1896 2606 δὲ
1949 2546 2053 2627 τήν
2106 2566 2278 2608 τινων
2342 2543 2580 2628 φύλλων
2648 2540 3029 2624 διδυμότητας

518 2649 576 2716 ἐξ
619 2648 704 2710 ὧν
749 2649 998 2730 φανερὸν
1043 2650 1166 2714 τοῖς
1211 2647 1353 2729 ὁρᾶν
1383 2647 1614 2728 τάληθῆ
1649 2645 2021 2729 βουλομένοις
2049 2671 2113 2709 τε
2143 2647 2240 2710 καὶ
2272 2646 2626 2728 δυναμένοις,
2674 2643 2783 2718 ὅτι,
2831 2645 3031 2726 ὥσπερ
3058 2659 3114 2700 ει)

517 2750 584 2813 οὐ
615 2756 730 2814 πᾶν
759 2751 826 2813 τὸ
858 2751 1096 2813 δυνατὸν
1127 2749 1377 2832 ἐνεργεῖν
1401 2745 1694 2832 <ἐνεργεῖ>,
1729 2749 1917 2816 οὕτως
1946 2750 2083 2812 οὐδὲ
2114 2753 2249 2824 πᾶν,
2282 2749 2314 2811 ὃ
2351 2748 2419 2812 ἂν
2450 2747 2668 2830 γένοιτο
2701 2747 2904 2819 αἴτιον,
2935 2747 3031 2808 καὶ

517 2853 672 2918 ἔστιν
707 2855 886 2918 αἴτιον
918 2854 1034 2936 ἤδη
1081 2853 1120 2936 ἢ
1151 2853 1380 2934 γέγονεν
1425 2852 1464 2934 ἢ
1497 2853 1820 2935 γενήσεται.
1896 2853 2017 2917 ἀλλ’
2062 2853 2197 2916 οὐδὲ
2228 2857 2341 2916 πᾶν
2376 2853 2441 2914 τὸ
2473 2852 2706 2934 γεγονὸς
2734 2847 2913 2916 εὐθὺς
2942 2851 3029 2931 τῷ

411 2979 478 3028 25
518 2959 662 3022 εἶναι
711 2957 828 3041 ἤδη
873 2957 969 3018 καὶ
1015 2954 1195 3018 αἴτιόν
1252 2955 1406 3018 ἐστιν
1475 2955 1756 3036 ἐσομένου
1823 2955 1992 3023 τινός.
2083 2955 2151 3018 τὸ
2204 2951 2255 3017 δ’
2313 2953 2496 3034 ὁμόσε
2544 2957 2879 3038 χωροῦντας
2927 2950 3033 3033 μὲν

519 3063 703 3144 λέγειν
749 3060 846 3123 καὶ
891 3063 1092 3128 ταῦτα,
1137 3057 1518 3141 καταφεύγειν
1565 3058 1630 3119 δὲ
1674 3057 1769 3119 ἐπὶ
1813 3059 1881 3120 τὸ
1925 3057 2141 3140 ἄδηλον
2186 3055 2339 3120 εἶναί
2392 3080 2541 3124 τινος
2598 3054 2751 3118 αἴτια
2799 3053 3031 3134 (ὥσπερ
3059 3069 3113 3110 25

521 3165 726 3248 ἀμέλει
770 3163 867 3225 καὶ
913 3161 1009 3223 ἐπὶ
1054 3165 1160 3244 τῆς
1204 3161 1474 3244 προνοίας
1517 3165 1622 3243 τῆς
1667 3159 1795 3222 κατ’
1851 3159 2061 3227 αὐτοὺς
2114 3159 2529 3240 ἀναγκάζονται
2592 3162 2774 3220 ποιεῖν
2819 3155 3030 3218 πολλά-

519 3267 640 3348 κις)
705 3266 978 3349 εὐπορίαν
1045 3264 1168 3327 ἐστὶ
1234 3269 1354 3331 τοῖς
1415 3262 1653 3346 ἀπόροις
1711 3262 2174 3347 μηχανωμένων.
2272 3262 2462 3344 τούτῳ
2518 3259 2629 3343 γὰρ
2687 3257 3033 3344 χρωμένους

524 3369 748 3432 ἐνέσται
793 3369 926 3450 περὶ
971 3370 1200 3430 πάντων
1247 3370 1363 3428 τῶν
1408 3366 1802 3428 ἀτοπωτάτων
1870 3365 2053 3447 λέγειν
2110 3369 2195 3432 ὡς
2238 3365 2333 3426 καὶ
2381 3361 2561 3424 ὄντων
2615 3363 2712 3424 καὶ
2756 3359 3035 3442 εὐλόγους

413 3493 484 3541 3ο
521 3471 779 3558 ἐχόντων
823 3471 980 3537 τινὰς
1024 3469 1228 3540 αἰτίας,
1273 3470 1414 3551 ἡμῖν
1461 3471 1526 3530 δὲ
1571 3467 1828 3550 ἀδήλους
1872 3466 1978 3530 ἔτι.
2070 3466 2163 3550 ἀρ’
2220 3465 2321 3529 οὖν
2366 3466 2587 3527 τούτων
2633 3465 2819 3532 οὕτως
2862 3462 3027 3547 ἐχόν-
3052 3477 3111 3520 80
3160 3469 3341 3520 XXIV

519 3601 635 3641 των
681 3573 950 3642 ἀναιτίως
993 3595 1044 3634 τι
1087 3573 1391 3656 γενήσεται
1437 3574 1532 3635 καὶ
1577 3569 1742 3634 τοῦθ’
1784 3572 1957 3654 ἡμῶν
2002 3571 2034 3631 ὃ
2080 3570 2252 3651 λόγος
2296 3568 2581 3653 προξενεῖς
2650 3569 2689 3650 ἢ
2737 3567 2971 3630 δύναται
3020 3563 3027 3650 Ι
3070 3571 3135 3626 76

419 3856 440 3905 l
491 3857 586 3922 τῆν
631 3851 688 3904 ⁸²
898 3849 931 3901 3
977 3849 1362 3917 γνωριμώτερος
1415 3849 1538 3914 (mg.
1577 3843 1945 3915 φανερώτερος)
1986 3847 2029 3895 H
2256 3843 2289 3894 4
2327 3841 2523 3898 τούτοις
2560 3839 2663 3892 8¹²:
2713 3845 2864 3893 τοῦτο
2903 3845 2948 3904 (ν
2985 3857 3145 3910 supra

412 3942 502 3994 alt.
541 3959 568 3994 ο
605 3957 652 3992 v.
681 3939 748 4006 o.)
789 3942 852 3988 V:
891 3935 1061 3988 τοὺτω
1097 3935 1266 3988 τούτω
1301 3936 1418 3986 B¹E
1598 3932 1792 4002 λέγεται
1838 3949 1884 3983 v.
1921 3948 1965 3982 c.
2005 3929 2160 3982 Va¹²t
2200 3929 2425 3998 λέγονται
2456 3930 2527 3980 V¹
2707 3929 2738 3980 5
2780 3928 3039 3999 εἰρημένον
3078 3931 3142 3979 V:

411 4029 693 4099 εἰρημένων
718 4025 798 4078 8¹²
961 4026 1168 4076 πάντων
1205 4029 1310 4075 τῶν
1337 4026 1400 4074 V:
1439 4027 1608 4090 περτῶ
1637 4021 1705 4072 a¹:
1744 4027 1944 4092 περτῶν
1982 4025 2087 4072 τῶν
2114 4021 2185 4070 8¹:
2223 4023 2330 4070 τῶν
2353 4017 2425 4070 13²
2588 4017 2677 4068 alt.
2716 4022 2821 4068 τῶν
2862 4032 2962 4068 om.
2991 4015 3072 4067 αι’

411 4119 444 4170 6
482 4114 650 4186 τοίη-ῳ
687 4118 764 4184 τῷ
801 4113 976 4182 τρόπῳ
1015 4115 1077 4165 0:
1135 4109 1331 4164 τοΰτων
1368 4109 1456 4162 τὸν
1492 4108 1677 4180 τρόπον
1716 4107 1830 4161 Cas,
2044 4107 2075 4157 7
2114 4103 2455 4176 συνῆρτῆσθαι
2492 4106 2567 4156 sic
2606 4109 2653 4155 V
2868 4105 2901 4156 8
2952 4103 3011 4155 οὐ
3048 4121 3144 4172 φα-

413 4209 570 4276 νερῶς
615 4219 716 4255 om.
762 4201 869 4253 ⁸¹⁸²:
925 4205 1158 4269 φανερῶς
1203 4213 1304 4250 om.
1343 4197 1483 4250 Cas.:
1542 4196 1600 4248 οὐ
1647 4195 2012 4266 φανερωτέροις
2058 4199 2102 4246 Ε
2402 4192 2433 4244 9
2486 4191 2770 4260 εἰκειότητα
2808 4191 2864 4241 ³²

411 4293 620 4344 ἀπατεϊν
657 4292 710 4342 8¹
921 4289 983 4340 10
1017 4287 1133 4340 ἶπον
1159 4291 1208 4338 V
1413 4287 1470 4338 11
1511 4285 1606 4356 τὴν
1645 4285 1744 4338 del.
1784 4284 1855 4336 Β2
2054 4282 2115 4335 12
2156 4281 2379 4352 ἡλικίας]
2417 4299 2451 4332 κ
2486 4281 2543 4332 in
2581 4281 2659 4331 Iit.
2703 4283 2745 4328 V
2943 4277 3003 4328 τὸ
3053 4294 3142 4328 πο·

411 4379 526 4444 σὸν]
571 4379 724 4432 τόπον
770 4379 821 4430 ⁸¹
1045 4375 1108 4427 13
1148 4374 1420 4445 ἐλλείψεως
1455 4373 1536 4424 8¹³
1748 4372 1965 4424 alterum
2004 4369 2037 4439 ἣ
2076 4372 2131 4422 in
2171 4370 2248 4421 Iit.
2288 4373 2337 4418 V
2556 4367 2619 4418 14
2657 4369 2731 4434 τῷ
2759 4365 2996 4418 del.B²0

417 4467 482 4521 15
517 4465 882 4538 περιπτώματα
918 4463 974 4517 a²
1197 4463 1273 4514 16.
1317 4461 1378 4514 17
1419 4461 1460 4513 εἰ
1497 4457 1550 4512 δ’
1591 4459 1617 4512 ὁ
1657 4459 1746 4527 μὲν
1784 4459 1887 4511 a¹²z
1928 4457 2120 4526 εἰδομεν
2150 4454 2159 4526 Ι
2190 4456 2233 4508 εἰ
2262 4459 2324 4507 V:
2364 4453 2559 4523 εἴδομεν
2598 4453 2639 4504 εἰ
2668 4457 2711 4504 Η
2934 4451 2996 4502 18
3036 4451 3143 4522 τρέ-

413 4573 560 4626 φεται
594 4553 828 4626 τρέφεται
865 4551 968 4604 8¹²:
1005 4551 1250 4622 τρέφηται
1285 4549 1526 4620 τρέφηται
1563 4548 1727 4600 Lond.
1986 4545 2049 4597 19
2096 4543 2422 4615 καρποφορῇ]
2470 4543 2559 4592 alt.
2600 4558 2627 4591 ο
2664 4541 2721 4592 in
2769 4540 2847 4592 lit.
2884 4544 2933 4590 V

413 4645 484 4696 20
521 4643 774 4714 σησεπότα
811 4639 866 4692 ³²
1079 4636 1386 4710 ξηρανθέντα
1420 4641 1527 4688 τῶν
1565 4640 1614 4688 H
1641 4651 1744 4703 mg.
1773 4639 1842 4686 E:
1884 4631 2192 4705 ξηρανθέντα
2228 4631 2292 4683 τὰ
2319 4633 2364 4682 Ο
2578 4628 2641 4680 21
2686 4625 2996 4696 διδημότητα
3020 4625 3077 4677 a?

413 4731 483 4782 23
519 4735 618 4782 πᾶν
651 4731 710 4782 τὸ
737 4729 1026 4782 Schwartz:
1065 4727 1228 4777 πάντα
1265 4725 1384 4778 libri
1531 4725 1720 4794 ἐνεργεῖ
1755 4723 1935 4775 addidi
2080 4721 2147 4772 ‘24
2185 4717 2357 4782 εὐθὺς]
2396 4735 2421 4774 ς
2456 4717 2513 4768 in
2548 4717 2628 4769 lit.
2660 4720 2701 4766 V
2847 4715 2931 4766 25.
2958 4714 3024 4764 ‘26
3068 4711 3145 4764 λέ-

413 4836 516 4887 γειν
552 4819 642 4886 μὲν
680 4818 766 4870 καὶ
803 4821 963 4868 ταῦτα
1000 4814 1122 4866 εἶναι
1159 4812 1291 4866 αἴτια
1317 4812 1650 4882 καταφεύγειν
1675 4811 1746 4863 B‘2
1926 4809 1992 4860 26
2030 4809 2251 4860 fortasse
2288 4806 2493 4858 αἰτίαν
2584 4845 2591 4850 .
2673 4805 2739 4856 29
2779 4802 2831 4853 ἔν
2870 4801 3007 4853 ἐσται
3028 4804 3071 4851 V

413 4907 476 4959 31
529 4906 608 4973 (ἢ)
646 4904 880 4962 ἀναιτίως
917 4903 1184 4955 Schultess
1221 4904 1266 4953 O
1482 4899 1654 4967 λόγος]
1693 4899 1779 4950 alt.
1821 4916 1849 4949 ο
1887 4899 1943 4949 in
1983 4897 2059 4948 Iit.
2100 4900 2145 4944 V

523 5014 670 5062 suppl.
699 5014 830 5051 Arist.
861 5012 900 5050 11
929 5007 956 5049 2
1011 5011 1134 5048 Alex.
1165 5009 1324 5057 scfipta
1353 5007 1530 5045 minora.
2663 4978 2740 5040 13
