3684 5567
1397 242 1682 300 BlssAloN
1721 241 1998 300 ΠΡΩΤΟΝ
2046 247 2310 298 lla—11¹>
3132 243 3215 308 23

603 420 684 502 μὴ
737 417 744 504 Ι
794 420 1094 502 ὁμογενεῖς
1147 419 1289 496 εἶεν,
1347 419 1594 482 ἑκάστου
1649 419 1851 502 γένους
1903 424 2098 504 ψυχῆς
2154 417 2294 487 ἴδιος
2352 417 2531 481 ἔσται.
2627 419 2693 480 τὸ
2746 417 2854 500 γὰρ
2912 415 3099 478 κοινὸν
3138 421 3212 478 48

601 527 800 606 ψυχῆς
845 519 1034 605 ὄνομα
1080 521 1254 604 μόνον
1287 521 1459 590 ἐστίν,
1505 521 1698 584 οὐκέτι
1744 523 1808 584 δὲ
1854 522 1950 584 καὶ
1994 521 2233 604 πρᾶγμά
2275 544 2349 582 τι.
2418 520 2637 588 δεικνὺς
2684 519 2748 583 δὲ
2794 523 2921 586 πῶς
2967 517 3107 586 ἴδιος

602 625 884 706 ἑκάστης,
929 625 1385 708 παραδείγμασιν
1431 623 1732 708 ἐχρήσατο
1779 624 1891 685 ὑπὸ
1940 623 2000 685 ἓν
2048 622 2209 704 γένος
2252 621 2442 694 οὖσιν,
2489 621 2519 684 ὃ
2568 624 2665 684 καὶ
2712 621 3106 704 ἀσαφέστερον
3160 637 3188 678 5

599 728 664 789 τὸ
705 725 1017 808 λεγόμενον
1064 725 1362 809 ἐποίησεν.
1451 727 1502 789 εἰ
1547 725 1656 809 γὰρ
1699 725 1793 808 εἴη
1838 727 2024 788 ταῦτα’
2068 745 2210 808 φησι
2258 726 2339 808 μὴ
2387 725 2667 807 ὁμογενῆ,
2715 724 2747 785 ὁ
2792 725 2965 792 ἵππος
3010 725 3105 786 καὶ

527 849 558 896 5
596 831 628 892 ὁ
672 828 828 890 κύων
875 830 971 891 καὶ
1023 829 1055 890 ὁ
1097 827 1406 911 ἄνθρωπος
1451 829 1546 891 καὶ
1591 829 1622 890 ὁ
1665 827 1821 901 θεός,
1870 831 1951 895 ὡς
1992 827 2156 909 γένος
2201 826 2393 889 αὐτῶν
2440 827 2504 888 τὸ
2553 830 2705 909 ζῷον
2752 824 2915 902 εἶναι,
2963 824 3104 894 ἴδιος
3173 891 3177 894 ,

596 931 844 994 ἑκάστου
889 929 1082 993 αὐτῶν
1127 931 1298 1012 λόγος
1342 929 1524 1005 ἔσται,
1570 931 1636 992 τὸ
1683 931 1748 992 δὲ
1795 933 1948 1013 ζῷον
1992 931 2059 992 τὸ
2104 935 2311 998 κοινῶς
2357 925 2479 992 κατ’
2523 929 2714 991 αὐτῶν
2762 928 3103 1011 κατηγορού-

597 1055 766 1114 μενον
821 1033 950 1116 ἥτοι
994 1033 1268 1116 οὐδεμίαν
1323 1032 1539 1094 οἰκείαν
1595 1032 1865 1115 σημαίνει
1916 1031 2115 1115 φύσιν,
2176 1028 2295 1094 ἀλλ’
2352 1029 2512 1095 ἔσται
2568 1032 2912 1114 ὁμώνυμον,
2968 1031 3005 1112 ἢ
3052 1031 3102 1092 εἰ
3132 1047 3185 1088 ιο

597 1137 692 1198 καὶ
738 1136 1032 1220 σημαίνει,
1076 1133 1256 1220 <ἔχει>
1302 1137 1384 1202 ὡς
1429 1135 1592 1196 δοκεῖ
1632 1132 1794 1218 ἔχειν
1841 1135 1937 1197 ἐπὶ
1983 1140 2098 1198 τῶν
2146 1137 2461 1218 πολλαχῶς
2507 1133 2833 1216 λεγομένων
2878 1137 2994 1194 τῶν
3040 1133 3101 1195 ἐν

595 1239 683 1306 οἷς
735 1239 858 1301 ἐστι
909 1239 976 1300 τὸ
1023 1236 1300 1322 πρότερον
1355 1239 1451 1299 καὶ
1509 1237 1766 1321 ὕστερον.
1855 1240 1921 1300 τὸ
1966 1237 2075 1320 γὰρ
2120 1241 2329 1304 κοινῶς
2385 1237 2443 1298 ἐν
2500 1241 2618 1304 τοῖς
2668 1235 2853 1304 οὕτως
2898 1233 3103 1320 ἔχουσι

497 1361 558 1406 10
593 1342 1090 1425 κατηγορούμενον
1132 1339 1400 1424 σημαίνει
1446 1338 1549 1422 μέν
1594 1363 1718 1402 τινα
1762 1341 1952 1424 φύσιν,
2000 1339 2067 1402 οὐ
2115 1341 2228 1421 μὴν
2276 1339 2334 1402 ἐν
2368 1341 2537 1401 πᾶσιν
2585 1339 2803 1420 ὁμοίως
2849 1337 3100 1423 ἔχουσαν
3132 1356 3183 1398 15

557 1447 712 1520 ,τοῖς
758 1445 841 1507 ὧν
887 1447 1316 1527 κατηγορεῖται·
1365 1443 1452 1505 διὸ
1501 1443 1736 1524 ὕστερον
1793 1447 1962 1504 τοῦτο
2016 1447 2131 1503 τῶν
2191 1439 2286 1502 ὑπ’
2342 1438 2508 1503 αὐτό.
2595 1441 2660 1502 τὸ
2718 1441 2821 1522 μὲν
2867 1441 2974 1523 γὰρ
3024 1446 3103 1510 ὡς

593 1546 757 1628 γένος
807 1552 976 1609 τινῶν
1031 1546 1530 1629 κατηγορούμενον
1587 1545 1997 1629 ἀναιρούμενον
2046 1545 2374 1627 συναναιρεῖ
2423 1541 2582 1627 αὐτῷ
2638 1544 2823 1606 πάντα
2874 1544 2945 1606 τὰ
2992 1543 3089 1628 ὑφ’

593 1648 768 1722 αὑτό,
817 1650 899 1711 ὧν
943 1648 1134 1711 οὐδενὶ
1179 1647 1608 1731 ἀναιρουμένων
1655 1651 2103 1729 συναναιρεῖται,
2160 1649 2248 1708 διὸ
2294 1650 2521 1729 πρῶτον
2567 1651 2641 1728 τῇ
2690 1647 2879 1730 φύσει,
2927 1648 2990 1710 τὸ
3039 1645 3087 1709 δ’
3126 1665 3183 1706 2⁰

593 1751 652 1813 ἐν
697 1751 784 1820 οἷς
827 1753 892 1814 τὸ
941 1752 1219 1835 πρότερον
1275 1751 1370 1813 καὶ
1417 1748 1652 1831 ὕστερόν
1701 1749 1885 1824 ἐστιν,
1940 1749 2343 1832 ἀναιρουμένῳ
2396 1754 2481 1832 τῷ
2528 1751 2746 1832 πρώτῳ
2792 1747 2989 1834 ἔχοντι
3034 1751 3098 1813 τὸ

493 1874 553 1921 15
593 1851 688 1916 ὑπ’
753 1853 930 1916 αὐτοῦ
999 1852 1425 1936 σημαινόμενον
1482 1856 1929 1934 συναναιρεῖται,
1996 1852 2085 1913 διὸ
2152 1851 2343 1914 οὐκέτι
2404 1856 2633 1936 πρῶτον
2688 1850 2806 1914 ἀλλ’
2864 1854 3099 1936 ὕστερον

592 1959 824 2040 γίνεται.
891 1959 1145 2018 τοιοῦτον
1191 1955 1255 2018 δὲ
1301 1954 1471 2023 δείξει
1515 1955 1610 2017 καὶ
1655 1955 1760 2036 τὴν
1800 1955 1995 2038 ψυχὴν
2044 1952 2129 2016 ὅν.
2196 1954 2285 2016 διὸ
2330 1953 2571 2024 εἰκότως
2618 1957 2949 2039 προτίθεται
2993 1958 3097 2040 τὴν
3126 1974 3181 2016 25

593 2061 724 2144 περὶ
770 2058 946 2122 αὐτοῦ
997 2057 1267 2140 ζήτησιν,
1325 2057 1715 2139 ποιησάμενος
1769 2057 1834 2118 δὲ
1879 2057 1975 2118 τὸν
2031 2057 2199 2137 λόγον
2243 2056 2336 2118 ἐπὶ
2386 2055 2571 2142 ζῴου,
2626 2059 2753 2122 ἐπεὶ
2800 2062 2882 2122 ὧν
2929 2061 3100 2142 ἐμνη-

595 2161 870 2244 μόνευσεν
917 2161 1030 2224 ὑπὸ
1063 2160 1127 2222 τὸ
1163 2163 1316 2243 ζῷον
1345 2157 1437 2242 ἧν,
1485 2158 1850 2242 προσέθηκεν
1895 2159 1961 2219 τὸ
1996 2159 2257 2240 ὁμοίως
2308 2158 2315 2242 Ι
2364 2161 2436 2222 δὲ
2480 2159 2603 2224 κᾶν
2650 2160 2815 2224 εἴτι
2860 2163 3091 2224 κοινὸν
3130 2171 3203 2226 49

591 2263 759 2327 ἄλλο
805 2267 1298 2346 κατηγοροῖτο,
1343 2262 1566 2328 δεικνὺς
1611 2261 1699 2322 ὅτι
1742 2264 1877 2334 πᾶν,
1924 2259 1985 2322 εἴ
2014 2284 2065 2322 τι
2096 2261 2281 2329 οὕτως
2312 2266 2519 2330 κοινῶς
2559 2267 2728 2325 τινῶν
2770 2270 3099 2349 κατηγορεῖ·

482 2387 552 2434 20
587 2391 676 2430 ται
721 2370 802 2435 ὡς
849 2366 930 2449 μὴ
986 2363 1130 2426 εἶναι
1173 2362 1338 2445 γένος
1382 2363 1605 2439 αὐτῶν,
1663 2364 1700 2446 ἢ
1757 2362 1925 2425 οὐδὲν
1980 2359 2140 2426 ἔσται
2198 2363 2235 2446 ἢ
2284 2364 2548 2446 ὕστερον,
2613 2367 2695 2434 ὡς
2740 2367 3092 2451 προείρηται.

587 2473 756 2531 τοῦτο
803 2469 908 2550 μὲν
953 2465 1052 2530 οὖν
1097 2467 1157 2529 ἐν
1203 2467 1407 2550 ἐκείνῳ
1455 2466 1702 2550 εἴρηται.
1776 2463 1962 2527 ἔνεστι
2011 2464 2205 2546 μέντοι
2250 2467 2315 2528 τὸ
2359 2466 2664 2550 εἰρημένον
2710 2470 2807 2532 καὶ
2854 2469 2949 2532 ἐπὶ
2995 2474 3097 2532 τοῦ
3152 2486 3180 2527 ὅ

587 2568 743 2655 ζῴου
790 2572 885 2635 καὶ
941 2571 1036 2633 ἐπὶ
1086 2573 1202 2632 τῶν
1256 2569 1472 2653 κυρίως
1528 2573 1708 2649 γενῶν
1770 2565 1952 2629 ὄντων
2008 2567 2337 2652 ἐφαρμόζον
2393 2569 2594 2638 δεῖξαι.
2680 2569 2809 2634 ἐπεὶ
2862 2572 2971 2654 γὰρ
3026 2572 3097 2634 τὰ

585 2672 721 2755 γένη
767 2672 1049 2747 καθόλου,
1094 2672 1159 2735 τὸ
1207 2673 1272 2734 δὲ
1315 2672 1573 2734 καθόλου
1621 2675 1788 2732 τινῶν
1835 2667 1929 2744 ὅν,
1986 2668 2047 2732 ὅν
2096 2693 2147 2731 τι
2192 2671 2448 2733 καθόλου
2494 2671 2667 2734 ἐστίν.
2756 2673 2821 2735 οὐ
2867 2675 2974 2756 γὰρ
3023 2675 3093 2757 δὴ

587 2774 767 2858 μηδέν
812 2798 865 2837 τι
922 2774 985 2838 ὃν
1031 2773 1292 2839 καθόλου
1346 2773 1410 2836 τέ
1456 2774 1577 2836 ἐστι
1631 2773 1726 2834 καὶ
1781 2772 1945 2853 γένος
1998 2772 2093 2834 καὶ
2149 2772 2501 2854 συνωνύμως
2554 2782 2955 2858 κατηγορεῖται
3002 2777 3094 2860 [ὃν
3126 2793 3179 2834 ιο

478 2895 546 2944 25
587 2876 690 2959 μέν
736 2901 787 2939 τι
832 2879 898 2940 τὸ
948 2877 1140 2959 γένος,
1194 2873 1257 2938 ὂν
1305 2875 1498 2956 μέντοι
1543 2874 1708 2936 τόνδε
1753 2876 1851 2937 τὸν
1898 2874 2159 2958 τρόπον].
2246 2875 2312 2937 τὸ
2360 2875 2461 2958 μὲν
2510 2877 2879 2959 ὑποκείμενον
2927 2876 2977 2962 ᾧ
3028 2881 3093 2942 τὸ

584 2979 841 3043 καθόλου
892 2978 1226 3063 συμβέβηκε
1269 2979 1510 3061 πρᾶγμά
1553 2977 1614 3039 τί
1651 2979 1793 3049 ἐστι,
1840 2979 1907 3039 τὸ
1954 2977 2019 3038 δὲ
2064 2977 2325 3040 καθόλου
2374 2978 2438 3040 τὸ
2474 2978 2678 3062 ἐκείνῳ
2724 2981 3094 3066 συμβεβηκὸς

585 3083 652 3144 οὐ
699 3082 937 3165 πρᾶγμά
995 3105 1046 3142 τι
1097 3079 1237 3144 καθ’
1294 3079 1436 3141 αὑτό
1493 3079 1676 3154 ἐστιν,
1739 3081 1889 3142 ἀλλὰ
1942 3079 2315 3163 συμβεβηκός
2368 3103 2422 3142 τι
2474 3079 2710 3164 ἐκείνῳ,
2772 3083 2892 3144 οἷον
2940 3087 3092 3165 ζῷον
3124 3101 3177 3143 ιτ»

583 3187 824 3268 πρᾶγμά
869 3187 923 3248 τί
965 3183 1088 3246 ἐστι
1133 3183 1229 3245 καὶ
1261 3167 1493 3264 φύσεώς
1541 3205 1688 3250 τινος
1735 3181 2079 3264 δηλωτικόν,
2133 3182 2397 3264 σημαίνει
2441 3182 2549 3266 γὰρ
2596 3183 2793 3246 οὐσίαν
2824 3183 3090 3272 ἔμψυχον

581 3286 957 3369 αἰσθητικήν,
1019 3284 1051 3347 ὃ
1096 3283 1242 3348 κατὰ
1301 3284 1404 3364 μὲν
1457 3283 1562 3366 τὴν
1609 3285 1786 3347 αὑτοῦ
1845 3286 2015 3369 φύσιν
2070 3283 2176 3347 οὐκ
2232 3282 2354 3347 ἔστι
2400 3283 2683 3347 καθόλου.
2770 3286 2936 3350 οὐδὲν
2981 3289 3091 3373 γὰρ

474 3409 546 3456 3ο
581 3389 750 3472 ἧττον
799 3385 988 3463 ἔσται,
1043 3388 1138 3450 καὶ
1192 3388 1245 3449 εἰ
1288 3385 1350 3448 ἓν
1404 3384 1530 3448 κατ’
1588 3387 1836 3470 ἀριθμὸν
1895 3387 2202 3469 ὑποτεθείη
2262 3389 2415 3470 ζῷον
2468 3387 2637 3450 εἶναι.
2728 3389 2981 3475 ὑπάρχει
3026 3394 3091 3455 δὲ

580 3490 739 3574 αὐτῷ
789 3489 908 3552 ὄντι
952 3489 1198 3573 τοιούτῳ
1243 3490 1305 3551 ἐν
1351 3488 1610 3551 πλείοσιν
1655 3488 1802 3552 εἶναι
1855 3490 1949 3552 καὶ
2004 3487 2129 3551 κατ’
2186 3488 2339 3557 εἶδος
2383 3489 2655 3574 ἀλλήλων
2700 3493 3089 3576 διαφέρουσιν.
3116 3513 3173 3554 ευ

579 3593 942 3678 συμβέβηκεν
998 3589 1098 3654 οὖν
1153 3590 1312 3674 αὐτῷ
1372 3595 1564 3655 τοῦτο.
1655 3593 1689 3655 ὃ
1744 3593 1854 3676 γὰρ
1911 3593 1991 3675 μὴ
2048 3593 2108 3655 ἐν
2162 3596 2237 3676 τῇ
2295 3592 2465 3675 οὐσία
2518 3594 2669 3662 τινὸς
2726 3593 2788 3658 ὃν
2837 3597 3089 3683 ὑπάρχει

475 3879 496 3930 1
550 3877 678 3930 ἐστιν
725 3878 828 3930 FS¹
1046 3875 1077 3927 2
1126 3875 1334 3944 ὀνόματι
1374 3877 1443 3928 V²
1653 3879 1857 3947 πρᾶγμά
1902 3896 1949 3930 τι
1988 3878 2103 3945 Sp.:
2144 3879 2394 3948 πράγματι
2440 3877 2559 3929 libri
2775 3881 2807 3932 3
2851 3881 3070 3937 fortasse
3108 3902 3193 3938 σα-

471 3967 708 4035 φέστερον
895 3963 926 4017 5
966 3963 1139 4016 κύνων
1179 3981 1210 4016 a
1406 3964 1478 4022 ὡς
1517 3968 1680 4017 VFB:
1737 3965 1869 4017 ὥστε
1907 3969 2023 4018 GSa
2053 3967 2169 4032 Sp.:
2226 3967 2346 4034 φησὶ
2382 3970 2426 4018 L
2621 3969 2650 4020 7
2702 3969 2835 4038 ἤτοι]
2890 3971 3002 4040 ἢτοι
3050 3971 3193 4025 οὐδέν

467 4053 600 4104 ἐστιν
631 4055 862 4106 GFSLa:
905 4051 1016 4121 ἦτοι
1054 4049 1195 4104 οὐδέν
1235 4051 1365 4103 ἐστιν
1403 4053 1488 4104 καὶ
1507 4053 1642 4104 vict.
1670 4053 1758 4119 Sp.
1903 4053 1935 4104 8
1972 4052 2119 4124 (ἔχει)
2158 4053 2229 4110 ὡς
2265 4055 2475 4122 scripsi:
2514 4055 2694 4118 <ἔσται>
2732 4056 2805 4114 ὡς
2840 4057 3005 4111 B²S²a
3030 4059 3120 4126 Sp.

468 4138 545 4208 ἐν]
585 4140 670 4191 καὶ
707 4156 738 4190 a
921 4139 984 4191 12
1021 4145 1140 4205 post
1176 4137 1532 4207 ἀναιρούμενον
1569 4139 1668 4191 del.
1709 4137 1793 4190 m²
1829 4141 2279 4210 συναναιρούμενον
2308 4145 2354 4192 V
2532 4141 2671 4211 αυτῷ
2702 4143 2773 4194 V²
2956 4145 3017 4197 13
3055 4146 3191 4198 ἀναι-

465 4227 694 4296 ρουμένῳ
722 4245 755 4278 a
777 4226 865 4293 Sp.
1013 4226 1074 4276 14
1113 4227 1198 4277 καὶ
1235 4224 1292 4277 τὸ
1319 4245 1350 4278 a
1376 4227 1464 4293 Sp.
1615 4227 1676 4279 15
1715 4227 2075 4294 σημαινόμενον
2113 4229 2171 4280 οὐ
2210 4237 2569 4301 συναναιρεῖται
2602 4228 2671 4282 13²
2818 4231 2877 4282 16
2934 4228 2983 4283 δ’
3040 4231 3191 4294 ἔδειξε

466 4315 600 4365 coni.
637 4313 724 4380 Sp.
875 4312 936 4363 17
977 4313 1082 4366 ἐπεὶ
1107 4312 1181 4364 ῶν
1204 4316 1322 4364 VB:
1363 4313 1518 4365 ἐπιὼν
1541 4317 1655 4367 GL:
1695 4315 1775 4366 ἐπὶ
1812 4315 1887 4366 ῶν
1914 4319 2029 4368 FSa
2048 4317 2135 4382 Sp.
2280 4315 2356 4370 ὅτι
2392 4315 2488 4368 ὑπὸ
2518 4318 2653 4369 coni.
2676 4317 2764 4383 Sp.
2911 4319 2971 4370 21
3014 4323 3189 4386 τοῦτο]

461 4399 521 4451 τὸ
547 4417 580 4451 a
719 4400 772 4451 ἐν
798 4415 899 4452 om.
927 4419 958 4452 a
1100 4399 1276 4469 ἐκείνῳ
1303 4404 1393 4452 VB
1421 4401 1534 4453 scil.
1562 4401 1885 4470 ὑπομνήματι
1912 4402 1975 4454 cf.
2004 4403 2182 4466 2236:
2223 4403 2430 4461 ἐκείνοις
2449 4407 2659 4458 LGFSa
2684 4405 2773 4472 Sp.
2920 4405 2985 4456 22
3024 4405 3187 4460 ὄντων

461 4493 620 4555 γενῶν
645 4503 805 4555 supra
946 4487 1015 4540 23
1043 4487 1115 4552 ὄν,
1155 4485 1209 4538 ὄν
1239 4486 1306 4554 τι]
1334 4486 1406 4538 ὄν.
1445 4486 1546 4538 ὄντι
1569 4491 1688 4540 VB:
1727 4487 1832 4541 ὄντι
1852 4492 2085 4544 SGFLa:
2128 4490 2289 4543 ὄντων
2309 4490 2444 4544 vict.
2470 4491 2555 4558 Sp.
2702 4491 2769 4543 24
2806 4491 2942 4545 ἔσται
2968 4513 2999 4546 a
3027 4495 3116 4562 Sp.

465 4573 549 4626 24.
585 4573 650 4628 25
689 4573 746 4626 ὃν
784 4577 876 4643 μέν
911 4574 1234 4646 *τι-τρόπον
1271 4576 1652 4643 circumscripsi
1692 4579 1742 4628 et
1781 4576 1971 4628 desunt
2009 4577 2181 4642 2231,
2219 4580 2309 4632 ubi
2348 4578 2411 4631 cf.
2451 4595 2585 4646 quae
2620 4579 2884 4631 adduntur
3026 4581 3092 4633 25
3132 4581 3187 4634 ὃν

463 4661 632 4728 μέντοι
671 4663 944 4717 VS¹GFL=
1001 4661 1116 4714 οὐδέ
1161 4681 1208 4714 τι
1245 4661 1366 4715 8²2:
1423 4661 1478 4714 ὃν
1516 4661 1567 4714 δέ
1605 4682 1652 4714 τι
1698 4665 1768 4729 (τι
1815 4662 1910 4717 del.
1952 4664 2055 4730 m'·')
2096 4667 2137 4716 Β
2182 4665 2312 4717 vict.
2341 4665 2431 4734 Sp.
2606 4665 2665 4718 τὸ
2703 4667 3085 4737 μὲν-ἐκείνῳ]
3122 4669 3186 4721 cf.

465 4748 628 4814 21,22
646 4779 701 4786 --
725 4749 791 4802 24
937 4748 1003 4800 26
1043 4751 1249 4818 πρᾶγμά
1275 4769 1321 4802 τι
1347 4751 1463 4816 Sp.:
1503 4756 1704 4820 πρᾶγμα
1731 4769 1787 4802 a:
1827 4754 2079 4824 πράγματι
2106 4751 2225 4804 libri
2368 4754 2431 4805 27
2471 4772 2722 4826 πραγματι
2749 4755 2819 4806 V¹
2847 4755 2999 4821 (corr.
3024 4759 3067 4807 V
3076 4756 3116 4821 2>

463 4837 594 4888 κατὰ
629 4835 950 4906 συμβεβηκός
973 4855 1006 4887 a
1031 4836 1118 4905 Sp.
1337 4837 1405 4889 30
1447 4845 1676 4909 κρεῖττον
1714 4840 1865 4890 Fs¹h
