3684 5567
352 270 780 328 VERBORUM

355 449 758 519 κατασπείρω
794 447 953 513 4838

355 538 745 594 κατάστασις
784 534 970 598 121,18
1023 533 1205 597 12237
1252 534 1436 600 135,14
1478 533 1628 598 1623

357 624 758 696 καταστροφή
804 622 1194 688 170,12.21.26

357 710 749 782 κατατίθημι
795 711 979 776 173,11

357 799 728 872 κατατρέχει)
771 799 952 866 18731

357 890 708 958 κατάφασις
747 888 863 954 13,7
908 887 1058 951 53,11

359 976 698 1046 καταφέρω
733 976 850 1042 34,1

357 1063 744 1135 καταφεύγω
789 1061 973 1129 17137
1017 1062 1200 1127 19336
1239 1061 1429 1124 20436

359 1151 726 1221 κάταφιλέω
765 1151 946 1217 132,11

249 1229 262 1244 ’
361 1242 691 1312 καταφορά
729 1239 884 1306 3436

361 1328 786 1399 καταφρονέω
825 1326 1014 1392 14137
1061 1325 1246 1391 142,18

362 1415 888 1486 καταψηφίζομαι
931 1413 1114 1479 187,18

364 1503 834 1574 κατεργάζομαι
871 1501 1054 1567 23631

365 1591 625 1664 κατέχω
683 1590 848 1656 3338
894 1590 1074 1652 57,14.
1103 1589 1186 1642 21.
1214 1589 1281 1642 24
1331 1589 1458 1654 60,9
1512 1589 1672 1655 173,9

472 1678 664 1744 21932
700 1677 890 1743 227,18
933 1677 1090 1740 232,8
1127 1677 1318 1742 23430

367 1766 738 1837 κατηγορία)
782 1765 937 1831 1337
978 1764 1144 1830 3035
1182 1765 1343 1828 31,16
1389 1765 1517 1831 58,3
1555 1765 1675 1832 783

481 1853 682 1917 173,13.
715 1854 777 1905 14
819 1851 1006 1918 172,15
1049 1852 1200 1918 181,5
1239 1851 1423 1914 23231

367 1941 716 2049 κατηγορία
753 1941 876 2006 27,8

367 2028 696 2103 κατισχὺω
735 2029 888 2094 230,7

369 2120 720 2188 κάτοπτρον
758 2117 880 2184 97,4

369 2204 708 2276 κατορθόω
752 2206 938 2270 166,10
975 2181 1092 2267 205,
1097 2169 1164 2255 29
1184 2219 1262 2272 sq.

371 2292 762 2364 κατόρθωμα
804 2293 918 2358 166,
928 2294 992 2346 10
1027 2293 1146 2356 205,
1151 2291 1221 2344 30
1240 2307 1316 2358 sq.
1355 2291 1544 2354 21034
1567 2307 1644 2358 sq.

371 2382 620 2455 κατοχή
657 2382 787 2446 34,3

373 2471 544 2522 κάτω
584 2470 770 2533 179,16
807 2469 998 2534 20834

373 2554 661 2611 κάτωθεν
699 2557 855 2622 210,8

374 2645 650 2704 καυστός
687 2644 807 2712 238,
810 2645 879 2697 20

367 2731 699 2804 καχέκτης
735 2733 852 2798 20,
829 2749 860 2784 ο

369 2817 640 2889 καχεξία
682 2819 836 2885 19,18

371 2913 595 2975 κεῖμαι
630 2905 766 2972 9,18.
795 2907 865 2960 20
912 2907 997 2973 34,
1007 2907 1076 2960 32
1112 2907 1279 2972 48,18
1317 2905 1401 2970 66,
1414 2904 1472 2956 21
1518 2903 1604 2968 68,
1615 2902 1682 2955 33

479 2994 547 3046 82
554 2995 636 3059 ,32
678 2993 794 3060 100,
797 2994 864 3047 35
907 2994 1023 3062 101,
1027 2998 1057 3045 3
1102 2994 1217 3059 127,
1229 2993 1296 3045 32
1338 2990 1525 3058 14138
1570 2990 1685 3055 155,

485 3083 552 3134 10
591 3082 791 3146 16036.
819 3081 887 3135 28
931 3083 1117 3146 171,19
1161 3081 1348 3144 172,10

369 3167 611 3221 κελεύω
648 3169 848 3236 209,15

367 3256 554 3314 κενός
587 3257 744 3323 70,14
781 3257 970 3322 73,4.7
1021 3256 1210 3320 104,12
1262 3255 1462 3321 165,16.
1484 3254 1552 3306 23
1622 3253 1682 3306 τὸ

480 3363 531 3396 κ.
557 3344 928 3412 Epicureorum
963 3344 1148 3408 106,10
1203 3343 1453 3414 διάστημα
1489 3343 1540 3395 ἐν
1578 3342 1679 3395 δια-

479 3431 694 3502 στήματι
734 3432 922 3499 106,17
981 3439 1145 3492 κενῶς
1181 3431 1371 3494 22033

364 3519 642 3590 κέντρον
669 3519 913 3588 96,15sq.
958 3519 1108 3585 156,6
1167 3519 1357 3576 παντός
1381 3518 1532 3584 237,7
1589 3521 1679 3570 τοῦ

477 3611 569 3677 τῆς
603 3612 695 3677 γῆς
735 3608 916 3678 βάρους
954 3607 1146 3672 237,12

363 3695 602 3764 κεράνν
617 3713 694 3764 υμ
706 3713 738 3748 ι.
801 3695 922 3749 ἴδιον
958 3701 1060 3749 τῶν
1087 3695 1417 3765 κεκραμένων
1451 3691 1510 3746 τὸ
1537 3691 1680 3746 δι’)να-

480 3781 597 3835 σθαι
644 3783 946 3855 χωρίζεσθαι
989 3781 1136 3836 πάλιν
1185 3798 1286 3835 sec.
1333 3781 1678 3850 Chrysippum

480 3869 599 3934 216,
615 3870 683 3924 32
737 3872 801 3924 τὰ
839 3872 1124 3941 κεκραμένα
1149 3869 1192 3922 εἰ
1216 3868 1476 3943 ἀχώριστα
1513 3869 1676 3934 213,7

431 4021 440 4029 ·
479 3957 681 4025 22130
742 3958 926 4030 ῥᾳδίως
960 3958 1040 4011 ἐπὶ
1073 3958 1168 4028 τὴν
1206 3957 1394 4010 οἰκείαν
1424 3958 1682 4031 ἀνατρέχει

482 4044 628 4116 φύσιν
653 4045 844 4111 23133
892 4047 954 4098 τὰ
977 4046 1258 4117 χωρίζοντα
1283 4045 1364 4097 ἐπὶ
1389 4045 1528 4112 (libri
1557 4045 1678 4111 ἀπὸ)

480 4140 585 4186 τῶν
609 4133 940 4204 κεκραμένων
969 4133 1066 4185 οὒκ
1091 4135 1438 4204 ἐνυπάρχοντα
1475 4133 1680 4206 χωρίζει

480 4221 700 4288 232,10.
727 4223 796 4274 24
865 4221 1124 4292 χωρισμὸς
1163 4227 1268 4273 τῶν
1307 4240 1449 4291 κεκρ.
1494 4221 1614 4272 dist.
1650 4221 1678 4272 ὁ

481 4308 562 4362 ἐπὶ
586 4316 690 4362 τῶν
715 4308 1120 4382 παρακειμένων,
1147 4308 1172 4362 ὁ
1197 4315 1300 4361 τῶν
1326 4310 1458 4362 κατὰ
1485 4307 1678 4380 φθορὰν

481 4397 894 4470 ἀποκεκριμένων
921 4396 1109 4463 23231
1130 4413 1206 4464 sq.
1259 4399 1549 4470 χρωμάτων
1573 4397 1675 4449 δια-

481 4486 615 4555 φορά
651 4484 803 4552 233,7
880 4486 998 4538 vide
1034 4490 1210 4557 κρᾶσις

363 4572 680 4642 κεραυνός
716 4572 872 4636 66,3Ο

362 4658 596 4730 κέρδος
638 4659 786 4725 19Ο,3

362 4746 725 4817 κεφάλαιον
762 4748 884 4814 86,4
927 4747 1110 4814 171,17
1150 4747 1340 4812 212,13

364 4833 626 4906 κεφαλή
663 4835 778 4902 34,1
826 4835 912 4900 54,
915 4835 982 4889 27
1207 4843 1240 4860 ³·

482 4944 540 4982 Su
513 4944 631 4993 uppl.
661 4945 792 4984 Arist.
819 4943 862 4983 11
887 4940 917 4984 2
971 4944 1050 4983 Ale
1028 4955 1095 4984 e.x
1125 4945 1288 4994 scripta
1315 4945 1494 4983 minora.

2948 273 3069 339 257

2592 272 2781 344 κοινός

1767 444 2138 516 κεφαλωτός
2174 445 2328 511 5437

1767 532 2118 604 κηδεμονία
2161 533 2310 598 188,5

1769 622 1972 692 κηρός
2014 621 2165 686 18,32
2202 621 2357 686 5338
2395 621 2553 684 6030

1769 709 2061 780 κηρίιττω
2106 709 2289 774 129,16
2330 710 2516 775 164,15
2554 708 2743 774 202,12

1769 797 2071 870 κίβδηλος
2108 796 2264 862 6534

1770 886 2057 943 κίνδυνος
2099 885 2282 950 191,16

1771 975 1962 1027 κινέω
2004 971 2153 1038 1536
2192 972 2348 1037 34,34
2366 987 2444 1040 sq.
2482 971 2637 1036 55,14
2674 972 2918 1039 59‚28sq.
2961 972 3079 1037 182,

1876 1060 1996 1128 2sq.
2036 1061 2191 1124 2093
2264 1060 2322 1114 τὸ
2357 1066 2561 1132 πρῶτον
2597 1064 2765 1114 κινοῦν
2804 1059 2961 1126 47,10
3018 1060 3077 1114 τὸ

1878 1149 1954 1202 ἀεὶ
1990 1168 2041 1201 κ.
2068 1148 2146 1211 3,1
2166 1165 2243 1217 sq.
2271 1149 2333 1202 21
2352 1166 2429 1218 sq.
2501 1149 2559 1201 τὸ
2597 1148 2763 1218 ἕτερον
2798 1155 2904 1200 τῶν
2942 1149 3081 1201 ἐναν-

1877 1238 1999 1289 τίων
2037 1239 2165 1306 μετὰ
2202 1238 2519 1310 ἰσχυροτέρας
2556 1236 2817 1305 δυνάμεως
2852 1255 2905 1288 κ.
2950 1235 3080 1299 333

1878 1323 1937 1378 τὸ
1973 1330 2173 1393 πρῶτον
2216 1345 2266 1378 κ.
2304 1332 2415 1384 πῶς
2451 1326 2688 1397 ἀκίνητον
2734 1325 2811 1397 εἴη
2851 1324 2913 1376 ἂν
2950 1326 3081 1378 κατὰ

1879 1407 1999 1481 Ἀρ.,
2046 1411 2095 1464 εἴ
2126 1431 2180 1481 γε
2216 1413 2427 1466 ἕκαστόν
2475 1413 2603 1466 ἐστιν
2648 1412 2721 1464 ὧν
2763 1413 2893 1465 ἐστιν
2938 1411 3082 1483 ἔργον

1880 1499 2028 1551 ἕνεκα
2072 1504 2164 1553 τοῦ
2210 1500 2379 1571 ἔργου,
2433 1499 2554 1554 θεοῦ
2600 1499 2652 1552 δὲ
2700 1499 2915 1572 ἐνέργεια
2960 1498 3084 1553 ἀθα-

1880 1589 2048 1652 νασία,
2100 1593 2249 1641 τοῦτο
2306 1589 2359 1642 δέ
2408 1589 2511 1642 ἐστι
2566 1587 2672 1660 ζωὴ
2720 1587 2895 1652 ἀίδιος,
2951 1586 3081 1641 ὥστε

1884 1675 2077 1746 ἀνάγκη
2126 1677 2205 1745 τῷ
2248 1674 2357 1746 θεῷ
2405 1677 2598 1748 κίνησιν
2646 1676 2801 1729 ἀίδιον
2844 1675 3085 1748 δπάρχειν

1885 1762 2208 1830 52,15-19
2297 1764 2339 1816 εἰ
2381 1765 2439 1818 τὸ
2484 1764 2785 1833 κινοΰμενον
2832 1763 2911 1816 ἐπί
2951 1781 3084 1821 τινος

1885 1849 2126 1921 μεγέθους
2162 1854 2293 1904 κατὰ
2319 1851 2557 1924 πρότερον
2591 1850 2763 1923 μόριον
2786 1851 2943 1904 αὐτοῦ
2966 1851 3084 1922 πρό-

1884 1957 2027 2010 τερον
2074 1949 2283 1994 κινεῖται
2327 1938 2725 2004 35,18—-36‚16
2800 1939 2969 1992 ἕπεται
3012 1942 3087 2009 τῷ

1887 2029 1973 2080 καὶ
2015 2027 2074 2081 τὸ
2111 2027 2322 2098 μέγεθος
2365 2029 2453 2082 καὶ
2492 2028 2579 2080 τὸν
2617 2027 2799 2100 χρόνον
2846 2025 2898 2086 ἐξ
2933 2026 3087 2081 ἀδιαι-

1888 2117 2049 2186 ρέτων
2094 2115 2379 2186 συγκεῖσθαι
2411 2117 2569 2186 λέγειν
2612 2115 2672 2168 τὸ
2709 2116 2869 2168 πάντα
2913 2115 2979 2167 τὰ
3013 2135 3089 2168 κι-

1888 2202 2105 2272 νούμενα
2142 2205 2390 2278 ἰσοταχῶς
2424 2201 2668 2258 κινεῖσθαι
2710 2203 2869 2268 45,31
2948 2203 3087 2276 ψυχὴ

1888 2291 1933 2344 εἰ
1976 2310 2028 2345 κ.
2076 2291 2231 2363 αὑτὴν
2287 2293 2517 2360 47‚3sq.
2598 2309 2646 2342 τι
2691 2297 2797 2344 τῶν
2842 2293 3090 2361 κειμένων

1896 2379 2083 2446 155,10
2152 2379 2301 2449 λόγον
2337 2378 2457 2443 83,8
2530 2375 2687 2448 ὄνομα
2726 2379 2917 2444 172,10

1783 2466 2029 2537 κίνησις
2064 2466 2363 2534 2,20-3,8
2406 2465 2555 2530 1823
2575 2481 2651 2534 sq.
2696 2467 2880 2534 196,19
2954 2483 3092 2522 συνε·
3188 2517 3197 2526 ,

1888 2555 1987 2626 χής
2023 2555 2109 2621 3,4
2146 2554 2303 2620 40,13
2341 2554 2530 2620 223,12
2586 2570 2707 2624 opp.
2742 2553 2822 2608 διὰ
2847 2556 3093 2627 κινήσεως

1892 2642 2059 2708 8138
2130 2645 2275 2696 varia
2310 2643 2559 2713 κινήσεως
2595 2657 2786 2711 genera
2832 2643 2995 2710 81,18
3015 2660 3093 2712 sq.

1892 2728 2033 2798 φὺσις
2068 2729 2202 2805 ἀρχὴ
2240 2749 2292 2784 κ.
2328 2729 2494 2798 62,16
2518 2747 2594 2800 sq.
2640 2730 2831 2796 168‚17
2903 2733 3095 2804 κίνησις

1892 2817 2085 2887 κόσμου
2121 2818 2278 2885 6330
2344 2824 2568 2888 σφαιρῶν
2603 2818 2761 2884 40,3Ο
2818 2819 2958 2873 θείου
2996 2821 3093 2874 σώ-

1893 2924 2049 2974 ματος
2083 2905 2242 2972 47,30
2300 2907 2381 2959 ἰπὶ
2415 2911 2505 2959 τοῦ
2542 2907 2737 2960 κύκλου
2773 2906 2900 2970 50,7
2942 2909 3006 2961 cf.
3044 2908 3095 2975 2,

1894 2993 1959 3045 22
1998 2993 2085 3060 3,8
2105 3010 2181 3062 sq.
2220 2995 2378 3060 4Ο,12
2439 2996 2659 3054 ἀναίτιος
2698 2995 2849 3059 1853
2921 2995 2971 3057 ἐξ
3008 2997 3095 3049 αὒ-

1890 3085 1981 3134 τοῦ
2020 3081 2175 3147 2034
2230 3083 2363 3136 κατὰ
2396 3102 2442 3136 τ.
2470 3083 2629 3153 ῥοπήν
2664 3083 2786 3147 493
2840 3084 2892 3136 ἐν
2928 3083 3095 3156 χρόνῳ

1891 3169 2047 3235 35,19
2119 3171 2249 3223 κατὰ
2285 3189 2330 3223 τ.
2358 3190 2408 3223 κ.
2437 3172 2556 3225 ποιὰ
2592 3173 2757 3241 σχέσις
2797 3171 2982 3236 16936
3042 3173 3095 3226 ἐν

1890 3259 1985 3310 τίνι
2020 3258 2297 3329 κατηγορίᾳ
2332 3259 2718 3326 34,31-35,15

1784 3345 2046 3417 κίρνημι
2084 3345 2239 3411 213,3
2276 3345 2463 3412 217,31
2509 3347 2664 3415 219,8
2714 3347 2906 3414 22030
2941 3347 3095 3414 2293

1892 3433 2160 3502 κιρνάμενα
2196 3433 2370 3504 διαιρεῖ
2405 3433 2597 3505 ἄλληλα
2636 3435 2825 3500 22135
2846 3451 2921 3503 sq.
2990 3455 3095 3503 κιρ-

1890 3517 2067 3572 νᾶσθαι
2102 3520 2428 3590 προείληπται
2463 3523 2525 3575 τὰ
2561 3519 2684 3576 κατ’
2712 3523 2835 3576 ἰδίαν
2873 3523 2969 3595 πρὸ
3005 3529 3097 3595 τῆς

1888 3609 2117 3677 κράσεως
2162 3608 2423 3676 ὺφιστάναι
2470 3610 2717 3680 δυνάμενα
2764 3611 2965 3676 22238
3035 3613 3095 3666 τὸ

1885 3694 2041 3763 λέγειν
2080 3692 2206 3766 μηδ’
2242 3695 2375 3755 ὅλως
2411 3697 2672 3770 κιρνᾶσθαί
2706 3713 2815 3752 τινα
2854 3699 3097 3754 δύνασθαι

1889 3782 2053 3848 213,9
2108 3784 2172 3837 ef.
2210 3787 2476 3856 κεράννυμι

1783 3870 1965 3941 κλίνη
2010 3872 2188 3937 169,11

1784 3961 1959 4011 κνάω
1998 3959 2154 4024 2438
2192 3961 2347 4026 25,15

1783 4049 2036 4116 κοιμοὶω
2073 4047 2225 4113 3431
2274 4048 2458 4116 10538

1783 4135 1991 4192 κοινός
2036 4135 2191 4200 22,18
2236 4135 2399 4201 77,32
2420 4152 2496 4204 sq.
2549 4136 2745 4198 128,14
2798 4136 2999 4200 165,16.
3026 4137 3092 4188 21

1888 4222 2172 4294 κοινότερον
2240 4223 2365 4290 16,6
2426 4224 2580 4290 108,.1
2645 4225 2840 4290 127,10
2901 4225 3095 4290 128,18

1889 4316 2071 4368 κοινῶς
2127 4309 2289 4377 216,1
2365 4312 2407 4364 εἰ
2454 4313 2517 4364 τὰ
2564 4313 2711 4364 κοινὰ
2758 4312 2990 4381 νοήματα
3036 4310 3095 4364 οὐ

1887 4403 2051 4466 σῶμα,
2089 4394 2191 4450 οὐδ’
2233 4397 2293 4449 ἂν
2329 4397 2386 4451 τὸ
2424 4399 2595 4452 κοινὸν
2624 4405 2772 4469 σῶμα
2811 4405 2960 4470 σῶμα
3000 4399 3095 4470 εἴη,

1892 4483 2010 4538 ὥστ’
2050 4482 2153 4538 οὐδ’
2191 4485 2391 4557 ὁρισμὸς
2427 4487 2583 4540 αὐτοῦ
2620 4487 2855 4556 σώματος
2892 4485 3095 4557 ὁρισμὸς

1892 4573 2027 4626 ἔσται
2052 4574 2309 4638 59,4-24
2371 4575 2433 4626 τὰ
2460 4595 2510 4628 κ.
2536 4574 2772 4647 ἄφθαρτα
2798 4574 2919 4640 833
2974 4591 3095 4644 opp.

1889 4663 1955 4713 τὰ
1996 4659 2288 4714 καθέκαστα
2336 4661 2385 4728 7,
2400 4663 2467 4714 24
2486 4680 2563 4731 sq.
2630 4683 2681 4716 κ.
2728 4662 2883 4732 ἡδονή
2935 4661 3096 4725 124,3

1891 4748 2037 4818 λόγος
2062 4748 2343 4819 κοινότερος
2382 4749 2501 4816 21,4
2557 4751 2729 4804 κοινὸν
2754 4749 2915 4820 ὄνομα
2950 4751 3095 4819 (opp.

1892 4837 2120 4907 πρᾶγμα)
2160 4837 2279 4902 21,4

2615 4927 2689 4990 17
