3684 5567
1336 273 1621 330 ΒΙΒΛΙΟΝ
1659 274 2019 331 ΔΕΥἹῈΡΟΝ
2058 276 2194 329 3-5
3037 276 3116 337 51

513 449 825 531 τικείμενον
894 449 999 513 οὐκ
1064 448 1155 533 ἐφ’
1233 453 1394 534 ἡμῖν,
1468 456 1556 536 τῷ
1624 450 1732 534 γὰρ
1799 448 1892 533 ἐφ’
1970 452 2108 533 ἡμῖν
2181 452 2245 512 τὸ
2312 451 2416 514 οὐκ
2485 449 2578 535 ἐφ’
2655 452 2794 533 ἡμῖν
2865 448 3010 510 ἀντι-

511 553 789 635 κείμενον.
902 552 1038 616 οὖδὲ
1106 556 1169 616 τὸ
1237 550 1328 638 ἐφ’
1394 555 1553 637 ἡμῖν.
1650 555 1701 616 εἰ
1768 556 1831 617 δὲ
1894 554 1958 615 τὸ
2023 550 2114 637 ἐφ’
2185 555 2325 635 ἡμῖν
2380 556 2460 637 μὴ
2530 551 2621 637 ἐφ’
2677 555 2848 638 ἡμῖν,
2924 550 3015 613 οὖ-

515 653 609 716 ὃέν
678 655 827 718 ἐστιν
894 653 987 737 ἐφ’
1053 656 1212 737 ἡμῖν.
1302 654 1436 719 καθ’
1505 655 1537 718 ὃ
1605 655 1698 740 ἐφ’
1755 658 1896 740 ἡμῖν
1963 656 2143 728 ἐστιν,
2213 657 2280 719 οὖ
2336 660 2431 720 καὶ
2501 658 2562 719 τὸ
2631 656 3013 737 ἀντικείμενον
3044 669 3098 711 1⁰

513 756 605 839 ἐφ’
667 760 827 841 ἡμῖν,
894 757 1040 822 κατὰ
1106 759 1343 827 τούτους
1408 758 1575 822 οὐδέν
1630 760 1782 822 ἐστιν
1851 757 1943 843 ἐφ’
2007 760 2166 841 ἡμῖν.
2263 757 2356 844 <ἦ>
2419 763 2629 844 ψεῦδος
2691 761 2756 821 τὸ
2812 760 2863 821 εἰ
2930 759 3010 841 μὴ

440 880 471 929 5
514 860 633 943 [τὸ]
679 858 772 945 ἐφ’
828 863 967 945 ἡμῖν
1015 862 1079 924 τὸ
1128 860 1274 924 εἶναι
1318 861 1411 945 ἐφ’
1467 863 1637 945 ἡμῖν,
1683 862 1850 925 οὐδέν
1897 862 2047 925 ἐστιν
2093 860 2188 946 ἐφ’
2244 864 2403 945 ἡμῖν.
2493 866 2556 926 τὸ
2607 865 2709 946 μὲν
2753 862 2861 946 γὰρ
2907 858 3000 945 ἐφ’

511 966 649 1046 ἡμῖν
712 988 765 1027 τι
819 963 963 1027 εἶναι
1022 965 1082 1027 ἐν
1144 968 1221 1047 τῇ
1277 964 1446 1048 φύσει
1506 966 1676 1049 ἡμῶν
1732 968 1827 1028 καὶ
1881 970 1957 1049 τῇ
2021 964 2188 1047 οὐσίᾳ
2246 964 2308 1027 ὃν
2375 965 2480 1029 οὐκ
2532 966 2624 1051 ἐφ’
2680 968 2817 1049 ἡμῖν
2874 966 3016 1037 ἐστι,
3045 978 3098 1020 15

513 1067 711 1151 ὥσπερ
757 1067 893 1131 οὐδὲ
938 1069 1003 1130 τὸ
1049 1070 1297 1150 λογικοῖς
1341 1066 1514 1143 εἶναι,
1569 1068 1641 1129 τὰ
1687 1066 1881 1150 μέντοι
1928 1069 2234 1151 πράγματα
2287 1068 2373 1137 οἷς
2417 1070 2705 1153 χρώμεθα
2759 1067 2906 1131 κατὰ
2951 1068 3016 1129 τὸ

512 1168 605 1252 ἐφ’
662 1173 822 1253 ἡμῖν,
868 1176 1048 1234 ταῦτα
1092 1168 1183 1255 ἐφ’
1228 1172 1387 1253 ἡμῖν.
1476 1171 1694 1233 τούτων
1740 1170 1846 1254 γὰρ
1893 1172 1986 1234 καὶ
2030 1172 2102 1233 τὰ
2149 1172 2510 1253 ἀντικείμενα
2553 1171 2646 1257 ἐφ’
2700 1176 2858 1255 ἡμῖν.
2947 1173 3010 1233 τὸ

512 1274 615 1353 μὲν
658 1273 767 1358 γὰρ
812 1272 909 1357 ἐφ’
961 1276 1099 1357 ἡμῖν
1144 1297 1197 1336 τι
1242 1272 1388 1336 εἶναι
1436 1272 1543 1336 οὐκ
1588 1269 1682 1356 ἐφ’
1726 1275 1886 1356 ἡμῖν,
1933 1275 1996 1336 τὸ
2043 1275 2108 1336 δὲ
2154 1279 2539 1359 περιπατῆσαι
2587 1274 2678 1359 ἐφ’
2721 1277 2882 1358 ἡμῖν,
2929 1274 3018 1336 ὅτι

410 1395 473 1442 10
513 1377 607 1438 καὶ
651 1377 717 1439 τὸ
764 1378 845 1460 μὴ
894 1382 1300 1461 περιπατῆσαι.
1390 1378 1488 1439 καὶ
1531 1375 1638 1460 γὰρ
1687 1374 1827 1439 ἴδιον
1882 1378 1946 1439 τὸ
1993 1378 2377 1460 ἀντικείμενον
2431 1384 2531 1441 τοῦ
2579 1378 2672 1463 ἐφ’
2728 1382 2867 1461 ἡμῖν
2913 1378 3020 1439 οὐκ
3047 1394 3104 1435 2⁰

509 1477 601 1561 ἐφ’
644 1480 785 1561 ἡμῖν
830 1479 933 1541 διὰ
975 1479 1200 1555 τούτου,
1246 1481 1310 1541 τὸ
1357 1481 1421 1541 δὲ
1465 1478 1559 1563 ἐφ’
1596 1482 1733 1563 ἡμῖν
1777 1479 1823 1560 †
1870 1482 2064 1564 δῆλον.
2154 1485 2236 1551 ὡς
2281 1480 2379 1545 οὖν
2425 1484 2495 1545 τὰ
2527 1483 2886 1565 ἀντικείμενα
2915 1478 3007 1565 ἐφ’

512 1584 679 1665 ἡμῖν,
738 1586 916 1644 ταῦτα
959 1583 1055 1644 καὶ
1100 1581 1248 1645 αὐτὰ
1294 1580 1387 1665 ἐφ’
1443 1584 1613 1665 ἡμῖν,
1671 1582 1757 1644 ὅτι
1804 1583 1887 1665 μὴ
1942 1582 2036 1667 ἐφ’
2092 1585 2231 1667 ἡμῖν
2287 1585 2347 1647 ἐν
2400 1588 2517 1653 τοῖς
2562 1591 2853 1669 πρακτοῖς.
2943 1582 3010 1646 οὐ

514 1686 764 1767 πρακτὸν
814 1686 821 1771 1
872 1687 935 1749 δὲ
979 1688 1044 1749 τὸ
1099 1684 1251 1748 εἶναί
1296 1709 1347 1747 τι
1406 1684 1525 1769 [τὸ]
1571 1684 1664 1769 ἐφ’
1721 1688 1860 1769 ἡμῖν
1916 1687 1974 1749 ἐν
2021 1692 2140 1755 τοῖς
2185 1688 2517 1771 βουλευτοῖς
2562 1689 2654 1751 καὶ
2700 1693 2819 1757 τοῖς
2863 1690 3012 1751 ἐνόε-
3050 1695 3120 1751 95

516 1791 789 1875 χομένοις
833 1791 930 1853 καὶ
975 1788 1169 1858 ἄλλως
1214 1786 1390 1875 ἔχειν.
1468 1790 1573 1852 οὐκ
1619 1787 1781 1858 ὄντος
1826 1792 1892 1852 δὲ
1937 1791 1997 1852 ἐν
2045 1790 2263 1859 τούτοις
2308 1796 2410 1853 τοῦ
2453 1791 2604 1853 εἶναί
2643 1816 2694 1854 τι
2742 1790 2834 1877 ἐφ’
2876 1794 3016 1875 ἡμῖν

414 1915 473 1963 15
514 1894 754 1963 εἰκότως
798 1896 836 1978 ἡ
886 1894 988 1975 μὲν
1036 1893 1301 1974 δύναμις,
1349 1891 1482 1956 καθ’
1539 1894 1611 1977 ἥν
1656 1893 1811 1956 ἐστιν
1857 1893 1948 1975 ἐφ’
2006 1896 2175 1976 ἡμῖν,
2231 1894 2338 1957 οὐκ
2382 1894 2476 1979 ἐφ’
2535 1898 2699 1978 ἡμῖν,
2747 1897 2887 1979 πρὸς
2932 1894 3022 1981 (fi)
3075 1914 3103 1954 5

516 2000 580 2061 δὲ
623 1998 915 2083 χρώμεθα
966 2000 1045 2080 τῇ
1099 2001 1201 2059 τοῦ
1255 1995 1349 2079 ἐφ’
1405 1998 1545 2079 ἡμῖν
1601 2020 1652 2058 τι
1705 1996 1850 2060 εἶναι
1897 2000 2164 2081 δυνάμει,
2221 1997 2314 2082 ἐφ’
2372 2002 2510 2081 ημῖν
2555 2004 2763 2071 ταῦτα,
2819 2000 3018 2084 ὥσπερ

516 2102 611 2163 καὶ
665 2104 702 2182 ἢ
762 2100 865 2183 μὲν
912 2104 1123 2184 χρῆσις
1178 2101 1511 2181 τοῦλόγου
1558 2096 1651 2184 ἐφ’
1707 2102 1876 2183 ἡμῖν,
1931 2101 2036 2164 οὐκ
2089 2100 2180 2186 ἐφ’
2238 2104 2375 2185 ἡμῖν
2432 2104 2495 2165 δὲ
2548 2104 2584 2185 ἡ
2633 2102 2868 2185 δύναμις
2913 2108 3017 2185 τῆς

518 2190 839 2288 χρήσεως.

518 2375 589 2437 V.
683 2374 847 2460 Περὶ
893 2379 1014 2439 τοῦ
1060 2373 1163 2437 ὅτι
1207 2376 1320 2437 καὶ
1365 2376 1439 2437 τὸ
1487 2372 1587 2460 ἐφ’
1644 2379 1808 2460 ἡμῖν
1856 2376 2007 2440 καθ’
2063 2377 2517 2461 εἱμαρμένην.
3052 2394 3106 2435 10

405 2552 475 2598 20
682 2530 783 2616 Τῷ
836 2530 929 2615 ἐφ’
971 2533 1111 2614 ἡμῖν
1157 2555 1207 2593 τι
1253 2530 1399 2594 εἶναι
1445 2532 1754 2595 ἀντίκειται
1798 2534 1864 2594 τὸ
1913 2533 2092 2616 μηδὲν
2139 2532 2284 2594 εἶναι
2329 2531 2424 2617 ἐφ’
2466 2533 2622 2614 ἡμῖν.
2670 2532 2716 2613 †
2747 2532 3024 2595 ἀδύνατον

516 2636 581 2697 τὸ
636 2634 735 2698 οὖν
790 2641 875 2719 τῷ
932 2634 1025 2719 ἐφ’
1082 2636 1221 2717 ἡμῖν
1274 2659 1325 2698 τι
1378 2634 1521 2698 εἶναι
1573 2634 1694 2719 [τὸ]
1755 2636 2142 2716 ἀντικείμενον
2199 2635 2496 2699 ἀδύνατον.
2589 2636 2739 2698 ἀλλά
2798 2638 2912 2718 μὴν
2968 2630 3020 2721 ᾧ

517 2739 583 2799 τὸ
616 2738 999 2821 ἀντικείμενον
1047 2738 1345 2813 ἀδύνατον,
1391 2743 1559 2802 τοῦτο
1606 2736 1744 2803 καθ’
1794 2738 2169 2822 εἱμαρμένην,
2215 2737 2377 2820 εἴγε
2421 2744 2600 2801 ταῦτα
2647 2737 2783 2801 καθ’
2827 2741 3024 2822 εἱμαρ-
3055 2754 3105 2797 15

520 2842 697 2927 μένην
742 2843 979 2924 γίνεται,
1034 2843 1119 2911 οἷς
1163 2842 1235 2904 τὰ
1278 2842 1642 2923 ἀντικείμενα
1686 2841 1966 2904 ἀδύνατόν
2020 2842 2173 2903 ἐστιν
2219 2842 2257 2925 ἢ
2305 2841 2450 2904 εἶναι
2495 2842 2532 2925 ἣ
2577 2842 2864 2923 γενέσθαι.
2955 2843 3020 2905 τὸ

518 2942 617 3006 οὖν
672 2943 763 3029 ἐφ’
821 2948 961 3029 ημῖν
1014 2969 1068 3007 τι
1120 2944 1265 3008 εἶναι
1321 2944 1457 3007 καθ’
1516 2945 1888 3028 εἱμαρμένην.
1991 2950 2072 3028 τῷ
2121 2946 2184 3007 δὲ
2237 2942 2329 3027 ἐφ’
2385 2947 2524 3027 ἡμῖν
2578 2968 2629 3007 τι
2683 2944 2826 3007 εἶναι
2881 2944 3016 3007 καθ’

408 3066 475 3113 25
516 3048 871 3130 εἱμαρμένην
917 3050 1162 3120 σώζοιτο
1220 3046 1286 3110 ἄν
1332 3051 1397 3111 τὸ
1452 3046 1546 3132 ἐφ’
1603 3050 1739 3131 ἡμῖν
1793 3072 1848 3110 τι
1903 3049 2045 3110 εἶναι
2091 3047 2237 3111 κατὰ
2281 3048 2415 3115 τοὺς
2473 3048 2696 3110 ἅπαντα
2765 3049 3024 3129 γίνεσθαι

520 3148 656 3213 καθ’
698 3152 1051 3235 εἱμαρμένην
1097 3150 1387 3231 λέγοντας.
1463 3152 1501 3234 ἢ
1550 3150 1655 3213 οὐκ
1700 3152 1921 3234 ἀληθὲς
1965 3152 2031 3213 τὸ
2078 3146 2130 3233 ᾧ
2179 3152 2241 3213 τὸ
2288 3150 2676 3234 ἀντικείμενον
2723 3152 3020 3227 ἀδύνατον,
3049 3168 3106 3210 2⁰

516 3258 685 3317 τοῦτο
740 3253 887 3317 εἶναι
939 3252 1074 3317 καθ’
1131 3253 1504 3337 εἱμαρμένην.
1596 3254 1646 3315 εἰ
1694 3254 1798 3334 μὲν
1853 3253 1962 3337 γὰρ
2015 3254 2218 3316 ταύτὸν
2274 3253 2345 3336 ἧν
2400 3255 2464 3315 τὸ
2519 3253 2578 3321 ἐξ
2633 3254 2884 3335 ἀνάγκης
2937 3260 3020 3341 τῷ

520 3354 653 3419 καθ’
712 3356 1095 3440 εἱμαρμένην,
1150 3354 1275 3440 <ἧν>
1318 3355 1385 3419 ἂν
1433 3357 1631 3441 ὥσπερ
1685 3361 1787 3419 τοῦ
1842 3356 1903 3424 ἐξ
1955 3356 2209 3438 ἀνάγκης
2263 3357 2502 3439 ὁρισμὸς
2556 3357 2621 3418 τὸ
2670 3351 2720 3440 ᾧ
2766 3358 2832 3418 τὸ
2878 3359 3024 3420 ἀντι-

518 3459 780 3540 κείμενον
828 3459 1127 3535 ἀὸύνατον,
1177 3458 1185 3544 Ι
1233 3461 1418 3528 οὕτως
1461 3461 1559 3523 καὶ
1602 3463 1703 3522 τοῦ
1734 3458 1870 3521 καθ’
1913 3460 2286 3541 εἱμαρμένην.
2376 3460 2471 3520 ἐπὶ
2519 3458 2692 3521 πλέον
2738 3460 2802 3521 δὲ
2845 3462 2910 3522 τὸ
2958 3462 3018 3532 ἐξ
3057 3471 3126 3525 96

405 3582 475 3631 30
513 3564 768 3645 ἀνάγκης
822 3568 922 3625 τοῦ
985 3562 1123 3625 καθ’
1178 3562 1563 3647 εἱμαρμένην·
1624 3563 1691 3625 οὐ
1744 3562 1853 3646 γὰρ
1909 3566 2023 3623 πᾶν
2081 3563 2144 3624 τὸ
2200 3562 2259 3630 ἐξ
2323 3562 2577 3644 ἀνάγκης
2641 3559 2772 3625 καθ’
2831 3565 3024 3647 εἱμαρ-

405 3754 437 3805 2
478 3752 593 3805 οὐδὲ
626 3749 747 3803 αὐτὸ
772 3751 831 3803 τὸ
854 3754 924 3805 G:
963 3750 1077 3803 οὐδὲ
1114 3752 1172 3803 τὸ
1211 3752 1334 3805 αὐτὸ
1371 3752 1513 3817 (αὐτὸ
1541 3768 1581 3803 s,
1609 3754 1678 3815 ν.)
1703 3756 1744 3803 F
1922 3751 2040 3820 ἡμῖν
2068 3752 2249 3803 V¹FS:
2288 3751 2408 3820 ἡμῖν
2447 3751 2543 3821 ἄρα
2581 3747 2665 3821 ἐφ’
2687 3751 2805 3821 ἡμῖν
2825 3752 2991 3805 B2S²a
3015 3756 3130 3822 Sp.:

402 3842 523 3911 ἡμῖν
560 3841 657 3909 ἄρα
693 3840 832 3891 νἜ“
874 3841 1010 3891 vict.
1050 3844 1099 3891 H
1278 3842 1309 3893 3
1349 3840 1375 3892 ὃ
1414 3841 1511 3892 V1:
1550 3840 1634 3898 οὓς
1672 3840 1770 3910 ἄρα
1806 3838 2100 3891 V'2B‘2S2’Ha
2134 3841 2251 3905 Sp.:
2289 3838 2316 3889 ὃ
2354 3839 2448 3908 ἄρα
2476 3842 2547 3891 G:
2586 3839 2670 3896 οὓς
2708 3839 2795 3891 οὖν
2835 3840 2931 3909 ἄρα
2957 3845 2998 3893 F

401 3929 438 3979 4
478 3946 549 3995 pr.
577 3924 679 3997 ἐφ’]
720 3928 788 3997 μὴ
826 3923 901 3996 ἐφ’
928 3928 1062 3979 vict.
1214 3932 1365 3980 τοῦτο
1394 3928 1534 3980 Diels
1679 3926 1711 3996 ἢ
1751 3928 1870 3979 add.
1896 3926 2166 3979 V²S²BHa
2192 3930 2278 3994 Sp.
2424 3926 2456 3979 5
2493 3926 2551 3978 τὸ
2588 3923 2674 3996 ἐφ’
2703 3930 2797 3979 VB
2812 3929 2936 3980 '8¹11
2968 3930 3127 3982 vic-L:

402 4014 481 4085 ἐφ’
506 4017 693 4070 B²S²az
734 4014 803 4085 μὴ
841 4014 899 4066 τὸ
942 4012 1017 4085 ἐφ’
1056 4016 1175 4085 ἡμῖν
1210 4034 1259 4067 τι
1296 4018 1431 4067 coni.
1470 4020 1559 4082 Sp.
1708 4016 1773 4067 10
1810 4016 1897 4067 καὶ
1931 4014 1990 4065 τὸ
2029 4014 2100 4083 μὴ
2125 4013 2285 4067 B2S²a
2311 4016 2426 4081 Sp.:
2465 4013 2536 4083 μὴ
2575 4015 2660 4065 καὶ
2696 4015 2755 4067 τὸ
2780 4018 3055 4069 VHB¹Fs¹

407 4106 466 4155 11
509 4103 589 4171 ἐφ’
614 4104 733 4172 ἡμῖν
772 4103 832 4170 (μ
856 4103 911 4153 in
938 4102 1037 4168 lit.)
1068 4102 1219 4172 δῆλον
1259 4103 1329 4160 ὠς
1356 4103 1443 4155 οὖν
1468 4105 1530 4154 τὰ
1553 4106 1723 4153 VHB:
1768 4099 1844 4171 ἐφ’
1869 4103 1987 4172 ἡμῖν
2015 4098 2091 4171 ἐφ’
2115 4102 2233 4173 ἡμῖν
2261 4100 2410 4171 δῆλον
2439 4100 2510 4158 ὡς
2533 4100 2619 4153 οὖν
2644 4104 2708 4153 τὰ
2730 4108 2777 4154 Η
2800 4106 2914 4171 (γελ)
2937 4108 3128 4157 GFSa:

406 4186 485 4260 ἐφ’
526 4191 646 4260 ἡμῖν
672 4188 754 4259 ἐφ’
790 4189 907 4259 ἡμῖν
946 4190 1099 4260 δῆλον
1138 4190 1225 4243 οὖν
1266 4191 1338 4241 ὧν
1375 4192 1437 4242 τὰ
1466 4192 1599 4243 vict.
1640 4191 1757 4256 Sp.:
1814 4192 2101 4257 apodoseos
2141 4191 2346 4241 initium
2387 4189 2588 4241 videtur
2626 4189 2778 4259 δῆλον
2819 4190 2888 4248 ὡς
2926 4191 3012 4242 ὧν
3050 4193 3130 4253 τὰ,

406 4280 633 4347 protasis
676 4278 892 4330 sortasse
930 4280 1016 4331 καὶ
1053 4281 1146 4351 γὰρ
1185 4280 1237 4331 εἰ
1276 4275 1355 4331 δι’
1395 4278 1464 4330 οὖ
1500 4297 1545 4329 τ.
1574 4278 1621 4329 ἀ.
1648 4296 1693 4329 τ.
1732 4274 1816 4347 ἐφ’
1857 4278 1975 4347 ἡμῖν
2017 4276 2160 4346 [οὐκ]
2199 4276 2290 4347 ἐφ’
2325 4278 2445 4347 ἡμῖν
2481 4275 2523 4329 δ.
2550 4295 2596 4328 τ.
2623 4277 2736 4329 τόδε
2775 4274 2860 4347 ἐφ’
2901 4280 3020 4347 ἡμῖν

409 4366 473 4419 12
520 4365 615 4436 μὴ]
660 4372 933 4433 exspectas
976 4368 1039 4420 τὰ
1223 4366 1283 4419 13
1331 4368 1418 4419 alt.
1458 4366 1517 4418 τὸ
1562 4366 1659 4418 del.
1700 4368 1787 4433 Sp.
1975 4366 2194 4418 fortasse
2231 4362 2388 4429 <0565
2432 4366 2483 4417 ἐν
2666 4367 2729 4417 14
2775 4370 2866 4419 τοῦ
2904 4370 3018 4432 Sp.:
3067 4366 3127 4417 τὸ

402 4456 523 4506 libri
709 4454 769 4507 15
815 4456 847 4507 ἃ
884 4456 1001 4508 add.
1029 4456 1163 4508 vict.
1343 4455 1425 4507 20.
1466 4455 1529 4506 21
1584 4452 1823 4506 ἀδύνατον
1861 4457 1978 4519 (sic)
2022 4454 2080 4505 τὸ
2119 4453 2207 4506 οὖν
2249 4459 2310 4507 V:
2367 4451 2608 4506 ἀδΰνατον
2646 4452 2705 4505 τὸ
2743 4452 2830 4505 οὖν
2871 4455 3126 4505 HFS¹B¹=

402 4542 461 4595 τ’)
500 4542 589 4595 οὖν
632 4542 794 4597 B²S²a
832 4546 947 4611 Sp.:
998 4544 1215 4598 fortasse
1252 4545 1355 4596 καὶ
1392 4543 1617 4595 δυνατόν.
1655 4542 1713 4594 τὸ
1751 4542 1840 4594 οὖν
2020 4543 2079 4595 21
2133 4544 2190 4595 τὸ
2228 4548 2344 4610 post
2383 4544 2506 4594 εἶναι
2543 4542 2640 4594 del.
2679 4546 2767 4608 Sp.
2950 4542 3015 4592 24
3052 4542 3130 4609 τῷ

402 4632 618 4699 scripsi:
673 4630 733 4683 τὸ
782 4632 899 4685 libri
1080 4632 1147 4685 25
1196 4632 1431 4695 σώζοιτο]
1486 4629 1639 4691 σώζοι
1683 4630 1743 4682 τὸ
1782 4634 1847 4682 V:
1886 4630 2038 4691 σώζοι
2076 4630 2134 4682 ἂν
2180 4632 2297 4687 τοὺς
2333 4632 2422 4697 Sp.
2600 4630 2732 4680 κατὰ
2777 4628 2893 4685 τοὺς
2930 4627 3128 4680 ἅπαντα

400 4719 621 4787 scripsi:
688 4737 787 4771 κατ
829 4719 971 4773 ὁσίαν
1020 4722 1137 4787 (sic,
1184 4734 1341 4785 supra
1377 4736 1407 4769 τ
1443 4719 1525 4768 1n²
1571 4720 1622 4780 α)
1659 4720 1820 4769 πάντα
1865 4722 1928 4769 V:
1985 4720 2118 4770 κατὰ
2157 4716 2323 4770 οὒσίαν
2373 4717 2535 4768 πάντα
2573 4717 2729 4768 ceteri
2927 4716 2988 4766 :27
3045 4714 3125 4782 τὸ]

399 4808 479 4876 τῷ
504 4811 551 4859 Η
721 4806 802 4857 27.
839 4807 907 4858 28
942 4810 1021 4875 τῷ·
1058 4806 1291 4859 καθ’νΒ
1336 4805 1467 4856 vict.
1507 4807 1619 4869 Sp.:
1658 4805 1717 4857 τὸ
1756 4802 1878 4857 καθ’
1919 4808 2062 4858 usa:
2101 4804 2159 4857 τὸ
2198 4805 2254 4857 οὒ
2293 4803 2397 4856 καθ
2423 4808 2462 4856 Ι·“
2607 4804 2674 4855 28
2711 4803 2772 4873 ἦν
2809 4804 2924 4854 add.
2965 4806 3050 4869 Sp.

398 4900 490 4946 τοῦ
529 4908 630 4945 om.
670 4912 702 4945 a
874 4894 933 4945 τὸ
973 4891 1015 4963 ᾧ
1054 4893 1113 4945 τὸ
1153 4899 1197 4946 Η
1238 4895 1372 4946 vict.
1411 4895 1454 4943 B
1496 4894 1623 4959 δρα.
1654 4892 1728 4944 ’τὸ
1767 4882 1809 4962 ᾧ
1848 4892 1922 4945 τὸ·
1971 4894 2046 4945 sic
2085 4898 2148 4946 V:
2187 4900 2264 4944 τῶ
2301 4894 2360 4945 τὸ
2397 4895 2514 4945 FSa

2629 4976 2720 5040 4²1:
