3684 5567
1350 284 1637 341 BIBAION
1674 284 2038 340 ΔΕΥΤΕΡΗΝ
2077 286 2125 347 3,
2157 290 2198 338 1.
2223 288 2254 339 2
3069 288 3154 351 49

551 472 665 517 των
712 460 807 519 καὶ
850 460 955 543 τὴν
1002 460 1165 523 θείαν
1212 460 1471 541 δύναμιν,
1516 461 1586 543 ἧς
1634 462 2174 545 μεταλαμβάνουσιν
2219 460 2368 523 κατὰ
2415 462 2518 543 τὴν
2562 461 2885 543 γειτνίασιν.
2963 456 3034 520 δι’
3077 472 3130 513 1⁰

545 558 614 640 ἣν
669 559 905 643 δύναμιν
962 561 1155 625 οὐκέτι
1211 567 1391 625 ταῦτα
1445 562 1625 647 μόνης
1678 568 1781 645 τῆς
1826 564 1973 625 κατὰ
2029 564 2133 646 τὴν
2192 565 2374 648 ῥοπὴν
2423 564 2703 645 κινήσεως
2749 564 2940 648 ἀρχὴν
2986 562 3046 623 ἐν

542 662 737 731 αὐτοῖς
769 662 916 749 ἔχει,
963 667 1115 727 ἀλλά
1157 690 1281 728 τινα
1325 667 1423 728 καὶ
1468 668 1720 750 ψυχικὴν
1761 666 2118 749 προσείληφε
2162 668 2266 749 τὴν
2301 668 2490 751 ἀρχὴν
2537 668 2630 730 καὶ
2676 668 2781 750 τὴν
2826 665 3046 747 γένεσιν

543 764 793 851 ἔχουσαν
849 770 965 831 ἀπὸ
1026 775 1132 852 τῆς
1188 769 1352 837 θείας
1406 770 1727 851 δυνάμεως.
1828 770 1953 851 ἥτις
2008 770 2176 853 φύσις
2235 794 2296 831 τε
2354 771 2448 832 καὶ
2511 771 2676 855 ψυχὴ
2739 768 2886 831 κατὰ
2943 769 3046 851 τὴν
3077 784 3128 824 15

542 868 837 953 ποσότητα
878 875 995 933 τῶν
1042 872 1245 934 ἁπλῶν
1298 852 1619 951 σωμάτων,
1674 871 1732 939 ἐξ
1777 872 1860 933 ὧν
1907 872 2028 935 ἐστι
2074 874 2138 934 τὸ
2185 871 2324 957 ἔχον
2377 872 2558 955 αὐτὴν
2606 876 2778 954 σῶμα
2822 871 2935 953 (ὧν
2982 872 3045 933 τὸ

544 972 657 1053 μὲν.
692 972 787 1035 ἐπὶ
828 973 1001 1035 πλέον
1051 972 1171 1057 [ὃν]
1219 978 1485 1037 κοινωνεῖ
1522 980 1627 1057 τῆς
1666 974 1829 1042 θείας
1874 976 2178 1055 δυνάμεως
2221 979 2304 1060 τῷ
2341 974 2626 1059 ἐγγυτέρω
2671 999 2734 1037 τε
2764 974 2909 1037 εἶναι
2952 977 3037 1058 τῷ

541 1076 687 1158 θείῳ
736 1079 962 1158 σώματι
1006 1078 1105 1139 καὶ
1150 1077 1294 1139 εἶναι
1336 1077 1689 1159 λεπτομερές
1732 1100 1794 1139 τε
1837 1078 1936 1139 καὶ
1981 1078 2411 1161 καθαρώτερον,
2457 1079 2522 1141 τὸ
2569 1075 2619 1140 δ’
2673 1076 2766 1140 ἐπ’
2808 1076 3042 1139 ἔλαττον
3071 1094 3128 1134 2⁰

540 1180 634 1241 διά
676 1202 739 1241 τε
770 1180 834 1241 τὸ
876 1180 1187 1263 ἀπόστημα
1233 1182 1297 1242 τὸ
1330 1184 1527 1243 πλεῖον
1573 1182 1669 1243 καὶ
1714 1179 1809 1243 διὰ
1854 1182 1957 1263 τὴν
2002 1186 2107 1264 τῆς
2147 1184 2482 1249 συστάσεως
2526 1180 2883 1266 παχύτητα),
2931 1182 3046 1243 διά-

540 1305 719 1363 φορον
765 1283 861 1345 καὶ
914 1283 1062 1366 αὐτὴ
1118 1284 1349 1365 γίνεται.
1441 1282 1551 1345 ὅσα
1598 1284 1700 1365 μὲν
1754 1283 1864 1367 γὰρ
1918 1288 2035 1346 τῶν
2091 1285 2388 1348 συνθέτων
2443 1286 2734 1367 σωμάτων
2778 1285 2844 1346 τὸ
2893 1286 3046 1345 πλεῖ-

442 1404 503 1451 10
540 1406 671 1448 στον
715 1390 822 1468 γῆς
869 1384 1017 1470 ἔχει,
1061 1386 1106 1469 †
1153 1388 1359 1450 ταύτὸν
1414 1392 1519 1469 γῆς
1566 1408 1716 1454 τινος
1760 1380 2027 1449 κοινωνεῖ
2067 1393 2324 1471 ψυχικῆς
2367 1391 2665 1469 δυνάμεως
2709 1392 2794 1471 τῷ
2843 1388 2936 1449 καὶ
2982 1387 3046 1448 τὸ

538 1490 641 1571 τὴν
688 1489 960 1573 πλείστην
1018 1494 1223 1573 μοῖραν
1277 1495 1383 1573 τῆς
1436 1490 1634 1557 οὐσίας
1688 1490 1882 1551 αὐτῶν
1937 1494 2113 1571 σῶμα
2163 1488 2168 1570 Ι
2219 1489 2453 1554 ἔλαττον
2508 1496 2611 1573 τῆς
2655 1491 2819 1558 θείας
2879 1512 3044 1573 μετα·
3071 1504 3126 1545 25

538 1592 817 1676 λαμβάνει
870 1594 1195 1675 δυνάμεως·
1261 1592 1373 1655 ὅσα
1426 1593 1491 1655 δὲ
1536 1595 1733 1654 πλεῖον
1788 1592 1848 1654 ἐν
1892 1593 2088 1661 αὑτοῖς
2142 1592 2270 1679 ἔχει
2326 1600 2430 1676 τῆς
2483 1592 2902 1678 πυρώδουςτε
2946 1594 3040 1655 καὶ
3089 1600 3146 1655 91

536 1696 762 1777 θερμῆς
795 1694 1011 1771 οὐσίας,
1056 1696 1213 1759 ταῦτ’
1259 1694 1420 1758 ἔσται
1464 1700 1661 1778 ψυχῆς
1704 1696 2058 1779 τελειοτέρας
2091 1698 2607 1782 μεταλαμβάνοντα
2650 1700 2734 1781 τῷ
2779 1696 2844 1757 τὸ
2877 1698 3040 1757 πλεο-

536 1798 704 1869 νάζον
738 1804 911 1880 σῶμα
957 1800 1015 1861 ἐν
1056 1798 1251 1867 αὐτοῖς
1296 1799 1389 1861 ἐπὶ
1432 1798 1606 1861 πλέον
1651 1804 1757 1880 τῆς
1800 1799 1963 1866 θείας
1996 1802 2450 1883 μεταλαμβάνειν
2497 1800 2817 1882 δυνάμεως.
2887 1800 3040 1861 οὕτω
3095 1816 3122 1855 5

438 1920 497 1967 15
536 1899 585 1963 δ’
642 1899 711 1963 ἂν
766 1901 858 1984 εἴη
918 1902 1155 1985 δευτέρα
1210 1902 1406 1985 φύσις,
1469 1903 1539 1980 ἢν
1594 1902 1909 1984 εἰρήκαμεν
1961 1901 2127 1964 θείαν
2182 1903 2418 1985 δύναμιν
2473 1903 2617 1965 εἶναι
2673 1902 3038 1985 ἐγγινομένην

533 2010 653 2071 τοῖς
696 2006 809 2067 ὑπὸ
854 2008 1104 2088 σελήνην
1154 2007 1383 2087 σώμασι
1439 2004 1533 2066 διὰ
1590 2005 1694 2086 τὴν
1740 2005 1883 2087 πρὸς
1939 2005 2170 2088 ἐκείνην
2214 2005 2544 2087 γειτνίασιν,
2603 2009 2682 2073 ὡς
2729 2007 2840 2088 ὕλῃ
2886 2029 3040 2090 χρω-

536 2106 679 2191 μένη
724 2113 845 2177 τοῖς
890 2110 1092 2176 ἁπλῶς
1144 2112 1410 2191 φυσικοῖς
1463 2110 1701 2189 σώμασι
1755 2110 1898 2189 πρὸς
1955 2110 2057 2190 τὴν
2113 2114 2227 2170 τῶν
2271 2108 2640 2192 τελειοτέριυν
2695 2132 2758 2171 τε
2803 2111 2895 2170 καὶ
2943 2110 3038 2191 ἐμ-
3068 2125 3122 2167 ἰο

536 2210 744 2295 ψύχων
788 2212 1008 2294 γένεσιν
1055 2214 1364 2294 σωμάτιον.
1454 2210 1527 2272 τὰ
1574 2212 1677 2293 μὲν
1724 2209 1824 2273 οὖν
1880 2212 2027 2274 κατὰ
2073 2216 2274 2293 κρᾶσιν
2329 2219 2444 2275 τῶν
2500 2213 2702 2273 ἁπλῶν
2750 2212 3037 2291 σωμάτων

535 2316 633 2375 καὶ
679 2312 802 2377 κατ’
860 2315 1170 2377 ἀλλοίωσιν
1216 2312 1485 2395 γινόμενα
1531 2314 1780 2376 σύνθετα
1832 2317 2078 2395 σώματα
2123 2320 2210 2399 τῷ
2259 2312 2415 2398 ἔχειν
2472 2316 2568 2377 καὶ
2623 2315 2726 2397 τὴν
2770 2315 3036 2396 τοιαύτην

426 2436 493 2482 20
532 2418 769 2498 δύναμιν
815 2418 875 2480 ἐν
920 2422 993 2500 τῇ
1041 2422 1158 2479 τῶν
1204 2416 1461 2501 ἐχόντων
1507 2416 1688 2499 αὐτὴν
1746 2419 2036 2499 σωμάτιον
2086 2417 2230 2498 μίξει
2275 2418 2720 2501 συγκρινομένην
2767 2442 2893 2485 πως
2938 2420 3034 2481 καὶ
3065 2436 3118 2476 ιῡ

533 2522 877 2605 μιγνυμένην
934 2520 1059 2584 κατ’
1118 2520 1300 2604 αὐτὴν
1352 2520 1677 2603 τελειότερα
1729 2520 1940 2602 γίνεται
1996 2524 2242 2602 σώματα
2295 2522 2391 2583 καὶ
2447 2521 2748 2605 θειοτέρας
2801 2522 3034 2605 φύσεως

530 2626 627 2687 καὶ
671 2627 864 2710 ἀρχῆς
916 2623 1395 2706 κεκοινωνηκότα,
1459 2622 1569 2686 ὅσα
1616 2625 1681 2686 δὲ
1728 2624 2000 2687 συνθέσει
2055 2648 2117 2685 τε
2163 2625 2260 2687 καὶ
2305 2624 2624 2706 παραθέσει
2669 2628 2784 2687 τῶν
2830 2626 3032 2687 ἁπλῶν

530 2731 819 2809 σωμάτων
864 2730 1123 2809 γίνεσθαι
1169 2732 1327 2791 δοκεῖ
1371 2731 1617 2809 σώματα
1671 2728 1940 2801 σύνθετα,
1995 2732 2173 2789 ταῦτα
2219 2727 2411 2791 οὐκέτι
2454 2732 2558 2809 τῆς
2609 2726 2876 2811 τοιαύτης
2919 2752 3032 2790 κοι-

525 2836 725 2894 νωνεῖν
774 2834 1075 2913 δυνάμεώς
1118 2855 1181 2894 τε
1226 2832 1321 2893 καὶ
1366 2830 1599 2913 φύσεως
1642 2831 1741 2893 οἷά
1783 2854 1865 2905 τε,
1913 2832 1994 2893 ὧν
2041 2831 2284 2893 ἕκαστον
2330 2834 2444 2893 τῶν
2488 2832 2689 2892 ἁπλῶν
2738 2832 3028 2912 σωμάτων
3057 2849 3113 2889 2⁰

420 2956 485 3004 25
526 2936 782 3020 ἐνεργείᾳ
827 2939 1007 3007 σώζει
1052 2936 1157 3018 τὴν
1190 2936 1366 2997 αὑτοῦ
1412 2934 1581 3017 φύσιν
1628 2934 1687 2995 ἐν
1734 2938 1807 3015 τῇ
1842 2934 2080 3017 τοιαύτῃ
2129 2934 2272 3014 μίξει
2318 2935 2414 2995 καὶ
2447 2934 2738 2995 συνθέσει.
2807 2934 2874 2996 οὐ
2922 2934 3028 3018 γὰρ

524 3041 606 3108 εἰς
659 3041 764 3122 τὴν
820 3042 936 3099 τῶν
992 3038 1177 3106 οὕτως
1233 3036 1523 3099 συνθέτων
1580 3038 1870 3119 σωμάτων
1932 3036 2128 3099 οὐσίαν
2190 3038 2228 3118 ἡ
2331 3036 2423 3098 εία
2479 3036 2716 3117 δύναμις
2771 3040 3034 3099 συντελεῖ

527 3144 779 3225 μένουσα
822 3143 883 3204 ἐν
930 3143 1161 3224 ἑκάστῳ
1206 3140 1420 3214 αὐτῶν,
1469 3141 1639 3203 ὁποία
1684 3141 1781 3202 καὶ
1826 3141 1937 3223 πρὸ
1985 3146 2089 3223 τῆς
2134 3139 2468 3207 συνθέσεως
2511 3140 2724 3203 αὐτῶν.
2777 3155 2782 3223 l
3056 3158 3110 3199 εὖ

670 3248 727 3310 2.
760 3244 845 3309 ’Ἡ
874 3251 979 3328 τῆς
1010 3245 1155 3329 πρὸς
1184 3242 1411 3327 ἄλληλα
1444 3244 1679 3307 δύναταί
1706 3267 1789 3311 τις
1818 3245 2002 3325 λέγειν
2037 3242 2158 3327 [καὶ
2191 3242 2320 3326 τῆς]
2353 3247 2468 3305 τῶν
2502 3246 2704 3305 ἁπλῶν
2737 3247 3026 3326 σωμάτων
3066 3256 3134 3310 92

520 3349 801 3431 γενέσεως
846 3350 948 3431 τὴν
997 3350 1112 3410 ἀπὸ
1157 3352 1272 3410 τῶν
1320 3347 1497 3409 θείων
1544 3348 1779 3428 δύναμιν
1825 3348 2010 3409 αἰτίαν
2064 3346 2210 3409 εἷναι
2255 3347 2435 3429 αὐτὴν
2481 3348 2782 3430 γινομένην
2829 3348 3020 3409 αὐτῶν

410 3473 481 3520 30
518 3454 670 3523 εἶδός
714 3477 777 3516 τε
808 3454 903 3515 καὶ
934 3452 1122 3536 φύσιν.
1198 3453 1237 3533 ἡ
1283 3452 1393 3534 γὰρ
1439 3454 1547 3533 ὕλη
1593 3449 1685 3534 <ἢ>
1730 3450 1876 3513 κατὰ
1921 3452 2018 3511 τὸν
2065 3450 2280 3533 ἑαυτῆς
2324 3449 2492 3531 λόγον
2539 3449 2742 3518 ἅποιός
2787 3474 2848 3512 τε
2879 3450 3026 3527 οὖσα
3079 3470 3106 3511 5

518 3558 613 3620 καὶ
659 3557 1097 3641 ἀσχημάτιστος
1144 3554 1255 3616 ὑπὸ
1302 3559 1405 3637 τῆς
1452 3555 1567 3615 ἀπὸ
1614 3552 1769 3636 (τῆς)
1813 3558 1930 3615 τῶν
1977 3553 2151 3615 θείων
2200 3555 2486 3635 σωμάτων
2533 3555 2833 3636 δυνάμεως
2875 3579 3020 3637 γινο-

518 3659 693 3741 μένης
747 3658 883 3722 ἄνευ
930 3664 1033 3741 τῆς
1090 3657 1378 3740 ἐνεργείας
1434 3662 1608 3739 σῶμα
1663 3654 1785 3719 ἔστι
1841 3680 1903 3719 τε
1955 3657 2050 3718 καὶ
2093 3657 2334 3737 γίνεται,
2395 3658 2768 3719 εἰὸοποιεῖταί
2816 3682 2877 3720 τε
2925 3662 3018 3722 καὶ

516 3764 965 3848 σχηματίζεται,
1020 3764 1103 3829 ὡς
1148 3764 1213 3823 τὸ
1260 3762 1365 3844 μὲν
1420 3762 1563 3845 πρὸς
1614 3766 1699 3843 τῷ
1748 3760 1893 3843 θείῳ
1952 3761 2178 3840 σώματι
2233 3760 2414 3842 αὐτῆς
2466 3763 2561 3823 καὶ
2607 3766 2862 3843 γειτνιῶν
2912 3760 3019 3846 [τι]

474 889 503 935 25!

402 3995 437 4047 3
475 3994 713 4048 αὒτοισν
858 3994 890 4046 6
928 3992 985 4045 ὂν
1024 3992 1123 4045 del.
1144 3996 1234 4060 Sp.
1378 3992 1653 4063 ἐγγυτέρω]
1692 3993 1952 4063 ἐγγύτερον
1981 3993 2114 4044 vict.
2137 3995 2224 4059 Sp.
2371 4010 2424 4043 τε
2463 3994 2676 4061 scripsi:
2715 3994 2772 4046 τὸ
2810 3995 2956 4048 libri:
2998 3997 3126 4049 αὐτὸ

404 4101 483 4153 vei
524 4101 620 4152 dei.
648 4103 737 4167 sp.
897 4100 928 4151 9
968 4098 1097 4167 αὐτὴ
1143 4098 1355 4166 scripsi:
1394 4098 1551 4166 αὐτῆς
1586 4099 1704 4149 libri
1889 4100 1954 4149 10
1990 4103 2081 4168 γῆς
2109 4102 2270 4150 HBF:
2309 4085 2371 4151 τό
2404 4084 2436 4169 ἡ
2477 4100 2596 4167 (sie)
2635 4104 2730 4169 γῆς
2767 4105 2831 4153 v:
2868 4101 2926 4153 τὸ
2964 4101 2996 4171 ἢ
3035 4106 3125 4172 γῆς

401 4190 466 4241 S:
507 4188 567 4240 τὸ
606 4192 694 4258 γῆς
732 4206 763 4239 a
799 4190 888 4254 Sp.
1067 4184 1472 4253 ταύτὸν-τινος]
1500 4186 1716 4238 sortasse
1754 4182 1902 4237 ταῦθ
1926 4187 1968 4238 εἰ
2007 4188 2093 4239 καί
2128 4205 2260 4244 τινος
2435 4189 2512 4256 τῷ
2547 4188 2634 4239 καὶ
2669 4187 2750 4256 τὸ]
2789 4189 3007 4243 fortasse
3046 4194 3120 4261 τῷ

398 4278 566 4340 (εἶναι)
600 4277 732 4329 κατὰ
914 4276 971 4327 11
1013 4274 1183 4327 αὐτῶν
1210 4276 1423 4343 scripsi:
1461 4274 1602 4343 αὐτῷ
1629 4276 1917 4326 VHFSBa:
1957 4274 2126 4325 αὐτῶν
2165 4276 2330 4338 (εἶναι)
2361 4276 2495 4327 vict.
2535 4276 2626 4343 Sp.
2823 4278 2898 4327 ll.
2931 4278 2994 4328 12
3035 4298 3120 4345 με-

397 4362 733 4432 ταλαμβάνων
770 4364 931 4417 vion:
982 4361 1375 4431 μεταλαμβάνειν
1414 4366 1459 4413 Η
1663 4362 1725 4413 12
1764 4361 1931 4414 πλεῖον
1970 4364 2105 4414 coni.
2144 4366 2258 4429 Sp.:
2298 4362 2525 4421 πλείονος
2561 4363 2680 4415 libri
2868 4365 2927 4415 13
2966 4363 3116 4417 ταῦτ’

398 4451 537 4503 ἔσται
571 4453 783 4519 scripsi:
820 4450 1012 4523 ταύτησ
1046 4455 1142 4518 τῆσ
1178 4450 1324 4502 libri:
1364 4455 1521 4502 ταῦτα
1556 4454 1648 4519 τῆς
1684 4453 1771 4517 Sp.
1979 4450 2428 4520 μεταλαμβάνοντα
2466 4453 2674 4518 scripsi:
2715 4450 3116 4520 μεταλαμβάνειν

396 4540 542 4591 libri:
582 4538 951 4608 μεταλαμβάνει
986 4542 1076 4605 sp.
1280 4539 1355 4606 τῷ
1390 4538 1447 4589 τὸ
1484 4539 1619 4590 vict.
1647 4541 1761 4605 Sp.:
1799 4542 1950 4590 τοῦτο
1989 4542 2232 4591 VFHSa:
2272 4544 2360 4590 τοῦ
2399 4543 2441 4591 Β
2647 4540 2708 4590 14
2745 4538 2934 4607 αὐτοῖς]
2975 4540 3117 4609 αὐτῷ

396 4628 534 4679 coni.
570 4630 659 4693 Sp.
830 4628 893 4679 15
931 4628 1147 4679 fortasse
1185 4624 1259 4695 εἴη
1298 4627 1375 4696 (ἡ)
1556 4626 1615 4677 21
1659 4622 1781 4678 κατ’
1808 4628 1969 4678 vict.:
2008 4627 2096 4677 καὶ
2133 4626 2252 4679 libri
2413 4628 2479 4678 24
2517 4626 2614 4695 ὧν]
2654 4626 2778 4679 διότι
2809 4628 2939 4679 vict.
2967 4630 3056 4694 Sp.

396 4730 463 4783 25
500 4730 655 4782 αὐτοῦ
693 4735 740 4781 V
910 4730 977 4782 28
1014 4730 1045 4799 ἢ
1088 4734 1204 4783 GF:
1252 4718 1317 4801 ῆσ
1354 4731 1429 4782 sic
1466 4734 1539 4781 V:
1587 4730 1647 4799 ἧς
1692 4732 1888 4782 SBHa:
1945 4728 2008 4799 ἦν
2047 4730 2182 4781 vict.
2221 4732 2310 4797 Sp.
2489 4731 2556 4783 28
2592 4732 2680 4782 καὶ
2715 4736 2806 4801 τῆς
2844 4732 3006 4785 delevi

394 4818 465 4871 30
518 4818 549 4887 ἢ
607 4818 781 4871 addidi
1032 4818 1095 4870 31
1154 4818 1251 4870 ἀπὸ
1300 4822 1448 4888 (τῆς)
1494 4819 1679 4885 scripsi
1929 4816 2221 4885 δυνάμεως]
2280 4818 2540 4885 δυνάμεων
2591 4836 2622 4869 a
2871 4820 2938 4871 32
2995 4822 3118 4871 ἄνευ

392 4905 507 4975 τῆς]
566 4906 784 4959 sortasse
831 4904 1029 4957 ἄνωθεν
1244 4907 1311 4958 33
1359 4913 1611 4974 γειτνειῶν
1652 4910 1696 4957 V
1912 4924 1959 4957 τι
1996 4906 2093 4957 del.
2133 4910 2221 4971 Sp.

500 5014 649 5063 Suppl.
680 5016 809 5053 Arist.
842 5016 879 5053 11
908 5010 936 5053 ἱ.)
992 5015 1114 5053 Alex.
1144 5015 1303 5065 scripta
1332 5016 1510 5052 minora.
2669 4996 2710 5056 4
