3684 5567
525 251 609 316 26
1246 245 1705 304 ΑΛΕΞΑΝΔΡΟΥ
1743 243 2055 303 ΑΠΟΡΙΩΝ
2094 244 2218 302 ΚΑΙ
2257 244 2525 301 ΛΥΣΕΩΝ

632 425 748 483 τῶν
783 403 994 485 ιδίλλων
1051 422 1147 485 καὶ
1199 420 1271 484 τὰ
1325 424 1643 506 χρώματα,
1705 417 1829 484 οὐδ’
1888 420 2057 489 οὖτος
2108 418 2176 482 ἂν
2222 419 2440 502 ὁμοίως
2486 416 2810 502 Ἐπικούρῳ
2864 418 2968 500 τὴν
3024 421 3139 479 τῶν

634 526 968 607 χρωμάτων
1017 524 1238 606 εἰσάγοι
1282 523 1471 607 φύσιν.
1563 525 1645 592 ὡς
1687 523 1796 606 γὰρ
1841 521 1915 584 τὰ
1958 521 2233 606 γινόμενα
2284 521 2352 585 ἐκ
2404 528 2521 584 τῶν
2568 522 2873 606 στοιχείων
2920 520 3027 583 οὐκ
3073 518 3141 581 ἂν

634 625 792 709 εἶχεν
825 627 1150 690 ἀντιτυπίαν
1199 623 1333 710 μηδ’
1378 623 1532 694 ὅλως
1574 625 1634 688 ἐν
1677 629 1798 693 τοῖς
1837 625 2145 709 στοιχείοις
2192 621 2371 707 οὔσης
2402 625 2749 704 ἀντιτυπίας,
2794 623 2979 693 οὕτως
3008 621 3131 685 οὐδ’
3174 638 3225 680 ιο

637 726 705 791 ἂν
751 729 970 813 χρῶμά
1012 753 1066 791 τι
1109 733 1226 791 τῶν
1270 727 1586 810 γινομένων
1631 724 1760 812 ἔχοι
1809 728 2059 812 μηδενὸς
2105 725 2269 796 ὄντος
2313 728 2624 812 στοιχείοις
2664 731 2997 812 χρώματος.
3074 727 3139 788 τὸ

564 849 594 897 5
634 829 700 891 δὲ
743 833 935 913 ζητεῖν
981 829 1163 894 πόθεν
1219 830 1279 892 ἐν
1330 835 1450 898 τοῖς
1493 831 1802 914 στοιχείοις
1856 829 1999 913 πυρί
2038 852 2101 891 τε
2145 830 2241 891 καὶ
2297 833 2413 898 τοῖς
2459 829 2655 899 ἄλλοις
2707 829 2779 892 τὰ
2831 832 3143 914 χρώματα,

635 931 759 996 ἴσον
807 931 874 996 ἂν
919 932 1012 1016 εἴη
1059 938 1144 1015 τῷ
1193 935 1406 1016 ζητεῖν,
1460 932 1644 996 πόθεν
1687 931 1747 994 ἐν
1794 935 1913 1000 τοῖς
1957 929 2196 1014 ἀτόμοις
2240 931 2311 994 τὰ
2357 934 2653 1017 σχήματα.
2742 933 2809 994 τὸ
2854 933 2919 996 δὲ
2964 935 3143 994 ταῦτα
3172 945 3223 987 ¹⁸

637 1036 740 1115 μὲν
788 1034 900 1098 ὑπό
944 1057 1113 1098 τινων
1159 1033 1304 1097 εἶναι
1349 1034 1623 1115 λέγεσθαι
1675 1033 1889 1117 γενητὰ
1940 1033 2037 1098 καὶ
2082 1033 2345 1117 φθαρτοί,
2401 1035 2713 1118 ἀγενήτους
2759 1036 2824 1097 δὲ
2868 1034 2971 1103 τὰς
3014 1033 3142 1096 ἀτό-

637 1160 781 1219 μους
835 1138 947 1200 ὑπὸ
1007 1142 1123 1200 τῶν
1179 1137 1292 1219 [ἐν]
1346 1137 1583 1205 ἐκείνοις
1637 1137 1945 1220 στοιχείοις
1997 1136 2350 1220 χρωμένων,
2410 1135 2577 1200 οὐδὲν
2630 1136 2830 1199 πλέον·
2896 1137 2993 1200 καὶ
3036 1135 3142 1218 γὰρ

637 1239 773 1303 καθ’
815 1239 914 1308 οὓς
959 1240 1031 1302 τὰ
1077 1243 1342 1325 στοιχεῖα
1385 1243 1568 1302 ταῦτα
1609 1238 1822 1323 γενητὰ
1868 1240 1961 1302 καὶ
2002 1239 2257 1323 φθαρτά,
2301 1239 2450 1302 κατὰ
2486 1239 2729 1308 τούτους
2771 1244 2856 1322 τῷ
2902 1239 3139 1322 ἀριθμῷ
3169 1254 3225 1296 m

534 1363 597 1410 10
633 1342 699 1405 τὸ
741 1341 980 1425 γενητὸν
1027 1338 1154 1425 ἔχει
1197 1345 1378 1404 ταῦτα
1421 1343 1518 1405 καὶ
1561 1343 1626 1404 τὸ
1673 1343 1954 1426 φθαρτὸν,
2000 1340 2275 1426 ἄφθαρτα
2328 1342 2393 1404 δὲ
2445 1343 2538 1404 καὶ
2586 1341 2837 1426 ἀγένητα
2878 1339 3006 1404 κατ’
3060 1340 3138 1403 εἴ·

635 1443 736 1513 δός
779 1445 951 1508 ἐστιν.
1043 1444 1126 1512 εἰς
1169 1443 1396 1528 ἄλληλα
1441 1444 1550 1528 γὰρ
1595 1444 1943 1528 μεταβάλλει
1990 1445 2085 1506 καὶ
2131 1443 2190 1512 ἐξ
2234 1443 2506 1525 ἀλλήλων
2553 1443 2791 1524 γίνεται,
2847 1445 3001 1506 ὥστε
3046 1444 3141 1506 καὶ

635 1547 696 1610 ἐν
727 1551 801 1629 τῇ
833 1546 1052 1609 τούτων
1097 1545 1317 1628 γενέσει
1356 1545 1423 1608 ἐκ
1465 1544 1960 1631 προϋπαρχόντων
2008 1544 2315 1628 ἡγένεσις.
2382 1545 2581 1627 ὥσπερ
2627 1543 2727 1608 οὖν
2772 1552 2889 1609 τῶν
2920 1545 3139 1620 ἄλλων,

635 1650 852 1712 οὑτωσὶ
897 1650 962 1712 δὲ
1007 1651 1101 1712 καὶ
1146 1653 1262 1712 τῶν
1308 1649 1665 1733 χρωμάτων.
1720 1647 1727 1732 Ι
3171 1665 3228 1707 25

525 1913 532 1919 ·
635 1889 802 1954 XIV.
880 1887 1037 1955 “On
1084 1888 1235 1953 καθ’
1272 1889 1388 1958 οὓς
1436 1889 1643 1973 μόνον
1688 1891 1764 1952 τὸ
1798 1892 2017 1953 καλὸν
2065 1890 2331 1972 ἀγαθόν
2365 1891 2583 1965 ἐστιν,
2630 1889 2833 1953 οὐδὲν
2879 1892 2942 1952 οἱ
2992 1892 3143 1954 θεοὶ
3182 1898 3252 1954 54

533 2013 592 2062 15
1199 1997 1344 2061 τοῖς
1387 1993 1785 2075 ἀνθρώποις
1831 1993 2271 2078 παρέχουσιν
2318 1991 2603 2075 ἀγαθόν.

804 2161 876 2227 Εἰ
920 2164 976 2224 οἱ
1024 2163 1148 2225 θεοὶ
1191 2167 1504 2247 προνοοῦσι
1554 2169 1672 2226 τῶν
1730 2163 2083 2249 ἀνθρώπων,
2144 2165 2365 2247 ἀγαθόν
2419 2188 2472 2226 τι
2524 2163 2719 2232 αὐτοῖς
2771 2164 3145 2248 παρέχουσιν.
3200 2182 3228 2223 5

635 2271 749 2329 πᾶν
793 2265 902 2348 γὰρ
954 2267 1020 2328 τὸ
1067 2270 1345 2348 προνοοῦν
1399 2289 1550 2334 τινος
1601 2265 1824 2347 ἀγαθόν
1868 2290 1921 2329 τι
1976 2271 2059 2350 τῷ
2108 2266 2519 2350 προνοουμένῳ
2576 2271 2891 2350 περιποιεῖ,
2952 2269 3035 2335 ὡς
3077 2268 3143 2331 τὸ

635 2369 718 2450 μὴ
772 2366 993 2449 ἀγαθόν
1046 2391 1098 2428 τι
1153 2372 1485 2450 περιποιοῦν
1539 2391 1646 2430 τινι
1705 2372 1874 2431 τοῦτο
1933 2367 2055 2431 οὐδ’
2115 2367 2181 2431 ἂν
2238 2373 2479 2449 προνοοῖ
2525 2367 2728 2431 αὐτοῦ.
2823 2368 2974 2431 ἀλλὰ
3028 2371 3143 2453 μὴν

633 2467 768 2533 καθ’
825 2469 922 2538 οὓς
970 2468 1144 2551 μόνον
1197 2469 1262 2532 τὸ
1309 2471 1486 2532 καλὸν
1540 2469 1795 2552 ἀγαθόν,
1852 2469 2017 2532 οὐδὲν
2064 2471 2116 2532 οἱ
2166 2469 2291 2532 θεοὶ
2343 2475 2464 2538 τοῖς
2510 2470 2845 2554 ἀνθρώποις
2889 2493 3139 2554 περιποι-

526 2592 594 2640 20
629 2577 811 2650 οὖσιν,
861 2575 940 2640 ὥς
987 2570 1174 2639 δείξω·
1251 2570 1412 2652 [καθ’
1458 2571 1558 2640 οὓς
1604 2572 1726 2654 [οὐ]
1775 2571 1949 2654 μόνον
1993 2573 2059 2634 τὸ
2106 2575 2284 2636 καλὸν
2332 2571 2575 2653 ἀγαθόν,
2624 2574 2679 2635 οἱ
2724 2575 2851 2636 θεοὶ
2898 2574 2967 2636 οὐ
3010 2598 3145 2658 προ·
3172 2591 3229 2632 1ο

631 2678 828 2737 νοοῦσι
873 2678 988 2736 τῶν
1044 2674 1398 2758 ἀνθρώπων.
1487 2673 1574 2737 ὅτι
1619 2675 1684 2737 δὲ
1732 2675 1913 2758 μηδὲν
1959 2673 2116 2758 παρὰ
2174 2674 2330 2736 θεῶν
2377 2675 2598 2756 ἀγαθὸν
2645 2681 2766 2745 τοῖς
2811 2678 3145 2759 ἀνθρώποις

631 2777 782 2841 κατὰ
825 2777 959 2846 τοὺς
1001 2774 1458 2861 προειρημένους
1501 2778 1741 2859 γίνεται,
1789 2780 1967 2862 δῆλον
2012 2775 2331 2858 ἐντεῦθεν]
2418 2779 2485 2839 τὸ
2530 2779 2709 2841 καλὸν
2755 2777 2850 2864 ἐφ’
2906 2781 3067 2862 ἡμῖν,
3112 2781 3145 2845 ὃ

633 2878 727 2963 ἐφ’
783 2881 923 2964 ἡμῖν
967 2881 1110 2954 ἐστι,
1157 2885 1327 2944 τοῦτο
1373 2878 1445 2942 δι’
1503 2881 1726 2944 ἑαυτῶν
1774 2879 2085 2962 κτώμεθα,
2140 2878 2171 2941 ὃ
2218 2877 2289 2941 δι’
2348 2880 2573 2942 ἑαυτῶν
2620 2881 2917 2962 κτώμεθα,
2962 2881 3134 2947 τοῦθ’
3172 2899 3225 2942 ιο

637 2979 733 3044 ὑπ’
789 2983 1026 3052 οὐδενὸς
1079 2982 1261 3046 ἄλλου
1317 2985 1676 3067 περιγίνεται.
1769 2982 1834 3044 τὸ
1890 2983 2066 3044 καλὸν
2122 2979 2219 3043 ὑπ’
2275 2981 2507 3051 οὐδενὸς
2564 2984 2703 3066 ἡμῖν
2758 2982 2937 3047 ἄλλου
2992 3010 3144 3070 περι.

526 3105 592 3155 25
630 3088 864 3168 γίνεται.
955 3087 1008 3148 εἰ
1057 3087 1168 3149 ὑπὸ
1219 3085 1486 3170 μηδενός,
1539 3085 1665 3149 οὐδ’
1724 3087 1836 3148 ὑπὸ
1883 3089 1999 3146 τῶν
2045 3087 2219 3146 θεῶν.
2310 3085 2459 3147 ἀλλὰ
2508 3087 2624 3168 μὴν
2672 3085 2877 3149 ταύτὸν
2923 3089 3144 3169 ἀγαθόν

631 3211 694 3252 τε
739 3189 835 3252 καὶ
882 3188 1083 3252 καλόν.
1173 3188 1311 3252 καθ’
1367 3189 1465 3256 οὓς
1512 3189 1686 3270 μόνον
1743 3190 1810 3251 τὸ
1865 3191 2045 3251 καλὸν
2091 3187 2343 3270 ἀγαθόν,
2398 3187 2566 3250 οὐδὲν
2621 3189 2843 3271 ἀγαθὸν
2888 3195 3009 3261 τοῖς
3052 3192 3143 3254 ἀν-
3170 3207 3229 3250 ιο

635 3293 894 3376 θρώποις
941 3294 1054 3356 ὑπὸ
1101 3296 1218 3355 τῶν
1265 3293 1422 3356 θεῶν
1468 3293 1829 3376 περιγίνεται.

633 3535 768 3600 XV.
845 3529 984 3599 Ὅτι
1029 3535 1091 3597 εἰ
1135 3535 1172 3616 ἡ
1217 3532 1392 3616 αὐτὴ
1427 3533 1552 3617 ῦλη
1585 3533 1797 3597 καὶέν
1828 3535 1973 3601 τοῖς
2005 3531 2229 3600 θείοις
2260 3529 2487 3608 ἔσται,
2528 3535 2816 3599 κάκεῖνα
2847 3537 3141 3620 φθαρτά.

794 3705 866 3769 Ἡ
915 3705 1022 3787 ῦλη
1069 3703 1200 3787 ἤτοι
1245 3707 1282 3788 ἡ
1330 3704 1478 3788 αὐτὴ
1525 3702 1587 3767 ἔν
1631 3727 1696 3766 τε
1741 3707 1861 3772 τοῖς
1906 3704 2084 3773 θείοις
2129 3704 2226 3766 καὶ
2268 3707 2389 3774 τοῖς
2436 3704 2495 3766 ἐν
2535 3705 2759 3786 γενέσει
2803 3707 2899 3770 καὶ
2946 3709 3141 3793 φθορᾷ
3170 3724 3227 3766 25

526 3808 669 3890 Βοῆ
716 3807 905 3891 ἑτέρα.
996 3805 1115 3871 ἀλλ’
1172 3808 1224 3870 εἰ
1270 3809 1374 3888 μὲν
1425 3807 1430 3890 Ι
1481 3809 1518 3890 ἡ
1565 3807 1748 3891 αὐτή,
1801 3805 1965 3869 ἔσται
2010 3807 2247 3870 κάκεῖνα
2293 3807 2557 3891 φθαρτοί,
2602 3808 2667 3870 εἴ
2698 3831 2761 3890 γε
2808 3809 2895 3880 οἷς
2936 3813 3005 3874 τὸ
3050 3813 3139 3875 δυ·
3178 3821 3249 3876 55

632 3913 800 3994 νάμει
846 3911 1164 3989 ὑπόκειται,
1209 3915 1389 3974 ταῦτα
1433 3911 1666 3994 φθαρτά
1710 3911 1823 3992 (ὥς
1870 3911 2153 3974 δέδεικται
2199 3908 2298 3972 ὑπ’
2349 3909 2789 3994 Ἀριστοτέλους
2832 3911 2893 3976 ἔν
2938 3937 3001 3977 τε
3047 3914 3143 3979 ἄλ·

531 4140 551 4191 1
595 4139 654 4192 ἂν
693 4139 885 4208 ὁμοίως
919 4143 1080 4194 FSLa
1116 4141 1229 4209 Sp.:
1269 4143 1520 4210 ἀνομοίως
1561 4145 1657 4196 VG
1880 4142 1913 4192 4
1952 4139 2186 4212 χρώματι
2222 4157 2255 4192 a
2488 4143 2519 4195 5
2559 4141 2611 4193 ἐν
2648 4151 2753 4200 τοῖς
2788 4145 3053 4218 στοιχείοις
3096 4145 3247 4199 v²13=

525 4227 784 4300 στοιχείοις
811 4229 1054 4281 v¹GFSa
1080 4228 1167 4296 Sp.
1345 4237 1467 4282 aute
1505 4231 1592 4281 καὶ
1629 4237 1734 4286 τοῖς
1770 4227 1888 4280 add.
1927 4229 2013 4280 καὶ
2051 4225 2193 4279 ὕδατι
2217 4230 2260 4279 Β
2291 4228 2422 4280 vict.
2450 4228 2537 4296 Sp.
2718 4230 2748 4281 6
2786 4235 2865 4301 τῷ
2892 4236 3012 4287 GSa
3035 4237 3152 4300 Sp.:
3190 4235 3249 4287 τὸ

523 4318 710 4368 VBFL
870 4315 903 4368 8
939 4317 992 4367 ἐν
1029 4315 1126 4368 del.
1153 4317 1224 4369 V²
1247 4317 1360 4386 Sp.:
1400 4333 1499 4368 om.
1524 4320 1567 4369 B
1736 4313 1944 4371 ἐκείνοις
1965 4315 2249 4368 V¹GFSLa
2272 4315 2387 4384 Sp.:
2430 4316 2639 4374 ἐκείναις
2665 4317 2781 4370 V²B
2942 4321 3249 4390 χρωμένων]

524 4421 679 4474 γρωμ
715 4403 788 4454 sic
809 4403 879 4455 V¹
921 4404 1004 4454 cui
1029 4403 1100 4454 V²
1137 4405 1192 4455 in
1233 4403 1435 4466 lacuna,
1475 4419 1580 4454 non
1621 4402 1794 4464 litura,
1833 4417 1912 4452 ca.
1940 4401 1992 4454 X
2030 4401 2315 4454 litterarum
2356 4403 2475 4455 add.
2504 4423 2604 4456 ενω
2642 4407 2929 4458 εἰνοένωνι
2968 4409 3250 4480 χρωμένων

526 4494 567 4542 Β
597 4491 729 4542 Viet.
756 4491 869 4558 Sp.:
909 4498 1092 4562 χρῶμα
1130 4491 1219 4558 μὲν
1258 4493 1346 4544 οὖν
1375 4494 1584 4545 GFSLa
1754 4491 1818 4542 10
1856 4489 2065 4559 ἐγένητα
2102 4509 2159 4541 a:
2198 4491 2414 4560 ἀγένητα
2448 4493 2533 4556 Sp.
2708 4495 2763 4545 11
2808 4495 3112 4564 μεταβάλλοι
3148 4513 3179 4547 a

527 4579 590 4630 18
627 4584 832 4645 προνοοῑ
870 4580 988 4629 VB:
1025 4587 1286 4650 προνοοῖτο
1327 4583 1463 4632 F'Sa:
1501 4586 1706 4648 προνοοῐ
1741 4577 1799 4629 τὸ
1844 4581 1886 4628 L
1924 4577 2012 4644 Sp.
2200 4577 2267 4630 20
2304 4577 2364 4630 οὔ
2400 4579 2593 4632 delevi:
2634 4580 2692 4633 οὐ
2736 4583 3011 4635 V¹GFSL:
3049 4583 3141 4653 γὰρ
3176 4586 3248 4634 B:

523 4667 614 4734 γὰρ
653 4663 712 4716 οὐ
738 4663 930 4718 V²S²az
968 4665 1055 4716 οὖν
1089 4668 1220 4719 Vict.
1257 4669 1364 4735 Sp„
1402 4671 1622 4718 ceterum
1663 4660 1789 4716 καθ’
1830 4661 2239 4721 οὒς-ἐντεῦθεν
2277 4665 2390 4730 (22)
2430 4667 2717 4719 insiticium
2918 4669 2985 4720 :24
3022 4668 3117 4736 ἄρα
3154 4665 3245 4720 ὑπ’

525 4751 691 4804 B²S²a
725 4751 814 4818 Sp.
994 4751 1060 4804 26
1099 4753 1195 4825 ἄρα
1233 4754 1384 4821 μόνον
1425 4753 1564 4805 38²³
1602 4751 1687 4818 Sp.
1869 4751 1936 4804 28
1975 4755 2061 4804 καὶ
2098 4768 2196 4804 om.
2236 4771 2267 4804 a
2304 4753 2391 4820 Sp.
2576 4753 2729 4812 θείοις
2767 4757 2854 4808 καὶ
2890 4761 2992 4811 τοῖς
3028 4755 3079 4806 ἐν
3115 4755 3249 4823 γενέ-

525 4853 598 4890 σει
634 4838 720 4889 καὶ
759 4837 927 4912 φθορᾷ
965 4841 1099 4891 coni.
1140 4841 1226 4908 Sp.
1443 4841 1508 4891 ‘29
1557 4841 1590 4912 ἡ
1628 4845 1749 4890 ante
1793 4838 1922 4910 αὐτὴ
1962 4854 2061 4890 om.
2105 4841 2169 4888 V'
2218 4841 2357 4908 (add.
2402 4841 2492 4908 V'·')
2710 4843 2771 4895 31
2814 4859 2867 4893 τε
2904 4849 3008 4900 τοῖς
3042 4859 3075 4896 a
