3684 5567
504 263 589 326 94
1482 257 1789 316 ΑΙῙΟΡΙΩΝ
1828 257 1949 313 ΚΑΙ
1989 256 2254 313 ΛΥΣΕΩΝ

611 431 771 518 ὄψει,
827 434 968 500 ὥστ’
1026 433 1119 518 εἴη
1178 432 1246 496 ἂν
1302 435 1368 497 τὸ
1412 437 1554 497 πᾶσι
1612 433 1758 497 κατὰ
1814 433 2182 516 συμβεβηκὸς
2233 432 2516 516 αἰσθητὸν
2569 435 2654 516 τῷ
2717 432 2929 501 πάσαις
2980 429 3117 495 καθ’

608 536 752 598 αὑτὸ
798 536 949 601 εἶναί
989 561 1042 599 τι
1087 537 1370 620 αἰσθητὸν
1414 536 1476 599 ἐν
1521 537 1685 620 αὐτῷ’
1718 535 1909 618 τούτῳ
1954 536 2171 604 πάσαις
2218 533 2387 615 [αὐτὸ
2419 532 2592 617 εἶναι]
2640 534 2788 598 κατὰ
2834 534 3124 619 συμβεβη-
3151 549 3210 592 ευ

610 639 713 707 κὸς
755 639 1057 725 αἰσθητόν,
1106 640 1355 722 ἑκάστης
1400 639 1581 723 αὐτῆς
1624 638 1717 701 διὰ
1762 642 1866 701 τοῦ
1911 638 2126 701 οἰκείου
2171 637 2324 719 αὐτῇ
2371 637 2656 721 αἰσθητοῦ
2700 636 3130 721 αἰσθανομένης

610 739 811 804 αὐτοῦ.
900 742 968 805 οὐ
1013 742 1120 827 γὰρ
1166 742 1233 805 τὸ
1278 744 1490 810 πάσαις
1534 741 1680 805 κατὰ
1727 740 2096 825 συμβεβηκὸς
2140 740 2420 823 αἰσθητὸν
2465 738 2588 803 οὐδ’
2645 738 2797 809 ὅλως
2845 740 2998 803 ἐστὶν
3043 738 3124 801 αἰ-

543 863 572 910 5
612 843 851 927 σθητόν,
900 848 981 915 ὡς
1026 844 1095 908 ἂν
1127 844 1285 914 δόξαι
1330 845 1533 913 ἁπλῶς
1578 843 1905 907 ἀκούσαντι.
1979 843 2046 905 τὸ
2091 843 2198 926 γὰρ
2234 845 2494 926 μηδεμιᾷΙ
2537 841 2820 925 αἰσθητὸν
2851 841 3128 924 αἰσθήσει
3153 855 3208 897 8⁵

611 945 1009 1031 ἀναίΙσθητον·
1063 946 1131 1011 οὖ
1176 946 1381 1011 ταύτὸν
1428 948 1493 1010 δὲ
1537 948 1603 1009 τὸ
1645 948 1857 1013 πάσαις
1902 946 2251 1030 ἀναίσθητον
2297 947 2382 1029 τῷ
2427 945 2638 1013 πάσαις
2689 943 2838 1007 κατὰ
2891 944 3096 1029 συμβε·
3141 950 3234 1008 179

610 1050 789 1133 βηκὸς
840 1071 882 1111 ·x-
927 1070 967 1111 a
1013 1071 1055 1110 x·
1106 1050 1387 1133 αἰσθητὸν
1456 1053 1715 1113 τοιοῦτον
1779 1048 1926 1111 εἶναι
1979 1049 2046 1109 τὸ
2114 1048 2493 1129 ὑποκείμενον
2556 1051 2678 1114 τοῖς
2731 1047 2938 1115 πάσαις
3005 1049 3129 1115 ταῖς

616 1150 959 1233 αἰσθήσεσιν
1026 1152 1348 1235 αἰσθητοῖς.
1459 1157 1544 1235 τῷ
1615 1151 1723 1235 γὰρ
1791 1149 1863 1211 τὰ
1925 1149 2340 1235 συμβεβηκότα
2404 1152 2594 1233 τούτῳ
2655 1148 2913 1233 αἰσθητὰ
2985 1148 3131 1213 εἶναι
3181 1166 3210 1207 5

608 1254 838 1328 πάσαις,
884 1253 1025 1317 αὐτὸ
1079 1254 1145 1317 δὲ
1190 1256 1294 1337 μή,
1341 1252 1528 1337 τούτῳ
1570 1255 1782 1334 γίνεται
1825 1254 2038 1321 πάσαις
2082 1250 2230 1315 κατὰ
2277 1250 2647 1335 συμβεβηκὸς
2689 1250 2990 1335 αἰσθητόν.
3075 1295 3086 1303 ·

512 1545 572 1591 10
610 1525 720 1589 IX.
829 1524 1104 1594 Λέξεως
1164 1522 1492 1606 ἐξήγησις
1553 1525 1629 1586 ἐκ
1685 1526 1804 1585 τοῦ
1869 1521 2102 1606 τρίτου
2153 1522 2320 1607 Περὶ
2383 1527 2643 1608 ψυχῆς,
2703 1520 2785 1586 δι’
2849 1522 2931 1607 ἧς
2989 1524 3127 1585 δει-

636 1647 871 1690 κνυσιν
909 1625 1441 1710 Ἀριστοτέλης,
1487 1625 1593 1688 ὅτι
1638 1624 1831 1689 ἔστιν
1879 1648 1942 1686 τι
1987 1620 2038 1708 ᾧ
2087 1626 2231 1708 ἅμα
2275 1627 2549 1689 πάντων
2594 1624 3102 1707 αἰσθανόμεθα.
3156 1640 3212 1682 1⁰

746 1812 955 1900 ε(Ἆρ’
1000 1813 1119 1878 οὖν
1165 1814 1307 1897 ἅμα
1350 1814 1472 1897 μὲν
1517 1814 1629 1877 καὶ
1675 1812 1959 1897 ἀριθμῷ
2007 1814 2407 1899 ἀδιαίρετον
2451 1814 2566 1878 καὶ
2606 1814 3006 1899 ἀχώριστον
3051 1815 3126 1878 τὸ

606 1920 869 1999 κρῖνον,
914 1922 1010 2002 τῷ
1059 1916 1239 1980 εἶναι
1284 1916 1359 1979 δὲ
1404 1916 1966 2001 κεχωρισμένως
2022 1915 2170 1979 ἔστι
2215 1916 2288 1979 δέ
2332 1940 2473 1985 πως
2519 1920 2610 1986 ὡς
2654 1919 2729 1980 τὸ
2777 1918 3124 2002 διαιρετὸν

604 2022 739 2081 τῶν
799 2020 1242 2104 διῃρημένων
1300 2018 1747 2097 αἰσθάνεται,
1807 2017 1956 2081 ἔστι
2014 2019 2088 2081 δὲ
2149 2022 2238 2087 ὡς
2293 2020 2720 2103 ἀδιαίρετον·
2792 2024 2890 2104 τῷ
2949 2018 3210 2083 εἰναιιῡ

508 2140 568 2189 15
608 2122 731 2203 μὲν
774 2122 902 2207 γὰρ
948 2120 1334 2206 διαιρετόν,
1380 2120 1568 2205 τόπῳ
1617 2120 1691 2184 δὲ
1734 2122 1848 2185 καὶ
1893 2122 2177 2205 ἀριθμῷ
2223 2122 2649 2207 ἀδιαίρετον·
2713 2122 2751 2205 ἢ
2798 2121 2931 2207 οὐχ
2977 2121 3124 2185 οἷόν

606 2245 701 2305 τες
747 2226 1045 2306 δυνάμει
1091 2225 1212 2306 μὲν
1257 2224 1385 2308 γὰρ
1432 2225 1505 2286 τὸ
1550 2222 1719 2286 αὐτὸ
1766 2225 1880 2287 καὶ
1920 2225 2322 2307 ἀδιαίρετον
2365 2225 2724 2300 τάναντία,
2770 2230 2866 2309 τῷ
2915 2225 2988 2289 δὲ
3033 2224 3125 2287 εἷ-

601 2350 709 2389 ναι
753 2325 861 2401 οὔ,
906 2326 1082 2390 ἀλλὰ
1125 2330 1218 2411 τῷ
1254 2326 1705 2411 ἐνεργεῖσθαι
1750 2326 2134 2411 διαιρετόν,
2178 2325 2462 2411 καὶούχ
2495 2326 2648 2390 οἷόν
2679 2350 2752 2391 τε
2783 2326 2928 2411 ἅμα
2970 2330 3212 2390 >xeo-2⁰

604 2430 724 2492 κὸν
772 2430 883 2493 καὶ
930 2428 1146 2512 μέλαν
1190 2426 1399 2504 εἶναι,
1454 2429 1635 2491 ὥστε
1679 2428 1846 2491 οὐδὲ
1897 2427 1976 2491 τὰ
2021 2427 2175 2511 εἴδη
2219 2430 2522 2514 πάσχειν
2567 2427 2824 2504 αὐτῶν,
2880 2430 2942 2493 εἰ
2985 2453 3120 2492 τοι·

602 2534 805 2594 οῦτον
854 2532 892 2613 ἡ
939 2528 1277 2615 αἴσθησις
1331 2531 1442 2593 καὶ
1487 2532 1525 2613 ἡ
1574 2528 1844 2613 νόησις,
1902 2528 2038 2593 ἀλλ’
2095 2531 2328 2614 ὥσπερ
2373 2530 2454 2613 ἢν
2500 2534 2800 2596 καλοῦσί
2844 2529 2852 2616 Ι
2901 2554 3083 2601 τινες
3129 2536 3232 2595 180

496 2651 564 2699 2ο
602 2633 896 2717 στιγμὴν
950 2630 990 2715 ἢ
1048 2633 1203 2713 μίαν
1257 2630 1297 2715 ἢ
1356 2631 1506 2708 δύο,
1564 2633 1783 2714 ταύτῃ
1848 2634 1960 2696 καὶ
2017 2634 2356 2716 διαιρετή.
2453 2630 2495 2715 ᾗ
2555 2635 2675 2715 μὲν
2729 2632 2848 2697 οὖν
2899 2635 3121 2697 ἀδιαί-

604 2758 832 2819 ρετος,
885 2734 956 2798 ἓν
1000 2736 1075 2798 τὸ
1118 2733 1354 2819 κρῖνόν
1408 2735 1556 2797 ἐστι
1608 2736 1720 2798 καὶ
1767 2734 1932 2817 ἅμα·
1995 2728 2036 2819 ᾗ
2088 2736 2162 2799 δὲ
2208 2736 2564 2819 διαιρετὸν
2619 2736 2957 2822 ὑπάρχει,
3014 2738 3116 2806 δὶς

602 2842 699 2923 τῷ
751 2837 938 2922 αὐτῷ
994 2842 1251 2923 χρῆται
1305 2838 1579 2922 σημείῳ
1632 2838 1791 2922 ἅμα.
1883 2833 1924 2919 ᾗ
1972 2838 2094 2921 μὲν
2141 2834 2257 2900 οῦν
2313 2838 2468 2900 δυσὶ
2521 2844 2808 2923 χρῆται,
2861 2844 2956 2925 τῷ
3002 2839 3115 2903 πέ-
3170 2858 3199 2900 ι

603 2964 754 3024 ρατι
799 2941 918 3004 δύο
963 2941 1186 3025 κρίνει
1240 2941 1352 3003 καὶ
1404 2939 1904 3024 κεχωρισμένα
1957 2940 2145 3003 ἐστιν
2193 2942 2282 3008 ὡς
2333 2944 2428 3024 τῷ
2474 2942 3010 3027 κεχωρισμένῳ·
3069 2938 3116 3027 ἦ

602 3044 675 3105 δὲ
719 3042 819 3121 ἕν,
866 3044 965 3106 ἑνὶ
1011 3043 1126 3106 καὶ
1172 3040 1366 3126 ἅμα.”

496 3164 562 3213 25
774 3146 985 3230 Λαβὼν
1031 3144 1121 3208 ὅτι
1165 3146 1385 3229 ἑκάστη
1430 3143 1705 3230 αἴσθησις
1752 3144 1813 3208 ἐν
1857 3150 1944 3229 τῷ
1989 3144 2356 3230 αἰσθητηρίῳ
2403 3143 2582 3221 οὖσα,
2636 3144 2697 3209 ἐν
2743 3140 2795 3231 ᾧ
2847 3144 2994 3211 οὖσα
3036 3148 3120 3211 αἰ-

602 3248 908 3323 σθάνεται,
965 3253 1081 3310 τῶν
1135 3270 1199 3310 τε
1241 3248 1541 3330 αἰσθητῶν
1597 3246 1750 3329 αὐτῇ
1806 3247 2145 3310 αἰσθάνεται
2199 3248 2296 3311 καὶ
2349 3247 2524 3332 κρίνει
2579 3246 2773 3311 αὐτῶν
2826 3249 2929 3317 τὰς
2973 3254 3116 3335 πρὸς
3145 3266 3200 3308 ιο

601 3352 863 3434 ἀλλήλας
908 3352 1189 3435 διαφοράς
1242 3352 1486 3433 (λευκοῦ
1536 3350 1637 3434 μὲν
1680 3350 1790 3434 γὰρ
1845 3350 1940 3414 καὶ
1987 3350 2232 3432 μέλανος
2277 3347 2435 3433 ὄψις,
2489 3349 2728 3433 γλυκέος
2780 3350 2846 3413 δὲ
2887 3352 2986 3414 καὶ
3027 3376 3114 3415 πι-

600 3456 745 3536 κροῦ
787 3456 1002 3535 γεῦσις,
1050 3453 1271 3537 ὁμοίως
1316 3454 1380 3516 δὲ
1424 3454 1522 3517 καὶ
1569 3457 1682 3515 τῶν
1728 3452 1923 3517 ἄλλων
1971 3453 2238 3536 ἑκάστη),
2284 3454 2380 3516 καὶ
2425 3452 2520 3516 διὰ
2547 3453 2752 3517 τούτου
2799 3454 3114 3537 συστήσας,

605 3553 695 3617 ὅτι
746 3554 785 3637 ἡ
843 3554 1241 3639 αἰσθανομένη
1296 3558 1467 3617 τινῶν
1525 3556 1619 3618 καὶ
1672 3554 1774 3623 τὰς
1826 3554 2108 3639 διαφορὰς
2159 3553 2350 3617 αὐτῶν
2397 3553 2574 3637 κρίνει
2627 3553 2728 3636 (οὐ
2772 3556 2882 3639 γὰρ
2927 3556 3110 3641 ἄλλης
3138 3575 3188 3617 1⁶

493 3678 561 3725 30
599 3658 704 3741 μὲν
748 3657 814 3719 τὸ
859 3656 1251 3720 αἰσθάνεσθαί
1290 3679 1487 3731 τινων,
1533 3654 1717 3739 ἄλλης
1760 3658 1825 3719 δὲ
1869 3658 1934 3719 τὸ
1979 3657 2188 3740 κρίνειν
2233 3656 2334 3724 τὰς
2380 3656 2662 3740 διαφορὰς
2705 3656 2922 3734 αὐτῶν,
2966 3659 3102 3723 καθ’

598 3760 668 3827 ἅς
710 3758 864 3821 ἐστιν
910 3760 1193 3842 αἰσθητά,
1255 3758 1376 3822 ἀλλ’
1432 3761 1472 3842 ἥ
1518 3782 1582 3821 τε
1636 3757 2030 3842 αἰσθανομένη
2088 3762 2258 3821 τινῶν
2313 3759 2410 3821 καὶ
2466 3760 2644 3843 κρίνει
2695 3760 2872 3837 αὐτά,
2937 3762 3034 3825 καὶ
3076 3764 3116 3846 ἡ

598 3862 872 3945 κρίνουσα
922 3861 1023 3930 τὰς
1079 3861 1361 3947 διαφορὰς
1417 3860 1610 3924 αὐτῶν
1666 3860 1761 3923 καὶ
1816 3860 2152 3923 αἰσθάνεται
2205 3860 2425 3924 αὐτῶν·
2490 3861 2698 3925 ταύτὸν
2752 3862 2864 3948 γὰρ
2907 3864 3115 3949 κρίνειν
3142 3882 3199 3923 2⁰

491 4066 523 4118 2
561 4064 685 4118 αὐτὸ
722 4064 847 4118 εἶναι
883 4066 1049 4117 delevi
1264 4065 1296 4118 3
1334 4064 1467 4135 αὐτῇ
1503 4064 1716 4131 scripsi:
1754 4062 1898 4133 αὐτῷ
1933 4065 2068 4117 coni.
2106 4064 2222 4133 Spa
2263 4064 2418 4119 αὐτοῦ
2453 4066 2574 4121 libri
2801 4068 2833 4121 6
2871 4066 2926 4121 δε
2961 4072 3012 4121 V

488 4154 668 4211 πάσαις
704 4150 1009 4220 ἀναίσθητον
1046 4152 1155 4217 (καὶ
1190 4151 1250 4205 τὸ
1288 4154 1465 4209 πάσαις
1498 4152 1633 4203 κατὰ
1668 4150 1992 4220 συμβεβηκὸς
2025 4150 2290 4221 αἰσθητὸν)
2327 4154 2463 4205 vict.
2501 4155 2591 4221 Sp.
2807 4154 2838 4206 7
2877 4153 3109 4227 αἰσθητῷ
3142 4160 3221 4228 τῷ

492 4238 705 4306 supplet
742 4237 1002 4291 Schwartz
1040 4242 1177 4291 recte
1424 4239 1459 4291 8
1494 4236 1659 4307 τοὺτῳ
1700 4238 1911 4305 scripsi:
1967 4239 2164 4290 τούτων
2199 4239 2344 4292 libri:
2399 4238 2584 4292 τοὺτου
2621 4258 2654 4293 ε
2689 4239 2776 4309 Sp.
2991 4242 3024 4295 9
3059 4243 3112 4297 δὲ
3147 4245 3221 4314 μή

491 4324 587 4378 S²a
628 4325 741 4392 Sp.:
800 4320 851 4375 δ’
891 4324 934 4377 εἰ
972 4325 1043 4395 μὴ
1085 4326 1287 4379 VBFS¹
1516 4324 1681 4393 τοὺτῳ
1718 4324 1838 4391 Sp.:
1899 4328 2048 4377 τοῦτο
2083 4324 2207 4379 libri
2444 4325 2510 4379 10
2563 4326 2624 4379 ἐκ
2659 4330 2750 4380 τοῦ
2785 4328 2977 4401 τρίτου]
3033 4330 3098 4383 de
3133 4347 3220 4385 an.

490 4410 583 4477 111,
610 4411 659 4465 2.
697 4410 878 4463 427·2
1124 4412 1185 4465 13
1240 4411 1611 4485 κεχωρισμένον
1656 4411 1796 4463 FS²a
1832 4410 1946 4478 Sp.:
2003 4412 2382 4485 κεχωρισμένοσ
2427 4413 2584 4466 VBS¹
2813 4415 2904 4468 alt.
2947 4415 3024 4485 δέ]
3063 4417 3116 4470 δε
3154 4422 3220 4470 V:

492 4499 584 4567 μὲν
623 4498 683 4568 δή
722 4500 885 4551 Victa
922 4498 983 4570 δὴ
1024 4500 1184 4551 Arist.
1224 4497 1364 4566 vulg.
1585 4498 1645 4551 15
1684 4496 1962 4567 ἀδιαίρετον
1999 4496 2188 4552 FSB²a
2222 4498 2338 4566 Sp.:
2377 4496 2618 4569 διαιρετὸν
2658 4502 2776 4554 VB¹
2992 4502 3056 4555 16
3095 4504 3220 4557 αὐτὸ

490 4582 737 4657 διαιρετὸν
774 4586 860 4637 καὶ
896 4584 973 4639 da.
1014 4586 1150 4639 vict.
1204 4626 1211 4633 .
1365 4583 1452 4635 καὶ
1487 4582 1721 4637 τάναντία
1759 4585 1896 4637 vict.
2081 4585 2178 4637 '18
2221 4585 2266 4638 εἰ
2305 4584 2417 4650 Sp.:
2455 4604 2488 4654 η
2528 4586 2708 4655 (supra
2742 4606 2775 4657 η
2815 4587 2915 4653 lit.)
2952 4592 3019 4641 V:
3055 4590 3088 4659 ἡ
3129 4592 3217 4644 S¹=

492 4670 535 4722 εἰ
570 4671 603 4739 ἢ
642 4670 737 4723 S²a
967 4673 1037 4725 20
1078 4672 1109 4741 ἢ
1149 4671 1267 4740 μίαν
1302 4670 1391 4722 καὶ
1426 4668 1514 4722 δύο
1553 4672 1713 4723 Vict.:
1752 4666 1787 4743 ᾗ
1828 4670 1918 4737 μία
1955 4674 2041 4723 καὶ
2077 4667 2108 4746 ᾗ
2149 4672 2238 4723 δύο
2275 4672 2434 4724 Arist.
2473 4672 2614 4740 vulg.
2866 4669 2928 4746 ᾗ]
2967 4676 3020 4745 ἣι
3061 4681 3106 4728 V
3144 4677 3220 4745 (et

491 4756 724 4823 21—23)
939 4758 1023 4811 20.
1062 4759 1125 4811 21
1177 4756 1454 4829 ἀδιαίρετον
1492 4758 1652 4811 Arist.
1691 4757 1831 4827 vulg.
2049 4758 2116 4811 23
2163 4757 2235 4816 ὡς
2273 4759 2664 4829 κεχωρισμένων
2701 4760 2861 4813 Arist.
2899 4761 3040 4830 vulg.

490 4843 559 4894 24
606 4840 683 4911 ἔν]
735 4842 787 4895 ἐν
824 4843 945 4897 libri
1160 4844 1227 4897 26
1264 4842 1393 4914 αὕτη
1430 4862 1463 4896 ε
1675 4843 1743 4896 28
1778 4842 1966 4896 τούτου
2003 4843 2118 4911 Spa
2155 4848 2306 4897 τοῦτο
2342 4843 2464 4898 libri
