3684 5567
1420 259 1579 317 ΠΕΡΙ
1621 259 2092 315 ΕῙΜΑΡΜΕΝΗΣ
2129 262 2266 314 2-4
3077 262 3194 326 167

586 430 638 492 δ’
696 430 761 493 ἂν
828 431 1019 493 αὐτῶν
1086 435 1123 515 ἡ
1192 434 1439 517 διαφορὰ
1504 435 1765 516 γίγνοιτο,
1818 434 1872 496 εἰ
1926 434 2020 496 ἐπὶ
2078 432 2535 518 παραδείγματος
2589 458 2736 502 τινος
2789 438 2904 496 τῶν
2950 456 3091 514 γινο-

590 533 777 614 μένων
825 535 1088 619 ὁραθείη.
1179 534 1331 599 ἔστω
1378 537 1449 619 δὴ
1498 536 1589 599 ἐπ’
1656 538 1987 620 ἀνδριάντος
2039 538 2178 619 ἡμῖν
2234 539 2272 618 ἡ
2327 538 2442 597 τῶν
2497 535 2692 597 αἰτίων
2749 533 3088 617 δεικνυμένη

594 636 881 719 διαίρεσις.
973 642 1073 699 τοῦ
1120 639 1185 701 δὲ
1228 639 1558 723 ἀνδριάντος
1604 643 1683 707 ὡς
1730 640 1833 719 μὲν
1880 640 2178 721 ποιητικὸν
2224 636 2403 701 αἴτιον
2450 639 2483 699 ὁ
2530 639 2779 720 ποιήσας
2807 638 3090 722 τεχνίτης,
3118 653 3172 694 25

594 741 657 802 ὃν
704 739 1169 822 ἀνδριαντοποιὸν
1216 743 1528 823 καλοῦμεν,
1574 745 1657 810 ὥς
1702 743 1766 804 δὲ
1812 744 1850 823 ἡ
1897 742 2005 822 ὕλη
2061 743 2092 803 ὃ
2149 741 2523 822 ὑποκείμενος
2567 741 2785 824 χαλκὸς
2845 741 2882 823 ἢ
2929 740 3093 807 λίθος

518 861 549 907 5
589 840 625 924 ἢ
673 840 759 903 ὅτι
806 840 875 903 ἂν
918 838 959 925 ᾖ
1010 843 1077 903 τὸ
1120 842 1233 905 ὑπὸ
1278 847 1379 905 τοῦ
1426 843 1691 926 τεχνίτου
1737 841 2240 927 σχηματιζόμενον
2285 842 2432 905 κατὰ
2477 842 2580 923 τὴν
2628 840 2864 925 τέχνην·
2913 839 3090 903 αἴτιον

586 943 697 1027 γὰρ
742 944 838 1006 καὶ
882 948 1052 1006 τοῦτο
1097 948 1201 1006 τοῦ
1244 944 1533 1025 γεγονέναι
1577 968 1641 1007 τε
1686 946 1781 1007 καὶ
1826 944 1972 1007 εἶναι
2015 946 2112 1007 τὸν
2168 945 2492 1026 ἀνδριάντα.
2584 940 2704 1005 ἔστι
2757 944 2822 1005 δὲ
2873 943 2970 1005 καὶ
3024 942 3090 1003 τὸ

591 1045 745 1113 εἶδος
788 1047 853 1108 τὸ
900 1046 961 1109 ἐν
1007 1050 1093 1130 τῷ
1140 1046 1505 1130 ὑποκειμένῳ
1553 1048 1742 1130 τούτῳ
1786 1045 2091 1127 γενόμενον
2147 1046 2260 1107 ὑπὸ
2316 1050 2418 1109 τοῦ
2477 1044 2739 1128 τεχνίτου
2797 1047 2894 1106 καὶ
2945 1042 3088 1106 αὐτὸ
3116 1060 3172 1102 so

586 1152 687 1210 τοῦ
722 1148 1052 1232 ἀνδριάντος
1096 1147 1295 1221 αἴτιον,
1343 1148 1413 1211 δι’
1458 1149 1492 1211 ὅ
1524 1150 1676 1212 ἐστιν
1722 1148 1873 1218 εἶδος
1919 1149 2198 1211 δισκεύων
2244 1149 2282 1230 ἢ
2330 1147 2643 1217 ἀκοντίζων
2691 1146 2728 1228 ἢ
2774 1143 2864 1207 ἐπ’
2907 1145 3089 1207 ἄλλου

582 1251 734 1319 τινὸς
779 1250 1103 1333 ὡρισμένου
1151 1253 1475 1335 σχήματος.
1564 1251 1633 1313 οὐ
1680 1251 1828 1333 μόνα
1873 1251 1940 1313 δὲ
1970 1254 2149 1313 ταῦτα
2177 1255 2282 1332 τῆς
2314 1252 2415 1311 τοῦ
2448 1250 2779 1330 ἀνδριάντος
2809 1247 3090 1328 γενέσεως

488 1374 549 1419 10
586 1351 743 1415 αἴτιά
786 1353 967 1416 ἐστιν·
1037 1352 1270 1420 οὐδενὸς
1315 1353 1423 1436 γὰρ
1468 1358 1583 1415 τῶν
1630 1354 1827 1415 αἰτίων
1871 1358 1976 1435 τῆς
2026 1352 2310 1435 γενέσεως
2353 1350 2531 1413 αὐτοῦ
2587 1350 2851 1432 δεύτερον
2898 1350 2962 1411 τὸ
3008 1348 3172 1411 τέ-ἸΟ

586 1459 704 1527 λος,
751 1454 819 1518 οὔ
865 1458 1033 1539 χάριν
1079 1453 1310 1536 γεγονός
1355 1456 1496 1533 ἐστι,
1544 1456 1584 1538 ἢ
1628 1458 1768 1539 τιμή
1814 1478 1964 1522 τινος
2010 1455 2046 1537 ἢ
2093 1454 2177 1522 εἰς
2229 1454 2403 1521 θεοὺς
2447 1451 2715 1535 εὐσέβειά
2767 1475 2866 1519 τις.
2955 1450 3090 1513 ἄνευ

583 1557 692 1640 γὰρ
737 1557 1005 1639 τοιαύτης
1049 1557 1234 1625 αἰτίας
1278 1556 1401 1619 οὐδ’
1456 1556 1525 1619 ἂν
1572 1559 1675 1641 τὴν
1722 1558 1914 1643 ἀρχὴν
1962 1558 1994 1619 ὁ
2042 1556 2272 1639 ἀνδριὰς
2328 1554 2574 1637 ἐγένετο.
2667 1552 2846 1615 ὄντων
2903 1554 3088 1616 τοίνυν

587 1660 877 1722 τοσούτων
929 1664 1045 1721 τῶν
1102 1658 1299 1721 αἰτίων
1353 1660 1448 1721 καὶ
1504 1660 1606 1741 τὴν
1662 1660 1803 1741 πρὸς
1862 1658 2088 1741 ἄλληλα
2143 1658 2421 1741 διαφορὰν
2482 1654 2739 1740 ἐχόντων
2801 1658 3090 1738 γνώριμον
3144 1672 3172 1714 5

587 1762 691 1843 τὴν
738 1760 1093 1844 εἱμαρμένην
1138 1760 1199 1822 ἐν
1244 1765 1362 1827 τοῖς
1408 1764 1727 1842 ποιητικοῖς
1771 1760 1973 1828 αἰτίοις
2019 1759 2253 1826 δικαίως
2301 1756 2367 1821 ἂν
2401 1758 2856 1841 καταριθμοῖμεν
2888 1757 3090 1819 ἀναλο·

488 1884 549 1931 15
586 1864 708 1943 γίαν
756 1866 1061 1934 σώζουσαν
1106 1863 1249 1945 πρὸς
1294 1861 1365 1923 τὰ
1408 1861 1679 1947 γινόμενα
1725 1860 1850 1924 κατ’
1901 1860 2081 1942 αὐτὴν
2128 1864 2213 1944 τῷ
2261 1863 2362 1921 τοῦ
2392 1860 2722 1942 ἀνδριάντος
2755 1861 3090 1943 δημιουργῷ

584 1966 840 2051 τεχνίτῃ.
928 1964 1130 2027 τούτου
1178 1963 1229 2027 δ’
1287 1964 1471 2033 οὕτως
1516 1961 1756 2048 ἔχοντος
1800 1963 2128 2027 ἀκόλουθον
2175 1960 2243 2025 ἂν
2291 1962 2383 2043 εἴη
2430 1963 2561 2045 περὶ
2606 1966 2721 2023 τῶν
2767 1965 3083 2044 ποιητικῶν
3112 1978 3167 2020 1⁰
3209 1968 3281 2021 IV

584 2070 783 2131 αἰτίων
829 2068 1188 2151 ποιήσασθαι
1219 2068 1317 2130 τὸν
1350 2066 1539 2149 λόγον.
1616 2067 1801 2134 οὕτως
1847 2066 1952 2149 γὰρ
1999 2063 2159 2129 ἔσται
2189 2067 2498 2147 γνώριμον,
2543 2062 2685 2125 εἴτε
2715 2063 2944 2124 πάντων
2975 2066 3090 2125 τῶν

582 2170 898 2252 γινομένων
944 2171 1061 2254 χρὴ
1107 2171 1212 2253 τὴν
1258 2169 1611 2252 εἱμαρμένην
1658 2168 1976 2243 αἰτιᾶσθαι,
2032 2167 2092 2229 εἴ
2129 2190 2192 2229 τε
2236 2168 2327 2229 δεῖ
2369 2167 2465 2228 καὶ
2509 2164 2706 2233 ἄλλοις
2749 2166 2891 2227 τισὶν
2936 2165 3092 2247 παρὰ

581 2274 755 2356 τήνδε
813 2277 1140 2357 συγχωρεῖν
1199 2276 1279 2339 ὡς
1344 2270 1505 2334 οὖσιν
1568 2274 1888 2355 ποιητικοῖς
1965 2291 2130 2332 τινων
2205 2268 2424 2335 αἰτίοις.
2516 2268 2786 2329 ἁπάντων
2841 2268 2914 2348 δὴ
2975 2272 3090 2329 τῶν

476 2396 545 2443 20
580 2374 894 2459 γινομένων
919 2374 1329 2459 Ἀριστοτέλης
1360 2374 1703 2456 ποιούμενος
1750 2374 1852 2455 τὴν
1901 2372 2174 2455 διαίρεσιν
2218 2370 2292 2431 τὰ
2339 2369 2440 2452 μὲν
2487 2368 2680 2432 αὐτῶν
2726 2392 2876 2437 τινος
2919 2372 3090 2454 χάριν
3119 2386 3172 2430 15

582 2478 844 2561 γίνεσθαι
888 2476 1041 2558 λέγει
1088 2475 1301 2539 σκοπόν
1348 2498 1471 2538 τινα
1516 2477 1612 2538 καὶ
1666 2476 1828 2544 τέλος
1883 2479 2000 2537 τῶν
2053 2472 2369 2555 γινομένων
2424 2472 2798 2554 προκείμενον
2855 2470 3093 2556 ἔχοντος

582 2585 682 2643 τοῦ
730 2584 1030 2647 ποιοῦντος
1074 2579 1241 2652 αὐτά,
1288 2578 1361 2640 τὰ
1406 2580 1471 2641 δὲ
1516 2576 1766 2645 οὐδενός.
1859 2575 1970 2640 ὅσα
2015 2576 2124 2659 γὰρ
2170 2572 2237 2637 οὐ
2284 2574 2431 2637 κατὰ
2477 2573 2754 2657 πρόθεσίν
2809 2596 2930 2636 τινα
2977 2575 3089 2635 ὑπὸ

580 2686 681 2745 τοῦ
712 2686 1009 2750 ποιοῦντος
1040 2682 1253 2762 γίνεται
1284 2678 1406 2744 οὐδ’
1448 2680 1543 2741 ἐπὶ
1588 2678 1751 2747 τέλος
1797 2677 2118 2761 ὡρισμένον
2165 2674 2294 2760 ἔχει
2337 2677 2441 2758 τὴν
2489 2676 2803 2759 ἀναφοράν,
2855 2680 3092 2738 τοιαῦτα
3117 2694 3174 2735 so

580 2785 787 2867 (ὁποῖά
832 2784 955 2847 ἐστι
998 2789 1238 2867 καρφῶν
1283 2783 1347 2846 τέ
1388 2805 1559 2845 τινων
1607 2780 2007 2865 διακρατήσεις
2050 2782 2146 2843 καὶ
2178 2779 2555 2862 περιστροφαὶ
2585 2781 2681 2840 καὶ
2711 2781 2924 2861 τριχῶν
2957 2778 3092 2840 ἐπα-

476 2907 541 2955 25
582 2888 693 2971 φαί
729 2910 791 2948 τε
836 2886 933 2949 καὶ
978 2886 1239 2954 ἐκτάσεις
1283 2885 1380 2948 καὶ
1426 2884 1537 2947 ὅσα
1582 2883 1805 2951 τούτοις
1849 2884 2065 2963 ὁμοίως
2117 2881 2378 2963 γίνεται),
2437 2878 2528 2961 [ἃ]
2583 2878 2670 2940 ὅτι
2727 2880 2829 2961 μὲν
2881 2879 3092 2959 γίνεται

582 2990 679 3051 καὶ
723 2986 871 3050 αὐτὰ
914 2990 1225 3071 γνώριμον,
1270 2986 1338 3049 οὐ
1387 2988 1500 3071 μήν
1550 2984 1678 3071 ἔχει
1722 2986 1826 3069 τὴν
1875 2984 2020 3047 κατὰ
2064 2984 2130 3047 τὸ
2174 2982 2336 3050 τέλος
2380 2981 2479 3043 καὶ
2509 2981 2655 3047 τίνος
2685 2982 2854 3064 χάριν
2885 2981 3087 3043 αἰτίαν.
3117 2997 3172 3040 25

479 3271 501 3321 1
546 3265 595 3321 δ’
639 3268 894 3321 Eusebius
931 3264 999 3319 Β2
1036 3266 1201 3319 Loud.
1241 3270 1304 3319 O:
1362 3267 1455 3337 γὰρ
1492 3263 1624 3317 Va¹²
1855 3262 2044 3331 γένοιτο
2085 3261 2340 3313 Eusebius
2557 3261 2600 3310 l.
2640 3258 2670 3311 2
2718 3258 3016 3328 γινομένων]
3063 3260 3194 3329 εἰρη-

472 3356 637 3425 μένων
674 3356 726 3407 s¹
909 3353 971 3423 δὴ
1012 3354 1265 3406 Eusebius
1304 3356 1368 3406 O:
1424 3352 1516 3422 γὰρ
1555 3352 1675 3404 libri
1842 3350 1874 3401 3
1913 3349 1965 3401 δὲ
2005 3348 2215 3400 Eusebii
2255 3362 2305 3414 p.
2330 3347 2364 3398 l.
2403 3350 2543 3399 Cas:
2585 3344 2646 3415 δὴ
2685 3346 2805 3397 libri
2985 3346 3056 3403 ὡς
3093 3362 3193 3399 om.

474 3443 591 3496 Cas.
828 3440 860 3493 5
899 3441 956 3493 τὸ
996 3456 1095 3493 om.
1133 3438 1189 3491 οἳ
1424 3440 1455 3490 7
1494 3438 1660 3507 τούτῳ
1704 3437 1970 3507 γενόμενον
2008 3450 2106 3486 om.
2146 3434 2204 3485 οἳ
2438 3433 2692 3502 γινόμενον
2729 3432 2896 3485 Lond.
2937 3436 2982 3487 Ο

472 3530 506 3582 8
543 3525 671 3586 εἶδός
705 3529 836 3581 ἐστιν
874 3528 1133 3581 Eusebius
1333 3524 1561 3577 δισκεῦον
1586 3527 1637 3575 a¹
1676 3525 1932 3577 Eusebius
2133 3519 2396 3581 ἀκοντίζον
2432 3521 2488 3571 a¹
2517 3520 2771 3573 Eusebius
2974 3522 3005 3573 9
3044 3520 3195 3588 μόνον

472 3617 731 3669 Eusebius
913 3616 977 3668 10
1014 3616 1107 3685 γὰρ
1146 3628 1305 3681 supra
1339 3628 1545 3663 versum
1571 3616 1617 3661 V
1794 3608 2124 3677 ἐστιν-τῶν]
2162 3603 2280 3659 ἀλλ’
2322 3607 2449 3659 ἔστιν
2488 3606 2691 3664 οὐδενὸς
2725 3614 2829 3659 τῶν
2867 3609 3124 3661 Eusebius

470 3702 757 3771 δευτερεῦον
796 3703 1008 3754 Eusebii
1048 3716 1097 3769 p.
1122 3700 1156 3751 l.
1376 3698 1454 3749 10.
1499 3699 1555 3749 11
1604 3695 1768 3765 τέλος]
1807 3698 1949 3766 γένος
1991 3697 2199 3748 Eusebii
2237 3711 2286 3761 p.
2319 3696 2351 3745 l.
2573 3694 2628 3744 ll
2672 3695 2872 3763 γεγονός
2910 3695 3012 3747 ἐστι
3036 3694 3192 3748 vam:

469 3791 639 3859 γέγονε
674 3790 931 3841 τουτέστιν
970 3788 1225 3840 Eusebius
1264 3786 1534 3855 (γεγονέναι
1569 3803 1614 3836 τ.
1653 3787 1725 3847 1))
1971 3784 2065 3847 εἷς]
2104 3782 2152 3833 εἴ
2184 3780 2328 3834 Cas:
2375 3782 2474 3834 del.
2513 3779 2584 3833 13²
2795 3778 2942 3837 θεοὺς
2979 3783 3191 3849 scripsi:

468 3875 587 3930 θεὸν
636 3878 887 3929 Eusebius
924 3878 987 3928 O:
1043 3892 1175 3931 τινος
1226 3874 1346 3926 libri
1567 3872 1626 3922 ,12
1682 3875 1772 3940 τῆς
1820 3869 2056 3939 τοιαύτης
2105 3869 2360 3921 Eusebius
2589 3865 2700 3919 οὐδ’
2743 3868 2823 3933 ἂν]
2881 3867 2938 3919 οὐ
2987 3870 3079 3938 γὰρ
3121 3870 3190 3919 V¹

468 3968 620 4029 (corr.
660 3964 751 4025 ν’)
994 3962 1055 4014 13
1113 3961 1288 4013 αἰτίων
1326 3966 1429 4011 τῶν
1466 3958 1725 4012 τοσούτων
1762 3958 1842 4009 2²:
1889 3957 2085 4009 τούτων
2121 3962 2228 4007 τῶν
2267 3954 2442 4007 αἰτίων
2482 3954 2736 4008 τοσούτων
2777 3955 2940 4007 Lond.

474 4052 536 4103 14
592 4057 871 4119 ποιητικοῖς
909 4050 976 4100 V'
1004 4068 1081 4118 γρ.
1108 4047 1211 4100 ³¹²:
1268 4046 1513 4104 τοιούτοις
1548 4046 1621 4098 V¹
1840 4044 1902 4096 15
1955 4043 2234 4107 σώζουσαν]
2273 4043 2346 4103 ωζ
2384 4043 2436 4093 in
2477 4043 2554 4094 lit.
2594 4046 2640 4093 V
2853 4044 2916 4115 τῇ
2955 4048 3046 4095 τοῦ
3085 4044 3186 4095 Eu-

472 4139 647 4191 sebius
830 4135 893 4187 16
931 4136 1083 4207 τέχνῃ
1124 4136 1381 4187 Eusebius
1600 4133 1657 4184 17
1698 4131 1787 4185 τὸν
1826 4147 1926 4183 om.
1965 4132 2018 4181 αἱ
2239 4130 2300 4180 18
2350 4128 2446 4198 δεῖ]
2485 4128 2546 4198 δὴ
2585 4130 2844 4183 Eusebius
3021 4129 3188 4187 ἄλλως

468 4224 683 4277 Eusebii
720 4222 835 4275 cod.
872 4225 915 4273 B
1100 4222 1163 4273 19
1206 4220 1259 4273 δὲ
1298 4222 1413 4274 Cas.
1595 4220 1655 4272 21
1699 4218 1855 4288 λέγειν
1897 4219 1964 4267 V¹
2006 4220 2154 4280 (corr.
2184 4214 2276 4277 V2)
2489 4217 2576 4268 καὶ
2611 4215 2754 4273 τέλος
2792 4232 2891 4269 om.
2919 4216 2974 4268 οἳ

467 4310 533 4361 22
589 4311 680 4379 γὰρ
731 4325 828 4361 om.
882 4308 1161 4361 Eusebius:
1218 4326 1274 4377 γε
1318 4310 1455 4361 coni.
1503 4311 1548 4361 Ο
1781 4304 1839 4356 οὺ
1886 4320 1984 4356 om.
2028 4304 2237 4356 Eusebii
2285 4304 2398 4355 cod.
2437 4306 2480 4355 B
2715 4301 2970 4375 πρόθεσιν]
3016 4304 3187 4373 προαί-

466 4414 595 4467 ρεσιν
636 4397 846 4449 Eusebii
892 4396 1003 4447 cod.
1042 4398 1079 4447 S
1293 4393 1389 4446 ὑπὸ
1429 4410 1527 4445 om.
1570 4393 1826 4446 Eusebius
2059 4389 2126 4442 23
2173 4390 2276 4457 ἐπὶ]
2323 4390 2429 4442 ἐπεὶ
2464 4390 2519 4441 a‘-’
2733 4391 2817 4443 23.
2856 4391 2924 4443 24
2978 4396 3186 4443 τοιαῦτα

466 4484 637 4547 ὁποῖα]
683 4485 890 4534 τοιαῦτα
927 4481 1031 4533 οἷον
1069 4482 1349 4535 Eusebius:
1389 4481 1536 4533 ὁποῖα
1573 4480 1641 4533 B²
1856 4480 1922 4531 24
1960 4483 2172 4547 καρφῶν
2214 4478 2470 4530 Eusebius
2508 4476 2580 4529 a²=
2619 4484 2830 4546 καρπῶν
2869 4478 2972 4530 Va¹

466 4570 533 4623 25
582 4570 770 4638 ὁμοίως
808 4568 991 4637 γίνεται
1029 4570 1311 4622 Eusebius:
1362 4568 1550 4636 ὁμοίως
1587 4567 1756 4637 (ὅμοια
1792 4586 1868 4636 γρ.
1897 4569 1966 4631 Η)
2002 4566 2184 4634 γίνεται
2221 4564 2254 4615 ἃ
2294 4565 2442 4617 VHa¹
2485 4564 2676 4616 Lond.:
2725 4562 2872 4632 ὅμοια
2910 4564 2988 4618 8²:
3036 4564 3184 4634 ὅμοια

464 4657 496 4709 ἃ
540 4660 613 4708 K:
670 4654 862 4724 ὁμοίως
905 4656 1089 4724 γίνεται
1135 4656 1169 4707 ἃ
1213 4656 1349 4725 (γὰρ)
1387 4660 1431 4709 Ο
1726 4654 1850 4706 διότι
1897 4653 2040 4705 Diels
2086 4652 2172 4718 (cf.
2213 4652 2326 4703 Iud.
2375 4653 2532 4703 Arist.
2581 4666 2628 4717 p.
2657 4651 2901 4715 ⁶200b49;
2957 4654 3183 4721 Doxogr.

463 4761 513 4811 p.
542 4744 665 4810 742)
889 4742 977 4809 μὲν
1015 4740 1103 4793 οὖν
1141 4742 1220 4793 a²=
1261 4742 1350 4810 μὲν
1388 4742 1481 4813 γὰρ
1522 4743 1778 4795 Eusebius
1994 4738 2060 4789 26
2097 4738 2157 4791 τὸ
2195 4754 2294 4789 om.
2335 4742 2379 4791 O
2595 4738 2726 4795 τίνος
2764 4739 2893 4789 Va¹=
2931 4739 3064 4797 τινὸς
3101 4740 3179 4792 ⁸⁶²:

462 4830 555 4901 τὴν
591 4829 650 4885 οὗ
692 4828 948 4883 Eusebius
