3684 5567
942 251 1231 314 κοινωνέω

647 249 772 313 258

648 421 967 474 κοινωνέω
995 421 1113 485 8,16
1151 422 1270 486 40,4
1309 423 1430 486 49,6
1469 421 1622 485 62,32
1669 421 1854 483 14634
1876 436 1951 486 sq.

753 509 916 572 229,9

646 599 944 651 κοινωνία
989 597 1173 664 147,32
1193 615 1272 666 sq.
1310 596 1491 660 23031
1561 597 1806 666 ὀνόματος
1836 597 1953 663 183,

751 685 812 738 21

645 772 1020 830 κοινωνικός
1062 773 1246 838 14634

644 859 890 920 κολάζω
933 859 1083 926 130,3
1102 878 1180 929 sq.
1218 862 1372 926 2113

645 946 902 1006 κόλασις
953 949 1140 1014 108,15
1193 950 1378 1014 130,17
1431 949 1612 1013 187,13
1667 949 1849 1015 189,14
1871 965 1946 1016 sq.

753 1036 938 1102 19638
976 1036 1128 1101 206,1

643 1122 930 1182 κολωνός
964 1124 1120 1188 36,19

642 1211 884 1279 κομίζω
927 1213 1084 1278 164,8
1125 1213 1268 1278 173,1

633 1299 918 1369 ’κομψεία
956 1299 1147 1366 212,10

641 1385 1036 1455 κοροπλάθος
1072 1387 1260 1452 22639

641 1475 1037 1543 κοσμοποιέω
1083 1474 1244 1541 2253

641 1561 874 1628 κόσμος
910 1561 1065 1626 3134
1086 1578 1163 1630 sq.
1203 1562 1358 1626 3632
1405 1563 1518 1627 64,1
1567 1563 1717 1625 182,8
1755 1563 1947 1630 21030

747 1649 940 1717 κόσμου
995 1649 1234 1720 διοίκησις
1289 1649 1408 1714 210,
1421 1650 1488 1703 20
1567 1649 1702 1710 τάξις
1745 1649 1945 1716 203,13

744 1737 807 1788 τὰ
854 1737 1084 1790 ἐπέκεινα
1133 1739 1323 1800 101,11
1400 1736 1672 1807 μεταβολαί
1715 1738 1942 1806 65‚7sq.

744 1824 819 1877 ἀεὶ
857 1822 1026 1893 ὅμοιος
1059 1826 1226 1896 ἑαυτῷ
1256 1823 1438 1888 144,31
1503 1825 1570 1883 εἷς
1602 1825 1779 1887 106,31
1831 1825 1943 1890 191,

743 1910 804 1963 31
882 1910 1000 1970 θεός
1029 1913 1213 1979 19236
1271 1911 1331 1965 τὸ
1358 1911 1542 1981 μεταξὺ
1579 1913 1726 1964 κενόν
1757 1913 1943 1976 104,12

741 1999 851 2070 περὶ
888 2019 938 2052 κ.
976 2000 1176 2073 ἀπορίαι
1216 1999 1412 2066 13630
1483 1999 1670 2069 κόσμος
1712 1999 1758 2054 εἰ
1790 2000 1943 2059 ἀίδιός

739 2087 856 2154 ἐστι,
892 2087 952 2140 τὸ
987 2088 1040 2141 δὲ
1077 2090 1256 2158 κόσμῳ
1293 2088 1416 2141 εἶναι
1439 2087 1582 2157 αὐτῷ·
1606 2089 1639 2158 ἡ
1665 2087 1800 2149 τάξις
1824 2089 1943 2153 ἐσὶί,

741 2176 818 2244 εἴη
859 2175 918 2227 ἂν
954 2176 1008 2228 ἐν
1044 2180 1111 2250 τῇ
1147 2176 1307 2247 οἰκείᾳ
1333 2176 1475 2248 οὐσίᾳ
1500 2176 1655 2228 αὐτοῦ
1683 2178 1768 2229 καὶ
1793 2180 1941 2230 τοῦτο

744 2263 1038 2326 Galo—28
1109 2261 1185 2316 ὅτι
1223 2263 1294 2334 μὴ
1331 2264 1435 2317 οἶόν
1458 2283 1512 2316 τε
1547 2264 1634 2317 τὸν
1671 2284 1721 2316 κ.
1749 2263 1941 2337 ἄφθαρ-

740 2369 828 2402 τον
866 2351 986 2404 εἶναι
1036 2351 1115 2405 διὰ
1157 2352 1250 2421 τὴν
1297 2351 1532 2422 βούλησιν
1578 2355 1668 2404 τοῦ
1712 2349 1849 2416 θεοῦ,
1900 2352 1943 2406 εἰ

739 2438 814 2509 εἴη
853 2437 1070 2510 φθαρτὸς
1107 2440 1174 2509 τῇ
1195 2437 1350 2492 αὑτοῦ
1389 2437 1532 2507 φύσει
1555 2439 1939 2505 30,23-32,19

636 2530 869 2596 κοῦφος
911 2525 1096 2594 12336
1135 2527 1289 2590 218,4
1328 2527 1514 2592 233,11

635 2619 844 2686 κρᾶμα
881 2614 1066 2679 215,11
1111 2613 1299 2680 23138
1337 2613 1527 2680 23238

634 2707 848 2774 κρᾶσις
893 2701 1051 2766 49,18
1098 2701 1262 2768 6435
1310 2701 1563 2770 213‚1sq.
1619 2701 1717 2755 def.
1746 2702 1939 2765 231,10

738 2791 898 2843 deser.
935 2788 1265 2852 231,13-19
1315 2789 1609 2854 2333-14
1680 2791 1937 2864 χωρισμὸς

734 2884 839 2930 τῶν
859 2877 1185 2947 κεκραμένων
1213 2876 1630 2942 231,,19-233,2
1658 2878 1743 2945 (cf.
1764 2880 1937 2949 κεράν-

735 2965 872 3034 νυμι)
917 2966 1198 3018 secundum
1239 2964 1588 3035 Chrysippum
1634 2965 1836 3030 21638
1860 2982 1936 3032 sq.

735 3055 855 3106 dist.
911 3052 1141 3125 σύγχυσις
1195 3052 1394 3115 22039
1481 3056 1765 3106 secundum
1821 3053 1939 3105 Ari·

735 3140 970 3195 stotelem
1010 3140 1164 3207 228‚5
1187 3156 1262 3210 sq.
1336 3140 1398 3193 τὰ
1433 3140 1679 3194 δοκοῦντα
1723 3139 1940 3211 εὐλογώ-

734 3248 854 3302 τερα
877 3228 1106 3298 λέγεσθαι
1140 3235 1243 3281 τῶν
1275 3229 1386 3299 περὶ
1409 3229 1637 3298 κράσεως
1661 3227 1940 3298 εἰρημένων

734 3321 1067 3370 recensentur
1108 3315 1226 3380 214,
1249 3315 1308 3367 17
1321 3332 1398 3384 sq.
1469 3315 1503 3385 ἡ
1551 3316 1781 3384 ἐξέτασις,
1829 3322 1939 3374 πῶς

734 3406 793 3457 ἄν
829 3423 902 3462 τις
939 3403 1226 3473 συμφώνως
1261 3402 1394 3472 λέγοι
1435 3409 1543 3461 ταῖς
1579 3413 1768 3462 κοιναῖς
1804 3423 1856 3456 π.
1883 3424 1931 3457 κ.

731 3491 1010 3563 προλήψεσι
1035 3491 1226 3556 215,30
1271 3490 1606 3562 διαφερόντων
1626 3498 1780 3545 τινῶν
1799 3493 1932 3544 κατὰ

735 3582 978 3652 ποιότητα
1015 3578 1207 3642 21530
1260 3577 1388 3647 μῖξις
1423 3578 1607 3632 οὐσιῶν
1644 3579 1851 3645 228,16.
1866 3579 1933 3632 25

733 3669 792 3721 οὒ
811 3666 991 3721 παθῶν
1018 3666 1204 3732 228,19
1263 3666 1552 3738 ἰδικώτερον
1579 3687 1647 3732 κ.,
1675 3665 1801 3736 μῖξις
1825 3685 1931 3720 κοι·

733 3756 931 3823 νότερον
959 3755 1150 3821 22837
1224 3756 1346 3808 εἶναι
1382 3755 1523 3810 δοκεῖ
1557 3757 1608 3809 ἐν
1631 3757 1805 3808 ἑνώσει
1827 3761 1933 3807 τῶν

732 3844 1060 3914 κεκραμένων
1099 3841 1290 3906 21530
1361 3845 1414 3896 ἐν
1461 3844 1626 3914 ὑγροῖς
1675 3845 1762 3897 καὶ
1807 3843 1932 3895 εὐδι-

733 3931 943 4003 αιρέτοις
968 3929 1155 3994 22136
1195 3930 1384 3997 22836
1457 3932 1510 3983 ἐν
1546 3938 1649 3989 τοῖς
1685 3939 1840 3984 ποιεῖν
1878 3949 1933 3982 τε

731 4021 818 4071 καὶ
853 4022 1058 4092 πάσχειν
1097 4015 1186 4071 ὑπ’
1209 4018 1444 4091 ἀλλήλων
1471 4019 1756 4088 δυναμένοις
1777 4019 1933 4082 229,5

733 4108 1013 4176 ἑνουμένων
1072 4109 1204 4160 κατὰ
1257 4107 1316 4159 τὸ
1362 4106 1688 4177 ὑποκείμενον
1734 4107 1855 4172 228,
1866 4107 1932 4159 34

729 4196 762 4265 ἡ·
799 4195 851 4247 ἐν
887 4203 992 4253 τοῖς
1030 4193 1195 4266 ξηροῖς
1231 4193 1450 4264 γίνεσθαι
1487 4196 1702 4248 δοκοῦσα
1742 4193 1932 4258 230,35

730 4291 952 4353 συνεργεῖ
983 4282 1042 4336 τὸ
1079 4282 1375 4354 εὔδιαίρετον
1413 4283 1489 4352 τῷ
1511 4282 1649 4353 ὓγρῷ
1680 4281 1802 4352 πρὸς
1837 4283 1931 4353 τὴν

730 4367 904 4422 θάττω
960 4389 1040 4442 κρ.
1087 4370 1207 4436 231,
1234 4371 1294 4424 13
1376 4373 1665 4442 χρωμάτων
1721 4370 1933 4440 διαφορά

733 4457 885 4521 2333
949 4460 1192 4530 βαρὺτερα
1219 4460 1305 4512 καὶ
1330 4457 1612 4529 κουφότερα
1638 4459 1782 4529 μόρια
1811 4456 1931 4519 233,

736 4547 800 4597 10
867 4548 1093 4615 κράσεως
1129 4547 1250 4617 πρὸς
1285 4547 1378 4617 τὴν
1414 4546 1599 4615 γένεσιν
1624 4545 1710 4597 καὶ
1736 4542 1929 4614 φθορὰν

729 4632 940 4703 διαφορά
978 4633 1431 4699 230,2Ο-231,12

625 4723 867 4790 κρατέω
899 4721 1072 4785 34,11.
1093 4723 1160 4774 28
1204 4721 1403 4784 10230.
1426 4720 1491 4772 24
1534 4719 1721 4784 105,30
1757 4719 1928 4783 2303.

734 4810 799 4862 10
837 4809 1029 4874 231,10

3023 246 3041 298 1
3113 243 3352 298 INDEX

2054 421 2249 492 κρίνω
2293 419 2478 485 107‚14
2521 417 2707 484 17730

2055 507 2256 576 κρίσις
2291 505 2447 571 3038
2491 506 2676 570 107,14
2720 506 2885 572 119,3.
2914 506 2991 559 13.
3014 507 3097 560 30.
3118 507 3186 560 35
3244 508 3353 570 123,

2165 595 2226 647 14
2270 593 2453 661 18339
2497 593 2682 659 18533
2719 593 2908 658 206,16
2948 594 3136 660 212,18

2052 681 2384 754 κριτήριον
2423 681 2578 746 217,3
2614 681 2799 746 218,11
2842 682 3033 743 22036

2051 769 2278 840 κριτής
2319 767 2503 834 178,19
2546 768 2733 834 183,34

2051 855 2455 928 κρὺσταλλος
2499 858 2612 922 143
2657 857 2772 924 15,5

2050 946 2327 1014 κτάομαι
2364 944 2519 1008 2633
2568 945 2752 1012 198,12

2049 1036 2261 1103 κτῆμα
2312 1033 2460 1098 134,3

2048 1124 2265 1190 κτῆσις
2309 1123 2589 1194 χρημάτων
2633 1120 2790 1184 1713
2870 1121 3064 1190 ἀρετῶν
3109 1121 3259 1186 1973
3280 1138 3353 1189 sq.

2152 1209 2239 1260 καὶ
2276 1210 2516 1278 παρουσία
2560 1207 2709 1274 187,6

2048 1295 2280 1353 κύαθος
2318 1295 2503 1359 217,31
2544 1296 2735 1360 22035

2047 1386 2285 1454 κὺαμος
2323 1383 2506 1450 21631
2550 1384 2739 1450 228,33

2050 1473 2373 1543 κυβερνάω
2409 1471 2531 1537 41,3
2568 1473 2723 1538 6336

2048 1560 2479 1631 κυβερνητική
2521 1561 2702 1626 118,31

2047 1647 2279 1705 κὺκλος
2317 1647 2437 1710 503
2475 1646 2631 1712 88,18
2650 1663 2727 1714 sq.
2766 1647 2921 1711 96,15
2942 1664 3019 1717 sq.
3088 1651 3152 1702 τὰ
3176 1647 3350 1719 κὺκλιρ

2149 1734 2383 1805 γινόμενα
2420 1733 2576 1798 8733
2596 1751 2673 1802 sq.

2046 1823 2618 1895 κυκλοφορητικός.
2698 1840 2747 1873 κ.
2794 1827 2942 1889 σῶμα
2991 1822 3122 1884 3,12
3144 1840 3221 1892 sq.
3268 1825 3349 1890 40,

2156 1911 2220 1963 10
2238 1926 2316 1978 sq.
2388 1911 2437 1962 τί
2471 1909 2529 1962 τὸ
2566 1911 2891 1979 ὑποκείμενον
2930 1909 3310 1974 20,16—·21‚11

2046 1997 2431 2068 κυκλοφορία
2467 1997 2555 2063 3,8

2044 2085 2378 2157 κύλινδρος
2418 2083 2603 2150 179,16

2044 2175 2241 2228 κυλίω
2287 2174 2469 2238 179,16
2512 2171 2695 2234 18537

2043 2261 2264 2334 κύριος
2299 2262 2393 2324 4,9
2430 2261 2523 2326 6,6
2566 2260 2719 2325 16,10
2764 2259 2935 2324 30‚16.
2956 2261 3023 2314 25
3070 2261 3229 2324 39,19
3268 2264 3345 2327 56,

2149 2351 2217 2402 20
2251 2349 2407 2412 62,35
2450 2347 2604 2413 6536
2641 2348 2797 2410 82,14
2844 2348 2963 2410 90,3
3006 2349 3195 2413 100,34
3238 2350 3347 2413 107,

2146 2437 2309 2490 31.37
2356 2436 2541 2501 127,30
2571 2435 2755 2500 143,17
2787 2436 2971 2500 162,14
3016 2437 3204 2500 169,12
3236 2439 3346 2503 174,

2153 2525 2229 2577 12.
2251 2525 2317 2577 28
2361 2524 2537 2590 18Ο,6.
2565 2523 2625 2577 12
2678 2522 2862 2588 185‚13
2900 2523 3099 2588 20636
3140 2525 3343 2590 212,16.

2146 2612 2207 2664 21
2252 2613 2405 2676 2233
2444 2611 2634 2678 23334
2702 2612 2947 2681 δόγματος
2989 2613 3177 2680 190,12

2040 2699 2207 2752 κὺων
2246 2699 2366 2766 23,5

2039 2785 2270 2839 κωλὺω
2309 2785 2426 2850 837
2467 2786 2565 2852 93.
2590 2788 2789 2855 5.6sq.
2834 2787 2983 2852 1637
3034 2789 3192 2859 17,18
3229 2790 3337 2856 29,1

2145 2875 2317 2940 3039.
2339 2873 2579 2938 32.31,5.
2604 2874 2683 2926 12.
2712 2875 2791 2926 14.
2814 2874 2898 2928 21.
2920 2875 2985 2928 26
3031 2875 3171 2941 32,5.
3194 2877 3227 2930 8
3264 2877 3341 2941 33,

2145 2962 2284 3014 7.10
2319 2961 2475 3026 46,Ῑὸ
2513 2961 2659 3022 1623
2701 2961 2886 3028 17334
2932 2963 3114 3028 17636
3154 2963 3339 3028 23532

2142 3050 2342 3113 236,19

2038 3313 2246 3366 λαλέω
2296 3313 2479 3378 17533

2034 3400 2334 3471 λαμβάνω
2360 3401 2481 3465 7,32
2508 3401 2594 3465 8,3
2632 3402 2783 3464 10,10
2821 3401 2973 3467 1334
3016 3400 3129 3466 16,6
3174 3400 3339 3464 1733.

2141 3491 2201 3542 31
2244 3488 2398 3553 2937
2445 3489 2582 3553 37,3.
2603 3488 2652 3541 5.
2674 3487 2757 3541 26.
2780 3489 2848 3541 30
2892 3489 3049 3552 40,18
3094 3489 3217 3552 543
3258 3489 3339 3551 71,

2141 3576 2207 3628 33
2246 3575 2375 3640 72,8
2422 3577 2581 3642 7738
2626 3577 2787 3643 8236
2836 3577 2972 3638 83,5.
2995 3577 3061 3628 33
3082 3592 3156 3642 sq.
3201 3575 3335 3640 86,8.

2140 3664 2208 3717 30
2244 3664 2415 3727 9030.
2438 3665 2504 3718 24
2542 3665 2696 3729 9638
2732 3664 2853 3726 973
2909 3663 3089 3727 122,33
3134 3662 3334 3726 123,16.

2144 3754 2203 3805 17
2245 3752 2432 3818 170,12
2469 3753 2660 3818 200,14
2698 3751 2850 3816 205,6
2888 3750 3078 3817 211,16

2032 3839 2307 3910 λαμπρός
2346 3839 2465 3903 536

2032 3926 2318 3982 λανθάνω
2362 3927 2510 3993 129,5
2557 3927 2740 3992 190,10

2035 4015 2225 4068 λείπω
2263 4015 2383 4081 36,5
2419 4016 2575 4083 40,16
2623 4015 2809 4081 169,18
2846 4013 3039 4078 227,30
3074 4013 3257 4079 2283’

2035 4103 2196 4165 λέξις
2233 4103 2351 4167 28,9
2389 4103 2509 4168 81,4
2545 4103 2695 4166 8231
2738 4103 2886 4166 74,31
2916 4101 3178 4166 76,11.24
3214 4100 3325 4166 77,1

2139 4192 2294 4258 8935
2362 4191 2549 4262 σφόδρα
2586 4192 2793 4260 ἀσαφῶς
2830 4190 3065 4261 εἰρημένη
3102 4189 3249 4254 96,11

2032 4279 2419 4350 λεπτομερής
2454 4279 2575 4343 493
2616 4279 2769 4342 218,3

2034 4366 2253 4424 λεπτός
2295 4367 2456 4432 14,30
2500 4366 2659 4432 5031
2712 4365 2879 4430 57,18
2923 4364 3084 4431 72,31
3134 4362 3321 4429 218,31

2137 4454 2335 4518 220,19

2032 4540 2341 4612 λεπτότης
2379 4541 2499 4608 73,3

2031 4629 2313 4683 λεπτύνω
2358 4629 2506 4696 1436
2544 4629 2680 4694 34,6.
2706 4627 2768 4682 12
2806 4628 2997 4691 217,16

2032 4717 2256 4775 λευκός
2300 4718 2428 4782 17,3.
2450 4717 2515 4770 25
2559 4719 2681 4783 18,4
2721 4715 2887 4781 5932
2929 4715 3114 4781 139,17
3183 4713 3240 4766 τὸ
3275 4713 3323 4764 ἐν

2135 4807 2201 4878 τῇ
2236 4807 2386 4876 φωνῇ
2425 4803 2609 4872 132,Ιὸ
