3684 5567
586 268 714 333 234
1463 267 1642 324 ΑΛΕΞ
1652 267 1923 327 ΑΝΔΡΟΥ
1966 267 2421 327 ΑΦΡΟΔῘΣῙΕΩΣ

694 445 1164 523 προσπλάσσεται
1206 442 1304 526 (οὐ
1352 444 1457 528 γὰρ
1501 447 1617 507 τῶν
1661 443 1993 526 αὐξομένων
2040 444 2190 514 τινὸς
2233 445 2266 508 ὁ
2314 449 2457 514 ποῦς
2500 441 2730 514 αὔξεται
2778 441 3001 526 μόνος),
3046 443 3197 506 ἀλλὰ

701 543 797 605 καὶ
843 546 1072 608 πάντων
1118 551 1234 609 τῶν
1281 547 1498 630 μορίων
1543 546 1794 615 ἐπίδοσις
1839 545 1969 610 κατ’
2026 547 2330 629 ἀναλογίαν
2374 546 2609 629 γίνεται.
2697 547 2792 609 καὶ
2838 546 2948 629 γὰρ
2992 545 3199 609 ταύτὸν
3230 561 3283 604 1⁰

698 645 985 730 ὑπομένον
1032 670 1094 710 τε
1138 650 1234 710 καὶ
1280 652 1470 721 σῶζον
1514 652 1620 733 τὴν
1687 649 1902 713 οἰκείαν
1970 649 2141 733 φύσιν
2203 650 2271 711 τὸ
2338 647 2654 732 αὐξόμενον
2704 649 2811 732 τὴν
2855 648 3199 732 προσθήκην

693 749 994 833 λαμβάνει.
1087 748 1222 814 οὔτε
1268 751 1375 837 γὰρ
1423 755 1504 837 μὴ
1553 753 1939 836 ὑπομένοντος
1984 756 2088 815 τοῦ
2155 750 2433 820 αὔξεσθαι
2484 750 2799 834 λεγομένου
2852 749 3089 834 αὔξησις
3132 751 3197 814 τὸ

620 868 650 916 5
691 849 989 932 γινόμενον
1033 873 1074 913 νε
1119 873 1160 913 κ-
1205 873 1244 912 ⁹12
1289 853 1371 920 εἰς
1415 851 1586 935 ὄγκον
1633 855 2017 940 μεταβάλλειν
2063 853 2297 936 μείζονα
2356 853 2481 936 (διὰ
2524 857 2696 917 τοῦτο
2737 854 2849 936 γὰρ
2890 851 3027 916 οὔτε
3076 856 3195 916 τῶν

701 954 1057 1037 κιρναμένων
1129 977 1184 1015 τι
1270 952 1550 1024 αὔξεσθαι
1629 954 1856 1038 λέγεται
1939 957 2417 1038 μεταβαλλόντων
2486 955 2568 1022 εἰς
2656 953 2801 1018 ἄλλο
2888 978 2941 1016 τι
3026 959 3201 1036 σῶμα
3228 971 3281 1013 ιε

698 1052 762 1116 ὂν
807 1051 898 1118 ἐπ’
956 1053 1132 1138 ὄγκου
1180 1057 1456 1139 μείζονος,
1522 1059 1604 1126 ὡς
1646 1059 1877 1143 ὁρῶμεν
1922 1057 2219 1141 γινόμενον
2286 1056 2355 1120 ἐκ
2421 1061 2525 1139 τῆς
2568 1057 2629 1126 ἐξ
2672 1057 2883 1124 ὕδατος
2924 1058 3006 1124 εἰς
3050 1057 3199 1142 ἀέρα

695 1156 1042 1241 μεταβολῆς,
1110 1157 1232 1221 ἀλλ’
1289 1159 1544 1223 ἐνταῦθα
1589 1161 1694 1243 μὲν
1739 1161 1959 1242 γένεσις
2002 1160 2100 1222 καὶ
2144 1160 2363 1244 φθορά,
2428 1159 2633 1228 ὕδατος
2680 1159 2785 1240 μὲν
2826 1159 3051 1248 φθορά,
3108 1158 3197 1240 γέ-

691 1277 842 1326 νεσις
887 1260 951 1322 δὲ
997 1259 1187 1344 ἀέρος,
1257 1259 1387 1326 ἐκεῖ
1426 1263 1492 1326 δὲ
1539 1262 1682 1344 μῖξίς
1727 1285 1792 1324 τε
1834 1263 1934 1325 καὶ
1978 1259 2227 1346 κρᾶσις),
2285 1258 2421 1324 οὔτε
2464 1262 2531 1324 τὸ
2576 1261 2756 1345 τυχὸν
2802 1264 2918 1324 τῶν
2963 1261 3045 1330 εἰς
3088 1263 3193 1343 τὴν

595 1379 657 1424 10
693 1357 932 1444 αὔξησιν
979 1363 1404 1427 συντελούντων
1450 1363 1700 1437 αὔξεται,
1747 1363 1897 1426 ἀλλὰ
1940 1364 2007 1426 τὸ
2052 1361 2385 1445 σωζόμενόν
2428 1385 2491 1426 τε
2538 1361 2727 1426 αὐτῶν
2758 1363 2857 1427 καί
2886 1363 3194 1447 ὑπομένον,

697 1462 792 1524 καὶ
837 1459 920 1525 ἔτι
965 1466 1070 1548 τὴν
1116 1465 1428 1550 αὐξητικήν
1475 1489 1536 1528 τε
1581 1467 1676 1529 καὶ
1723 1467 2040 1550 θρεπτικὴν
2086 1463 2226 1550 ἔχον
2272 1465 2510 1549 δύναμιν
2540 1465 2601 1528 ἐν
2632 1465 2817 1550 αὑτῷ.
2893 1464 2987 1528 διὰ
3018 1469 3198 1528 ταῦτα
3220 1479 3280 1520 ¹⁰

689 1562 798 1648 γὰρ
843 1565 957 1650 οὐχ
1002 1568 1040 1650 ἡ
1086 1569 1274 1652 τροφὴ
1319 1566 1725 1650 αὐξανόμενον,
1793 1569 1979 1632 καίτοι
2044 1567 2141 1640 καὶ
2211 1567 2360 1652 αὐτὴ
2408 1574 2583 1653 σῶμα
2636 1568 2733 1631 καὶ
2777 1567 3047 1652 γινομένη
3092 1571 3197 1649 τῆς

686 1666 990 1750 αὐξήσεως
1055 1670 1229 1746 αἰτία,
1295 1669 1416 1732 ἀλλ’
1473 1667 1523 1754 ᾤ
1571 1673 1612 1754 ἡ
1656 1673 1845 1755 τροφὴ
1892 1670 2311 1755 προσκρίνεται.
2402 1672 2443 1753 ἡ
2491 1671 2594 1752 μὲν
2659 1669 2769 1754 γὰρ
2826 1671 3195 1757 μεταβάλλει,

687 1768 753 1830 τὸ
799 1771 864 1833 δὲ
911 1774 1188 1843 σώζεται·
1257 1773 1351 1836 καὶ
1397 1774 1436 1855 ἡ
1483 1774 1767 1857 θρεπτικὴ
1815 1773 2076 1857 δύναμις,
2144 1775 2182 1857 ἡ
2230 1773 2624 1858 μεταβλητικὴ
2672 1775 2745 1856 δὴ
2792 1775 2890 1836 καὶ
2932 1793 3197 1856 προσκρι-

588 1892 648 1940 15
693 1875 822 1955 τικὴ
871 1879 976 1958 τῆς
1018 1879 1260 1959 τροφῆς,
1305 1875 1460 1940 ἐστὶν
1505 1875 1567 1939 ἐν
1611 1877 1821 1960 τούτῳ.
1897 1874 2170 1960 <τοὺτων>
2199 1877 2389 1940 τοίνυν
2418 1879 2539 1944 τοῖς
2569 1873 2979 1958 αὐξανομένοις
3022 1875 3195 1958 ὑπαρ·
3223 1887 3277 1930 ⁸

685 1977 913 2060 χόντων
959 1981 1234 2059 ζητεῖται,
1284 1978 1412 2041 ἐπεὶ
1458 1981 1497 2061 ἡ
1543 1977 1779 2062 αὔξησις
1825 1977 2269 2062 προστιθεμένῳ
2313 1978 2552 2060 γίνεται,
2592 1978 2649 2040 τί
2697 1977 2820 2040 ἐστι
2862 1976 2984 2061 <τὸ>
3028 1997 3198 2060 προσ-

686 2076 1012 2160 τιθέμενονς
1061 2079 1100 2162 ἢ
1144 2079 1252 2164 γὰρ
1291 2085 1464 2160 σῶμα
1509 2080 1548 2162 ἢ
1595 2081 1909 2162 ἀσώματον
1954 2079 2100 2144 εἶναι
2145 2081 2241 2142 δεῖ
2278 2081 2345 2142 τὸ
2390 2078 2862 2162 προστιθέμενον.
2952 2077 3089 2142 οὔτε
3130 2079 3195 2140 δὲ

689 2178 991 2264 ἀσωμάτῳ
1039 2183 1143 2264 τὴν
1189 2180 1426 2265 αὔξησιν
1470 2179 1614 2244 εἶναι
1659 2182 1845 2265 λέγειν
1878 2181 2136 2264 εὔλογον,
2182 2179 2319 2244 οὔτε
2349 2184 2577 2264 σώματι
2608 2179 2753 2244 εἶναι
2784 2182 2963 2244 δοκεῖ.
3038 2181 3193 2243 ἀσω-

682 2281 852 2364 μάτῳ
943 2281 1077 2363 μέν,
1143 2281 1234 2346 ὅτι
1299 2281 1406 2346 οὐκ
1473 2283 1786 2366 ἀσώματος
1856 2285 1894 2367 ἡ
1961 2283 2173 2368 τροφή,
2242 2283 2641 2366 ἀκολουθήσει
2710 2305 2774 2346 τε
2844 2285 2967 2352 τοῖς
3037 2282 3186 2346 κατὰ

578 2401 646 2447 20
684 2383 1002 2466 ἀσωμάτου
1047 2385 1198 2454 τινὸς
1243 2386 1588 2470 προσθήκην
1629 2389 1736 2471 τὴν
1766 2384 2006 2470 αὔξησιν
2036 2385 2184 2448 εἶναι
2216 2385 2445 2468 λέγουσι
2476 2385 2525 2466 †
2555 2386 2826 2471 κατέχειν
2870 2385 3076 2449 τόπον·
3122 2384 3191 2447 οὐ
3218 2399 3277 2442 ω

684 2489 922 2571 κατεῖχε
965 2487 1031 2550 δὲ
1073 2486 1250 2551 τόπον
1296 2489 1362 2551 τὸ
1407 2487 1664 2573 αὐξῆσαν
1709 2488 1880 2552 αὐτό·
1946 2487 2011 2552 ὃν
2055 2487 2163 2572 γὰρ
2217 2487 2597 2572 ἐπιλαμβάνει
2664 2489 2731 2550 τὸ
2784 2485 3190 2570 αὐξανόμενον,

682 2587 854 2657 οὑτός
921 2589 1046 2654 ἐστι
1113 2592 1224 2675 πρὸ
1292 2596 1397 2676 τῆς
1440 2591 1742 2676 αὐξήσεως
1783 2590 1961 2654 αὐτοῦ
2009 2588 2193 2668 κενός,
2242 2587 2250 2674 Ι
2298 2589 2361 2654 εἴ
2394 2613 2461 2673 γε
2506 2588 2701 2674 μόνων
2746 2590 3036 2673 σωμάτων
3079 2591 3147 2652 τὸ
3189 2593 3290 2652 819

686 2689 956 2777 κατέχειν
999 2693 1124 2757 τινὰ
1168 2693 1365 2758 τόπον.
1434 2695 1486 2756 εἰ
1530 2694 1596 2757 δὲ
1639 2695 1871 2777 σώματι
1914 2693 2141 2776 λέγοιτο
2206 2695 2247 2776 ἡ
2291 2689 2528 2776 αὔξησις
2583 2691 2845 2773 γίνεσθαι
2890 2692 3190 2776 προστιθε-

685 2792 866 2877 μένῳ,
911 2792 1072 2858 ἔσται
1118 2797 1294 2879 σῶμά
1336 2819 1399 2860 τε
1444 2797 1539 2859 διὰ
1585 2799 1857 2877 σώματος
1900 2799 2133 2880 χωροῦν
2177 2795 2275 2860 καὶ
2319 2795 2365 2876 1·
2408 2793 2704 2879 γινόμενον
2750 2797 2998 2878 σώματι,
3042 2793 3105 2858 εἴ
3126 2817 3192 2878 γε

574 2915 640 2963 25
684 2896 835 2960 καθὸ
883 2896 989 2980 μὲν
1034 2895 1269 2966 αὔξεταί
1309 2923 1382 2976 τι,
1450 2899 1597 2964 κατὰ
1643 2903 1812 2962 τοῦτο
1880 2901 1987 2982 τὴν
2032 2898 2377 2982 προσθήκην
2439 2897 2741 2982 λαμβάνει,
2809 2898 2959 2960 κατὰ
3003 2898 3191 2961 πάντα

681 2999 748 3060 δὲ
790 2998 856 3061 τὸ
901 2997 1214 3082 αὐξόμενον
1259 2999 1512 3077 αὔξεται,
1579 3002 1732 3064 ὥστε
1777 2999 1927 3063 κατὰ
1970 3003 2084 3062 πᾶν
2130 3001 2227 3064 καὶ
2294 3001 2639 3084 προσθήκην
2694 2999 2963 3084 λήψεται.
3054 2998 3175 3062 ἀλλ’

679 3101 732 3162 εἰ
779 3104 954 3182 σῶμα
999 3099 1062 3164 ὃν
1107 3103 1254 3165 κατὰ
1299 3107 1411 3165 πᾶν
1457 3104 1636 3167 ἑαυτὸ
1681 3105 1786 3186 τὴν
1831 3102 2177 3187 προσθήκην
2221 3101 2523 3186 λαμβάνει,
2582 3103 2783 3186 δεήσει
2838 3101 2937 3166 διὰ
2980 3103 3191 3171 παντὸς
3244 3117 3273 3158 ⁵

681 3199 826 3263 αὐτὸ
869 3205 1106 3286 χωροῦν
1151 3202 1218 3266 τὸ
1262 3205 1713 3289 προστιθέμενον
1761 3204 1925 3288 αὐτῷ
1965 3203 2167 3286 (τοῦτο
2211 3201 2264 3267 δ’
2320 3203 2474 3269 ἐστὶν
2518 3206 2559 3287 ἡ
2604 3204 2828 3289 τροφή)
2872 3206 2979 3288 τὴν
3022 3203 3189 3288 αὔξη·

685 3323 774 3365 σιν
818 3304 999 3366 αὐτοῦ
1045 3306 1358 3370 ποιεῖσθαι.
1445 3308 1499 3371 εἰ
1541 3310 1652 3394 γὰρ
1695 3307 1849 3390 λέγει
1892 3329 1976 3374 τις
2020 3307 2117 3369 διά
2160 3327 2329 3369 τινων
2374 3310 2557 3370 κενῶν
2610 3305 2883 3389 γενέσθαι
2926 3308 3031 3390 τὴν
3076 3307 3192 3369 διὀ-

569 3423 640 3471 30
678 3407 776 3468 δον
821 3409 929 3489 τῆς
971 3413 1211 3491 τροφῆς,
1257 3409 1479 3492 ἀνάγκη
1524 3410 1713 3494 τοὺτῳ
1758 3408 1967 3491 λέγειν,
2013 3411 2127 3470 πᾶν
2173 3409 2239 3471 τὸ
2282 3407 2637 3493 τρεφόμενον
2682 3415 2859 3494 σῶμα
2902 3409 3051 3473 εἶναι
3091 3432 3187 3472 κε·
3216 3423 3273 3466 1⁰

678 3505 798 3582 νόν,
844 3508 895 3570 εἰ
941 3508 1080 3573 καθ’
1136 3509 1168 3572 ὃ
1215 3511 1320 3593 μὲν
1365 3514 1404 3594 ἡ
1452 3512 1704 3595 πάροδος
1745 3517 1852 3596 τῆς
1896 3515 2134 3595 τροφῆς,
2180 3509 2345 3572 κενὸν
2390 3509 2541 3573 κατὰ
2569 3513 2761 3588 τοῦτο,
2807 3511 2955 3575 κατὰ
3000 3512 3188 3574 πάντα

679 3607 730 3671 δ’
789 3609 967 3672 αὐτοῦ
1015 3613 1053 3695 ἡ
1100 3613 1354 3696 πάροδος
1396 3618 1501 3696 τῆς
1545 3618 1784 3697 τροφῆς,
1829 3615 1883 3676 εἰ
1929 3615 2003 3696 δὴ
2051 3612 2200 3676 κατὰ
2244 3611 2433 3674 πάντα
2473 3609 2723 3682 αὔξεται.
2802 3617 2885 3695 τῷ
2932 3613 3007 3695 δὴ
3054 3613 3189 3695 μέλ-

676 3714 832 3774 λοντι
897 3714 1203 3796 φυλάττειν
1269 3737 1332 3777 τε
1374 3713 1446 3777 τὰ
1491 3719 1611 3782 τοῖς
1655 3712 2062 3796 αὐξανομένοις
2120 3715 2461 3798 ὑπάρχοντα
2528 3715 2623 3777 καὶ
2676 3714 2869 3778 λὺσειν
2924 3714 2997 3777 τὰ
3050 3717 3187 3777 ἀπο·

673 3814 928 3897 ροὺμενα
975 3815 1283 3897 ἀναγκαῖον
1329 3820 1579 3899 πρῶτον,
1647 3816 1706 3879 τί
1744 3815 1887 3879 ποτέ
1932 3815 2057 3879 ἐστι
2102 3815 2166 3878 τὸ
2222 3815 2537 3898 αὐξόμενον
2604 3817 2821 3900 λαβεῖν,
2889 3817 2986 3881 καὶ
3038 3817 3187 3881 κατὰ
3214 3833 3267 3876 1⁸

569 4061 591 4112 l
635 4059 992 4128 αὐξανομένων
1029 4063 1150 4115 RSa
1328 4060 1359 4112 2
1398 4067 1503 4114 τῶν
1541 4077 1640 4114 om.
1679 4064 1758 4115 Ra
1931 4059 2113 4113 ταύτὸν
2154 4060 2337 4129 Apelt:
2376 4065 2603 4114 τοιοῦτον
2651 4061 2837 4116 Ideler:
2879 4061 3047 4133 τρίτον
3082 4063 3205 4117 libri

564 4147 596 4199 5
634 4147 724 4216 εἰς]
751 4147 971 4202 fortasse
993 4149 1078 4212 <ti
1103 4149 1236 4211 καὶ)
1261 4148 1328 4206 εἰς
1471 4149 1691 4202 fortasse
1717 4145 2078 4217 μεταβάλλει
2244 4147 2413 4216 μεῖζον
2439 4149 2511 4200 A¹
2681 4149 2712 4201 6
2764 4149 2959 4218 λέγεται
2992 4150 3131 4213 (οὔτε
3170 4154 3293 4214 τῶν)

564 4236 721 4302 Apelt
863 4237 892 4286 7
933 4235 1016 4304 ἐκ]
1055 4236 1272 4289 fortasse
1319 4237 1418 4288 ἐπὶ
1561 4237 1592 4288 9
1630 4243 1732 4289 τῶν
1769 4251 1869 4288 om.
1900 4255 1933 4287 a
2080 4236 2145 4289 10
2181 4233 2545 4288 ἐπιτιλοὺντων
2584 4239 2664 4288 Ra
2806 4235 3053 4305 ὑπομένον
3080 4240 3289 4307 scripsi:

564 4321 892 4390 ὑποκείμενον
929 4323 1050 4376 libri
1224 4323 1286 4375 12
1333 4323 1646 4392 αὐξανομένη
1677 4327 1754 4376 Ra
1928 4324 1991 4374 14
2039 4322 2101 4392 δὴ
2140 4325 2353 4390 scripsi:
2412 4321 2465 4374 δὲ
2504 4323 2623 4376 libri
2772 4325 2850 4375 14.
2896 4324 2957 4376 15
2994 4327 3291 4396 προκριτικὴ

563 4413 644 4462 Ra
806 4411 870 4463 15
907 4411 1037 4464 ἐστιν
1077 4411 1130 4463 ἐν
1155 4411 1336 4482 τούτῳ.
1393 4409 1634 4474 (τοὺτων)
1669 4411 1883 4479 scripsi:
1921 4411 2067 4462 ἐστιν.
2124 4407 2321 4462 τούτων
2360 4411 2517 4478 Apelt
2668 4411 2731 4463 16
2770 4410 2899 4480 ἐπεὶ]
2938 4409 3053 4464 hri?
3079 4416 3130 4464 A

563 4495 938 4567 προστιθεμένῳ
977 4499 1188 4566 scripsi:
1245 4497 1636 4570 προστιθεμένου
1673 4498 1793 4551 libri
1948 4497 2010 4550 τὸ
2046 4497 2164 4551 add.
2196 4498 2337 4550 Diels
2516 4497 2577 4550 19
2634 4497 2725 4566 μὲν
2770 4498 2877 4562 (οὐ)
2924 4500 3083 4568 Apelt

563 4584 632 4636 20
669 4584 1018 4652 intellegerem
1047 4584 1244 4655 λέγουσι
1267 4585 1346 4649 (τὸ
1374 4583 1596 4653 αὐξῆσαν
1620 4585 1744 4637 αὐτὸ
1771 4586 1842 4655 μὴ
1870 4585 2053 4654 λέγειν)
2078 4585 2311 4656 κατέχειν
2336 4585 2521 4638 τόπον·
2558 4583 2667 4653 [οὐ]
2686 4592 2899 4655 &enixe
2936 4586 2990 4639 δὲ
3132 4585 3199 4640 23
3234 4586 3289 4640 δὲ

565 4671 746 4738 Apelt:
783 4689 836 4722 τε
873 4672 992 4724 libri
1137 4672 1206 4724 24
1244 4673 1500 4740 γινόμενον
1535 4671 1758 4741 σώματι]
1793 4673 2011 4725 fortasse
2049 4672 2393 4745 δεχόμενον
2432 4673 2611 4740 σῶμά
2643 4690 2703 4724 τι
2845 4672 2913 4725 28
2948 4673 3097 4743 αὐτὸ]
3134 4673 3291 4728 αὐτοῦ

565 4759 720 4824 Apelt
861 4754 908 4810 δ’
938 4775 1035 4811 om.
1064 4763 1290 4813 BCPSR
1431 4759 1499 4811 30
1536 4757 1703 4828 τοὺτῳ
1745 4761 1955 4828 scripsi:
1992 4763 2143 4812 τοῦτο
2182 4759 2300 4811 libri
2444 4758 2512 4810 32
2551 4763 2671 4826 post
2708 4756 2917 4818 αὔξεται
2952 4761 3287 4814 add.1deler=

563 4843 708 4898 κενὸν
747 4845 844 4917 ἄρα
881 4847 1012 4897 κατὰ
1047 4847 1208 4898 πάντα
1387 4847 1456 4898 33
1491 4847 1570 4912 τε]
1607 4845 1660 4897 δὲ
1687 4865 1719 4899 a
1897 4846 1967 4899 34
2004 4853 2205 4918 πρῶτον
2242 4849 2379 4916 (pino)
2404 4845 2568 4900 Ideler
2744 4845 2937 4916 λαβεῖν]
2974 4846 3133 4918 λέγειν
3156 4851 3237 4904 Ba
