3684 5567
1231 265 1391 320 ΠΕΡΙ
1433 265 1750 322 ΚΡΑΣΕΩΣ
1787 266 1909 322 ΚΑΙ
1950 266 2303 323 ΑΥΞΗΣΕΩΣ
2346 271 2407 323 16
3053 273 3175 336 237

558 442 762 525 χώραν
805 441 1108 524 φυλάσσον
1152 441 1248 503 καὶ
1294 441 1441 504 κατὰ
1486 446 1656 505 τοῦτο
1701 443 2138 526 προσκείμενον,
2207 443 2357 506 ἀλλὰ
2400 443 2653 527 προωθῇ
2698 445 2764 506 τὸ
2812 442 2924 527 πρὸ
2969 440 3067 504 αὐ-

556 545 678 618 τοῦ,
725 543 961 608 κάκεῖνο
1006 543 1072 606 τὸ
1117 544 1229 626 πρὸ
1277 543 1456 606 αὐτοῦ
1503 546 1694 620 πάλιν,
1765 544 1942 630 μέχρι
1986 545 2287 621 τοσούτου,
2356 545 2471 615 ἕως
2536 544 2603 609 ἂν
2658 545 2901 609 ἕκαστον
2947 549 3064 607 τῶν
3120 561 3148 600 ⁵

559 647 778 728 μορίων
817 644 997 710 αὐτοῦ
1043 644 1191 710 κατὰ
1236 647 1542 730 ἀναλογίαν
1573 648 2033 732 προστιθεμένου
2080 651 2183 711 τοῦ
2227 647 2535 732 τρέφοντός
2564 671 2627 710 τε
2672 648 2767 710 καὶ
2799 645 3069 716 αὔξοντος

561 745 691 830 ἴσην
731 749 990 813 ἐπίδοσιν
1030 749 1209 834 λαβὸν
1253 749 1460 812 ταύτὸν
1492 747 1706 834 ἔχοντα
1739 755 1946 834 σχῆμα
1980 751 2171 833 μείνῃ,
2225 750 2257 812 ὃ
2298 749 2428 836 ἔχει
2466 753 2562 816 καὶ
2602 751 2715 835 πρὸ
2756 755 2861 834 τῆς
2902 770 3072 834 προσ-

487 869 518 918 5
558 849 806 934 κρίσεως
846 856 951 915 τοῦ
995 851 1324 936 τρέφοντος.
1401 855 1486 922 ὡς
1527 853 1637 936 γὰρ
1681 858 1787 936 τῆς
1835 857 1943 936 γῆς
1988 853 2195 937 βαρέος
2241 851 2405 922 ὄντος
2450 857 2719 937 σώματος
2772 854 2869 916 καὶ
2912 855 3071 916 κάτω

559 976 624 1016 τε
670 955 766 1017 καὶ
813 955 907 1018 ἐπὶ
953 956 1020 1018 τὸ
1069 954 1246 1036 μέσον
1301 955 1634 1040 φερομένου
1702 957 1794 1018 καὶ
1864 956 2011 1019 κατὰ
2066 957 2172 1038 τὴν
2226 957 2406 1019 αὑτοῦ
2450 957 2619 1039 φύσιν
2666 959 2762 1020 καὶ
2806 959 2893 1039 τῷ
2942 955 3071 1038 ἰδίῳ
3100 971 3155 1013 ιο

559 1056 726 1141 μέσῳ
772 1057 838 1120 τὸ
884 1061 988 1121 τοῦ
1031 1059 1247 1127 παντὸς
1292 1057 1643 1144 κατέχοντος
1689 1058 1867 1142 μέσον
1910 1081 1973 1120 τε
2019 1059 2115 1122 καὶ
2162 1057 2414 1142 κέντρον,
2462 1057 2531 1122 ἂν
2585 1059 2761 1144 βάρος
2823 1056 2915 1120 ἐπ’
2970 1058 3071 1121 αὐ-

556 1163 634 1242 τῇ
681 1183 735 1221 τι
780 1164 978 1243 μεῖζον
1025 1161 1175 1244 τεθῇ
1224 1159 1373 1224 κατὰ
1419 1162 1666 1245 θάτερον
1711 1162 2109 1246 ἡμισφαίριον,
2162 1161 2232 1224 οὐ
2279 1159 2375 1224 διὰ
2423 1167 2528 1245 τῆς
2578 1161 3075 1245 προϋπαρχούσης

555 1267 665 1345 γῆς
710 1263 1002 1327 διαδύεται
1044 1267 1216 1327 τοῦτο
1281 1269 1388 1348 τῆς
1431 1263 1492 1327 ἐν
1537 1269 1622 1348 τῷ
1673 1264 1838 1348 μέσῳ
1886 1264 2191 1348 μενούσης,
2260 1268 2344 1333 ὡς
2406 1269 2509 1348 τῆς
2569 1265 2715 1331 ἰδίας
2770 1264 2954 1348 ῥοπῆς
3005 1263 3071 1324 τὸ

463 1385 528 1431 10
567 1364 799 1450 κέντρον
845 1364 1006 1452 ἔχειν
1051 1367 1200 1430 κατὰ
1242 1368 1309 1431 τὸ
1353 1371 1457 1430 τοῦ
1503 1370 1715 1436 παντὸς
1763 1367 1960 1448 μέσον,
2027 1367 2146 1430 ἀλλ’
2203 1367 2431 1431 ἄνωθεν
2483 1371 2559 1452 τῇ
2607 1365 3073 1451 προϋπαρχούσῃ
3104 1380 3157 1422 1⁶

555 1473 632 1551 γῇ
682 1468 860 1554 μέχρι
903 1469 1186 1532 τοσούτου
1231 1469 1298 1532 τὸ
1342 1470 1486 1552 πρὸς
1529 1469 1672 1533 αὐτὸ
1721 1469 1921 1553 μόριον
1965 1475 2072 1554 τῆς
2114 1476 2219 1554 γῆς
2265 1473 2547 1555 προωθεῖ,
2594 1470 2711 1538 ἕως
2757 1467 2826 1533 ἂν
2870 1468 2936 1531 τὸ
2980 1491 3071 1550 γε-

558 1569 796 1652 νόμενον
841 1575 942 1633 τοῦ
986 1577 1093 1655 τῆς
1135 1577 1246 1656 γῆς
1290 1572 1502 1657 βάρους
1545 1573 1777 1656 κέντρον
1824 1573 1921 1636 διὰ
1964 1574 2069 1656 τὴν
2116 1573 2461 1659 προσθήκην
2506 1577 2608 1636 τοῦ
2654 1574 2865 1657 βάρους
2908 1573 3071 1658 γένη-

557 1695 648 1736 ται
693 1673 839 1737 κατὰ
904 1679 1006 1736 τοῦ
1051 1675 1264 1744 παντὸς
1318 1675 1494 1757 μέσον
1541 1676 1740 1758 (τοῦτο
1807 1675 1917 1760 γὰρ
1985 1676 2132 1739 κατὰ
2197 1676 2369 1760 φύσιν
2434 1681 2551 1746 τοῖς
2596 1675 2800 1760 βαρέσι
2866 1699 2928 1740 τε
2972 1677 3070 1740 καὶ

555 1777 718 1838 κάτω
761 1776 1102 1860 φερομένοις
1147 1779 1438 1860 σώμασιν·
1517 1777 1586 1840 οὑ
1654 1778 1957 1860 γινομένου
2028 1780 2124 1842 καὶ
2177 1779 2243 1840 τὸ
2300 1784 2509 1863 σχῆμα
2563 1780 2687 1862 ἅμα
2742 1782 2779 1862 ἡ
2834 1785 2908 1862 γῆ
2964 1803 3068 1863 φυ-
3095 1795 3153 1836 2⁰

455 1898 516 1946 15
553 1880 756 1944 λάσσει
799 1881 864 1944 τὸ
910 1879 1234 1965 σφαιρικόν,
1281 1881 1314 1942 ὃ
1369 1880 1498 1964 εἶχε
1543 1883 1640 1944 καὶ
1685 1884 1798 1964 πρὸ
1832 1882 1987 1965 τοῦ),
2036 1883 2224 1950 οὕτως
2253 1882 2619 1965 ὑποληπτέον
2665 1883 2759 1946 καὶ
2806 1882 2901 1944 ἐπὶ
2946 1887 3063 1944 τῶν

559 1983 925 2065 ὁμοιομερῶν
958 1981 1292 2064 [γίνεσθαι],
1337 1989 1454 2045 τῶν
1484 1983 1818 2067 αὐξομένων
1866 1984 1959 2047 διὰ
2003 1985 2109 2067 τὴν
2150 1985 2267 2047 ἀπὸ
2300 1989 2404 2068 τῆς
2447 1990 2663 2069 τροφῆς
2710 1984 3065 2069 πρόσκρισιν,

555 2083 702 2147 εὐθὺ
768 2089 844 2168 τῇ
911 2086 1245 2169 προσκρίσει
1312 2109 1376 2148 τε
1429 2087 1526 2148 καὶ
1581 2085 1922 2168 ἐξομοιώσει
1978 2089 2121 2169 πρὸς
2173 2089 2239 2149 τὸ
2294 2086 2645 2171 τρεφόμενον
2703 2093 2807 2172 τῆς
2851 2093 3070 2171 τροφῆς

557 2185 692 2271 παρ’
747 2186 942 2249 αὐτῶν
987 2191 1106 2250 τῶν
1153 2193 1348 2272 μερῶν
1395 2192 1499 2250 τοῦ
1544 2189 1906 2272 τρεφομένου
1952 2188 2239 2273 πρόσοδόν
2284 2212 2408 2252 τινα
2452 2191 2707 2272 γίνεσθαι
2752 2193 2847 2255 καὶ
2896 2192 3065 2272 μετά·
3093 2205 3147 2246 2⁶

557 2309 750 2353 στασιν
795 2289 976 2353 ἄλλου
1021 2291 1430 2374 προωθοῦντος
1475 2290 1640 2366 ἄλλο,
1707 2291 1824 2360 ἕως
1867 2291 1937 2355 ἄν
1982 2293 2047 2354 τὸ
2095 2297 2229 2368 πᾶν,
2276 2293 2337 2356 ἐν
2384 2289 2435 2378 ᾧ
2480 2293 2759 2378 πρότερον
2805 2293 2878 2378 ῆν
2924 2295 3068 2379 σχή-

452 2413 518 2460 20
557 2416 710 2475 ματι,
779 2393 840 2455 ἐν
886 2394 1076 2477 τούτῳ
1124 2397 1218 2457 καὶ
1269 2395 1415 2477 μετὰ
1457 2397 1561 2478 τὴν
1616 2395 1732 2457 ἀπὸ
1802 2400 1907 2479 τῆς
1966 2401 2188 2480 τροφῆς
2242 2397 2588 2480 προσθήκην
2641 2397 2894 2480 γένηται.
2986 2400 3067 2466 ὥς

552 2497 658 2581 γὰρ
705 2493 942 2564 αὔξεταί
980 2517 1042 2558 τε
1089 2498 1186 2559 καὶ
1231 2499 1588 2580 φυλάσσεται
1632 2497 1705 2561 τὰ
1747 2505 1867 2560 τῶν
1936 2502 2300 2581 ὁμοιομερῶν
2362 2502 2464 2560 τοῦ
2517 2500 2874 2584 τρεφομένου
2921 2501 3065 2584 σχή-

554 2621 708 2681 ματα
753 2598 814 2660 ἐν
859 2601 936 2681 τῇ
1007 2603 1124 2661 τῶν
1153 2600 1538 2684 ,ὁμοιομερῶν
1605 2599 1865 2682 αὐξήσει,
1933 2601 2122 2670 οὕτως
2185 2604 2283 2664 καὶ
2350 2601 2422 2663 τὰ
2464 2606 2581 2664 τῶν
2628 2602 3066 2685 ἀνομοιομερῶν
3094 2617 3151 2660 ω

554 2701 916 2784 ὑποληπτέον
963 2703 1369 2786 φυλάσσεσθαι
1416 2703 1700 2788 σχήματα
1763 2709 1870 2787 τῆς
1916 2703 2064 2766 κατὰ
2110 2703 2284 2786 μόρια
2330 2704 2821 2787 προσκρινομένης
2865 2705 3062 2774 αὐτοῖς

547 2809 768 2887 τροφῆς
834 2805 946 2866 ὑπὸ
993 2810 1097 2888 τῆς
1144 2805 1205 2867 ἐν
1249 2805 1402 2889 αὐτῇ
1450 2806 1766 2890 θρεπτικῆς
1813 2808 2116 2888 δυνάμεως
2183 2807 2267 2875 εἰς
2324 2808 2511 2870 πάντα
2576 2807 2723 2871 αὐτὰ
2780 2808 3069 2892 ἀγομένης

453 2926 520 2974 25
558 2905 874 2990 ἀναλόγως.
952 2907 1090 2970 καθ’
1146 2909 1218 2992 ἢν
1254 2907 1262 2994 Ι
1312 2909 1615 2991 ἀναλογίαν
1651 2910 1812 2991 μετὰ
1857 2914 1963 2993 τῆς
2007 2914 2109 2972 τοῦ
2157 2913 2426 2992 σώματος
2457 2911 2747 2994 σωτηρίας
2778 2911 3021 2975 ἕκαστον
3070 2918 3173 2976 623

553 3009 750 3073 αὐτῶν
798 3014 912 3072 πᾶν
958 3007 1207 3087 αὔξεται,
1265 3014 1361 3076 καὶ
1409 3013 1504 3074 δεῖ
1543 3013 1607 3074 τὸ
1652 3012 1949 3095 γινόμενον
1996 3013 2111 3075 ὑπὸ
2157 3019 2262 3096 τῆς
2306 3013 2541 3097 φύσεώς
2583 3036 2647 3076 τε
2692 3015 2789 3078 καὶ
2835 3015 3065 3098 θρεπτι·

555 3117 663 3195 κῆς
705 3113 1006 3194 δυνάμεως
1052 3121 1172 3182 τοῖς
1217 3115 1312 3178 διὰ
1371 3120 1477 3198 τῆς
1521 3119 1740 3198 τροφῆς
1784 3113 2192 3198 αὐξανομένοις
2260 3117 2571 3198 ὑπολαβεῖν
2638 3115 2837 3199 ὅμοιον
2900 3117 3066 3190 εἶναι,

555 3218 636 3283 ὥς
681 3213 750 3278 ἂν
796 3216 850 3278 εἰ
893 3214 1046 3279 οἶνόν
1093 3239 1176 3285 τις
1220 3217 1524 3300 ἐπινοήσαι
1593 3219 1688 3280 διά
1731 3240 1881 3285 τινος
1943 3221 2206 3300 σωλῆνος
2262 3217 2600 3303 φερόμενον,
2669 3222 3067 3302 φυλάσσοντος
3119 3235 3147 3278 ⁶

556 3317 660 3399 μὲν
705 3317 770 3379 τὸ
818 3323 1024 3402 σχῆμα
1069 3319 1297 3397 ταύτόν,
1344 3319 1418 3382 δι’
1458 3319 1748 3404 ὑγρότητα
1791 3321 1857 3382 δὲ
1901 3323 1997 3384 καὶ
2045 3320 2441 3406 μαλακότητα,
2487 3320 2625 3385 ὅταν
2674 3323 2777 3405 μὲν
2824 3321 3061 3386 ἔλαττον

449 3415 592 3503 Βοῆ
663 3422 728 3482 τὸ
797 3419 872 3483 δι’
937 3419 1115 3484 αὐτοῦ
1161 3421 1481 3506 φερόμενον
1549 3421 1740 3506 ὑγρόν,
1809 3423 2268 3504 συστελλομένου
2322 3446 2384 3486 τε
2439 3425 2536 3487 καὶ
2586 3426 2652 3488 τὸ
2708 3430 2915 3510 σχῆμα
2971 3425 3067 3489 ἐπὶ

553 3523 813 3586 ἐλάττονι
860 3524 1148 3594 σώζοντος
1195 3523 1373 3608 ὄγκῳ,
1420 3524 1555 3588 ὅταν
1601 3527 1666 3588 δὲ
1696 3529 1894 3589 πλεῖον
1926 3522 1967 3609 ᾖ
2000 3526 2239 3599 τούτων,
2286 3526 2743 3610 ἀνευρυνομένου
2776 3551 2837 3591 τε
2874 3531 3063 3612 πάντῃ

555 3626 650 3688 καὶ
698 3625 933 3705 μείζονα
978 3627 1074 3688 τὸν
1121 3625 1292 3709 ὄγκον
1337 3627 1746 3712 λαμβάνοντος.
1839 3632 1924 3696 ὥς
1988 3628 2096 3713 γὰρ
2165 3629 2259 3691 ἐπὶ
2313 3634 2417 3692 τοῦ
2473 3634 2738 3713 σωλῆνος
2794 3635 2897 3694 τοῦ
2956 3655 3063 3696 τοι·
3094 3649 3150 3690 ιο

551 3727 722 3791 ούτου
769 3727 836 3790 οὐ
883 3727 948 3790 τὸ
996 3729 1154 3811 ὕδωρ
1198 3731 1263 3791 τὸ
1307 3729 1696 3815 αὐξανόμενόν
1742 3732 1916 3807 ἐστιν,
1984 3729 2018 3793 ὅ
2058 3755 2124 3814 γε
2168 3733 2274 3815 τὴν
2319 3733 2513 3817 ἀρχὴν
2569 3733 2707 3797 οὐδὲ
2762 3736 3061 3817 ὑπομένει,

445 3965 480 4017 3
513 3971 604 4017 τοῦ
641 3965 823 4034 Apelt:
881 3967 970 4020 καὶ
1013 3967 1132 4021 libri
1371 3971 1406 4021 4
1452 3969 1657 4042 ἔχοντα]
1714 3970 1832 4043 ἔχον
1880 3971 1937 4024 τὸ
1984 3971 2151 4024 ldeler
2398 3972 2567 4044 μείνῃ]
2624 3975 2749 4046 μένῃ
2796 3977 2961 4030 ldeler

445 4051 574 4123 ἔχει]
617 4054 722 4122 εἶχε
769 4054 936 4107 ldeler
1184 4057 1216 4108 6
1261 4056 1320 4109 τὸ
1373 4073 1474 4110 om.
1521 4059 1687 4112 Ideler
1970 4060 2003 4112 8
2046 4078 2097 4111 τι
2140 4061 2313 4112 Diels:
2370 4060 2402 4130 ἢ
2453 4061 2599 4114 libri:
2656 4062 2755 4115 del.
2804 4065 2963 4132 Apelt

445 4139 477 4191 9
523 4144 672 4193 τοῦτο
721 4143 902 4209 Apelt:
959 4141 1018 4196 τὸ
1067 4143 1165 4195 ὑπὸ
1222 4144 1368 4197 libri:
1424 4145 1525 4198 del.
1561 4146 1736 4213 [Ideler
1952 4147 2017 4200 10
2062 4145 2261 4201 ἄνωθεν
2298 4149 2393 4214 (ἐν)
2428 4149 2686 4202 Schwartz
2940 4154 2999 4205 ll
3050 4155 3173 4226 πρὸς

445 4227 590 4296 αὐτὸ]
630 4227 726 4300 πρὸ
760 4230 915 4283 αὐτοῦ
957 4231 1110 4298 Apelt
1329 4233 1391 4284 13
1437 4233 1658 4286 fortasse
1695 4236 1826 4288 κατὰ
1862 4234 1974 4298 (τὸ>
2010 4241 2101 4288 τοῦ
2321 4237 2399 4289 14.
2448 4237 2507 4289 15
2545 4235 2813 4307 φυλάσσειν
2851 4239 2883 4309 ἡ
2921 4245 2983 4311 γῆ
3026 4245 3103 4295 Rs

451 4313 512 4366 16
549 4313 768 4384 γίνεσθαι
803 4316 967 4369 delevi
1147 4318 1503 4388 αὐξανομένων
1540 4324 1714 4375 ΒΡΒει
1894 4323 1959 4376 18
1994 4323 2222 4394 γενέσθαι
2259 4329 2339 4378 Ra
2523 4325 2583 4376 19
2620 4323 2777 4378 ἄλλου
2815 4327 3172 4400 προωθοῦντος

444 4403 620 4468 Apelt:
677 4401 788 4456 ἀλλ’
829 4402 888 4455 οὐ
925 4403 1256 4476 προοδοῦντος
1294 4407 1413 4460 libri
1637 4409 1698 4461 21
1751 4409 2070 4483 ὁμοιομερῶν
2110 4413 2289 4480 Apelt:
2348 4412 2729 4484 ἀνομοιομερῶν
2767 4414 2889 4468 libri

445 4487 530 4539 21.
557 4487 624 4540 22
662 4490 922 4563 σχήματος
955 4495 1035 4544 Ra
1247 4493 1314 4544 22
1355 4511 1429 4562 pr.
1467 4495 1596 4564 τῶν]
1633 4501 1723 4566 τῆς
1761 4501 1839 4551 Ra
2052 4499 2369 4571 ὁμοιομερῶν
2410 4505 2456 4552 Α
2494 4505 2643 4565 (corr.
2670 4518 2733 4553 ex
2776 4503 3172 4576 ἀνομοιομερῶν)

443 4578 590 4629 BRa:
638 4577 1174 4652 ἀνομοιομερῶν.ΟΡ8
1379 4581 1446 4634 23
1483 4584 1722 4652 σχήματα
1764 4591 1835 4638 A:
1876 4602 2097 4660 σχηματι
2134 4588 2224 4640 rel.
2428 4589 2495 4642 26
2532 4589 2607 4643 δεῖ
2644 4590 2823 4657 Apelt:
2865 4591 2945 4643 διὰ
2982 4592 3098 4645 libri

444 4662 511 4714 27
547 4669 639 4735 τῆς
677 4681 775 4718 om.
816 4685 846 4718 a
1047 4667 1114 4719 28
1155 4669 1200 4721 εἰ
1235 4667 1394 4741 (ὕδωρ
1432 4671 1576 4742 πρὸς)
1614 4673 1746 4724 οἶνον
1783 4675 1895 4725 sive
1933 4676 1974 4726 εἰ
2009 4672 2171 4746 (ὕδωρ
2207 4676 2263 4744 ἣ)
2300 4676 2433 4729 οἶνον
2473 4677 2613 4729 Diels
2826 4696 2900 4735 τις
2939 4683 3044 4733 Ra:
3100 4699 3172 4737 τις

443 4753 512 4831 εἷς
553 4759 622 4804 A:
679 4771 751 4810 τις
797 4754 865 4811 εἰς
905 4757 1079 4808 BCPS
1293 4757 1373 4810 διὰ
1410 4774 1508 4812 om.
1550 4761 1620 4810 ΑΙ
1837 4759 1905 4812 29
1944 4762 2215 4834 ὑγρότητος
2255 4767 2327 4816 Ra
2544 4763 2899 4835 μαλακότητος
2938 4770 3015 4820 Ra

445 4857 506 4910 31
548 4852 585 4932 ᾗ
623 4861 727 4912 11⁸2
765 4860 830 4931 ἦν
868 4864 1098 4915 ABCPS
