3684 5567
1333 257 1493 315 ΠΕΡΙ
1530 256 1998 317 ΕΙΜΑΡΜΕΝΗΣ
2048 262 2248 316 16-19
3009 264 3128 329 189

523 430 758 517 ἔχοντες
822 434 989 497 αὐτοί
998 480 1015 508 ,
1090 435 1187 497 καὶ
1252 438 1369 496 τῶν
1434 434 1916 518 προτρεπομένων
1981 435 2076 498 διὰ
2140 434 2273 503 τοὺς
2345 434 2482 518 παρ’
2557 434 2750 499 αὐτῶν
2818 433 3021 516 λόγους

520 535 815 618 αἱρεῖσθαί
860 560 985 599 τινα
1040 536 1369 619 δυναμένων
1416 535 1551 621 (ὦν)
1604 536 1854 621 ἔπραξαν
1911 536 1981 600 ἂν
2047 537 2314 600 τάναντία
2378 536 2573 599 αὐτῶν
2641 540 3018 611 σιωπώντων,
3047 556 3102 599 25

522 640 691 699 τοῦτο
767 639 833 701 δὲ
898 638 1273 720 ἐπιτιμῶντες
1338 642 1435 704 καὶ
1512 640 1955 723 ἐπιπλήττοντές
2019 659 2160 702 τισιν
2236 643 2318 707 ὥς
2382 640 2450 702 οὐ
2515 639 2587 702 τὰ
2654 642 3018 725 προσήκοντα

520 743 881 824 πράττουσιν.
977 741 1127 804 ἀλλὰ
1180 744 1275 805 καὶ
1330 745 1745 826 συγγράμματα
1811 742 1992 805 πλείω
2047 742 2485 806 καταλείπουσίν
2529 766 2592 805 τε
2637 744 2730 805 καὶ
2777 745 3018 825 συγγρά-

451 864 481 911 5
520 864 744 925 φουσιν,
810 842 883 905 δι’
954 843 1037 905 ῶν
1090 844 1342 913 ἀξιοῦσιν
1412 845 1791 909 παιδεύεσθαι
1857 844 1992 914 τοὺς
2056 844 2242 919 νέους,
2310 846 2424 930 οὐχ
2481 849 2562 914 ὡς
2629 846 3018 927 κεκωλυμένοι
3044 862 3101 904 ω

522 950 688 1008 τοῦτο
756 948 1103 1030 συγγράφειν
1170 948 1265 1010 διὰ
1316 949 1383 1010 τὸ
1436 948 1508 1011 τὰ
1560 951 1922 1031 περιεστῶτα
1974 947 2166 1017 αὐτοῖς
2232 947 2378 1011 εἶναι
2431 952 2685 1021 τοιαῦτα,
2753 947 2882 1012 ἀλλ’
2939 952 3018 1017 ὡς

522 1048 585 1111 ὃν
645 1049 748 1130 μὲν
814 1049 909 1112 ἐπ’
977 1050 1175 1119 αὐτοῖς
1240 1053 1589 1135 συγγράφειν
1656 1074 1719 1114 τε
1774 1052 1870 1113 καὶ
1941 1052 2055 1133 μή,
2121 1051 2450 1135 αἱρούμενοι
2516 1052 2582 1113 δὲ
2645 1052 2712 1113 τὸ
2779 1054 3014 1136 γράφειν

522 1153 615 1215 διὰ
657 1153 1112 1236 φιλανθρωπίαν.
3041 1162 3110 1219 64
3149 1164 3281 1216 XIX

682 1252 1040 1318 Ἐπαύσαντο
1106 1254 1159 1318 δ’
1214 1256 1283 1319 ἂν
1326 1262 1431 1340 τῆς
1477 1256 1538 1319 ἐν
1582 1260 1701 1325 τοῖς
1745 1255 1936 1339 λόγοις
2001 1258 2327 1341 φιλοτιμίας
2371 1258 2464 1319 καὶ
2511 1260 3014 1343 συγχωρησάντων

426 1378 487 1425 10
523 1356 666 1421 εἶναι
710 1360 775 1421 τὸ
821 1358 913 1443 ἐφ’
968 1361 1108 1442 ἡμῖν
1154 1360 1465 1443 ἐλεύθερόν
1510 1383 1572 1423 τε
1616 1360 1710 1422 καὶ
1755 1358 2122 1428 αὐτεξούσιον
2169 1360 2260 1421 καὶ
2307 1359 2498 1442 κύριον
2556 1365 2660 1443 τῆς
2703 1364 2819 1423 τῶν
2865 1364 3014 1425 α’ντι-

519 1462 797 1547 κειμένων
828 1462 1111 1545 αἱρέσεώς
1140 1486 1201 1525 τε
1234 1464 1325 1526 καὶ
1355 1462 1619 1547 πράξεως
1650 1484 1690 1523 κ·
1735 1483 1775 1523 -ιε
1820 1484 1862 1523 x·
1908 1462 2002 1524 ἐπὶ
2032 1468 2410 1545 περιεστῶσιν
2443 1462 2776 1546 ἀνθρώποις
2806 1465 3021 1534 δίκαιος

519 1566 779 1648 γίνεσθαι
822 1564 1272 1649 πεπιστευμένος
1317 1566 1537 1647 ὁμοίως
1580 1566 1837 1633 ἰδιώταις
1879 1588 1942 1627 τε
1986 1566 2082 1628 καὶ
2127 1565 2489 1645 νομοθέταις.
2575 1563 2696 1629 ἔστι
2740 1568 2804 1630 δὲ
2847 1572 3018 1630 τοῦτο
3071 1586 3099 1627 5

520 1670 585 1730 τὸ
631 1669 1123 1750 συγγινώσκεσθαι
1170 1668 1276 1751 μὲν
1321 1667 1513 1735 ἀξίους
1554 1666 1702 1730 εἶναι
1748 1668 1882 1735 τοὺς
1949 1668 2235 1736 ἀκουσίως
2278 1666 2536 1731 τοιοῦτόν
2581 1691 2634 1731 τι
2677 1669 3015 1751 πράξαντας,

518 1770 631 1855 οὐχ
676 1775 755 1840 ὡς
800 1771 898 1833 ἐπὶ
940 1774 1027 1855 τῷ
1072 1769 1391 1855 γιγνομένῳ
1456 1771 1747 1853 πράγματι
1798 1776 1904 1854 τῆς
1956 1772 2253 1839 κολάσεως
2325 1770 2682 1854 ὁριζομένης,
2748 1771 2867 1834 ἀλλ’
2922 1773 3019 1836 ἐπὶ

422 1895 483 1943 15
522 1877 610 1959 τῷ
656 1873 853 1959 τρόπῳ
898 1878 1003 1957 τῆς
1048 1872 1312 1957 πράξεως
1332 1896 1347 1911 ·
1417 1872 1562 1956 ὅπερ
1627 1872 1763 1935 οὔτε
1827 1878 1946 1936 τῶν
1991 1872 2186 1935 ἄλλων
2239 1896 2323 1941 τις
2373 1873 2506 1937 οὔτε
2563 1875 2755 1938 αὐτῶν
2799 1875 3016 1939 τούτων
3047 1893 3102 1935 ιο

520 1982 601 2047 ὥς
630 1978 699 2041 οὐ
728 1980 923 2045 καλῶς
952 1974 1091 2060 ἔχον
1121 1976 1388 2039 αἰτιᾶται.
1457 1976 1636 2039 καίτοι
1668 1977 1723 2037 τί
1746 1980 1866 2037 τῶν
1895 1974 1966 2038 δι’
2009 1974 2240 2058 ἄγνοιαν
2273 1975 2732 2060 [πραττομένων]
2763 1980 3018 2063 ἁμαρτα-

524 2080 737 2143 νόντων
783 2080 819 2163 ἢ
866 2080 963 2162 βίᾳ
1007 2079 1179 2162 ἧττον
1222 2077 1293 2139 ἂν
1325 2076 1439 2140 εἶεν
1472 2080 1814 2161 συγγνώμης
1845 2076 1990 2147 ἄξιοι
2019 2078 2128 2163 <οἱ>
2157 2080 2372 2149 εἰδότες
2418 2081 2520 2162 μὲν
2566 2080 2604 2143 ἃ
2649 2082 3016 2164 πράττουσιν,

517 2184 623 2247 οὐκ
667 2181 901 2269 ἔχοντες
946 2182 1011 2246 δὲ
1055 2182 1117 2245 ἐν
1162 2180 1359 2249 αὐτοῖς
1418 2182 1522 2264 τὴν
1567 2180 1831 2251 ἐξουσίαν
1886 2187 2010 2258 τοῦ,
2077 2182 2296 2246 τούτων
2341 2183 2538 2253 αὐτοῖς
2593 2189 3018 2269 περιεστώτων,
3048 2202 3102 2245 15

522 2286 561 2351 ἃ
604 2288 837 2355 πάντως
881 2286 1075 2354 αὐτοῖς
1119 2285 1218 2348 καὶ
1264 2284 1323 2353 ἐξ
1368 2284 1623 2368 ἀνάγκης
1668 2287 2032 2368 περιεστάναι
2077 2289 2184 2360 δεῖ,
2231 2286 2375 2349 ἄλλο
2419 2312 2472 2351 τι
2503 2287 2638 2371 παρ’
2679 2289 2716 2351 ἃ
2747 2290 3022 2372 πράττου-

415 2412 483 2458 20
522 2410 611 2454 σιν
655 2387 973 2475 (πράττειν)
1017 2394 1103 2473 τῷ
1150 2389 1253 2471 τὴν
1298 2388 1469 2471 φύσιν
1514 2388 1707 2451 αὐτῶν
1753 2388 1898 2451 εἶναι
1941 2390 2232 2473 τοιαύτην,
2288 2392 2384 2453 καὶ
2427 2390 2572 2453 εἶναι
2616 2392 2680 2455 τὸ
2724 2392 2871 2455 κατὰ
2915 2392 3018 2475 τὴν

521 2494 733 2558 οἰκείαν
764 2493 959 2561 αὐτοῖς
1003 2492 1173 2575 φύσιν
1220 2490 1435 2553 ἕκαστα
1480 2492 1746 2574 πράττειν
1794 2492 1878 2553 ὧν
1921 2494 2262 2575 πράττουσιν
2309 2492 2444 2555 καθ’
2501 2494 2876 2579 εἱμαρμένην,
2937 2498 3020 2562 ὥς

516 2600 633 2667 τοῖς
677 2596 907 2681 βαρέσιν
953 2595 1257 2679 ἀφεθεῖσιν
1302 2593 1528 2657 ἄνωθεν
1571 2595 1637 2657 τὸ
1681 2594 1966 2677 φέρεσθαι
2011 2597 2191 2669 κάτω,
2257 2597 2354 2659 καὶ
2407 2600 2526 2663 τοῖς
2570 2597 2902 2681 περιφερέσι
2947 2597 3012 2658 τὸ
3040 2613 3096 2655 2⁰

516 2699 663 2764 κατὰ
706 2704 809 2762 τοῦ
855 2702 1123 2781 πρανοῦς,
1170 2698 1221 2761 εἰ
1266 2696 1561 2780 ἀφεθεῖεν,
1606 2694 1709 2781 ἀφ’
1766 2698 1944 2761 αὑτοῦ
1991 2698 2306 2778 κινεῖσθαις
2375 2698 2574 2781 ὅμοιον
2619 2698 2727 2783 γὰρ
2757 2701 2823 2762 τὸ
2857 2696 3014 2782 [τοῦ]

512 2804 611 2865 τὸν
656 2803 830 2865 ἵππον
876 2803 1139 2871 κολάζειν
1184 2798 1397 2873 ἀξιοῦν,
1451 2798 1537 2862 ὅτι
1587 2802 1668 2883 μὴ
1716 2798 1871 2863 ἔστιν
1917 2799 2244 2884 ἄνθρωπος,
2303 2803 2396 2863 καὶ
2443 2806 2558 2863 τῶν
2605 2800 2799 2865 ἄλλων
2846 2798 3016 2884 ζῴων

410 2928 477 2975 25
517 2906 779 2979 ἕκαστον,
826 2904 911 2967 ὅτι
957 2905 1167 2987 ταύτης
1210 2909 1315 2987 τῆς
1358 2904 1541 2987 τύχης
1586 2904 1683 2965 καὶ
1728 2906 1811 2987 μὴ
1859 2904 2145 2988 βελτίονος
2199 2906 2583 2989 τετυχήκασίν
2629 2928 2796 2973 τινος.
2886 2903 3004 2966 ἀλλ’
3042 2920 3096 2961 25

518 3010 706 3077 οὐδεὶς
750 3008 1015 3091 Φάλαρις
1060 3007 1245 3075 οὕτως
1289 3005 1453 3089 ὠμός
1494 3030 1557 3069 τε
1604 3008 1698 3069 καὶ
1742 3006 2008 3092 ἀνόητος,
2057 3012 2138 3076 ῶς
2181 3008 2281 3070 ἐπί
2336 3032 2442 3071 τινι
2486 3012 2600 3070 τῶν
2646 3008 2831 3075 οὕτως
2874 3030 3015 3089 γινο-

518 3113 706 3197 μένων
753 3114 1017 3183 κολάζειν
1061 3112 1158 3173 τὸν
1202 3110 1542 3191 ποιήσαντα.
1634 3110 1726 3172 ἐπὶ
1794 3111 1937 3173 τίσιν
1983 3111 2082 3173 οὐν
2137 3114 2196 3173 αἱ
2253 3113 2521 3178 κολάσεις
2587 3109 2841 3192 εὔλογοι;
2909 3110 3016 3172 οὐκ

520 3213 611 3279 ἐπ’
669 3214 864 3282 ἄλλοις
906 3214 1068 3284 τισίν,
1115 3212 1153 3295 ἦ
1199 3212 1295 3275 ἐπὶ
1339 3216 1461 3279 τοῖς
1504 3212 1661 3295 παρὰ
1708 3213 1810 3295 τὴν
1857 3214 2050 3275 αὑτῶν
2085 3213 2396 3297 μοχθηρὰν
2425 3214 2642 3297 αἵρεσιν
2673 3212 3008 3296 γινομένοις.

1088 3399 1209 3409 η..-

414 3535 437 3586 l
480 3534 687 3605 ἔχοντας
722 3530 904 3587 αὐτοὺς
940 3528 1011 3582 13²
1253 3534 1361 3581 τῶν
1396 3532 1816 3599 προτρεπομένων
1854 3531 1969 3583 Cas.
2007 3528 2173 3581 Lond.
2210 3533 2274 3582 0:
2322 3532 2398 3598 τῷ
2435 3528 2822 3599 προτρεπομένῳ
2860 3528 3014 3579 Va¹²z
3062 3527 3122 3580 τὸ

408 3620 795 3692 προτρεπομένω
834 3622 877 3669 Ε
1091 3618 1211 3674 τοὺς
1258 3612 1381 3687 παρ’
1428 3616 1599 3670 αὐτῶν
1643 3617 1820 3688 λόγους
1866 3618 2028 3671 Lond.
2077 3618 2149 3669 O:
2213 3622 2318 3668 τῶν
2373 3613 2496 3688 παρ’
2547 3616 2715 3669 αὐτῶν
2765 3616 2944 3685 λόγους
2991 3618 3121 3669 Va¹z

407 3714 515 3761 τῶν
551 3704 673 3779 παρ’
712 3706 881 3762 αὐτοῖς
915 3704 1079 3773 λόγων
1116 3702 1172 3756 ⁸²
1384 3704 1415 3756 2
1454 3704 1527 3756 ὧν
1564 3704 1681 3757 add.
1720 3706 1833 3759 CaS.
1873 3706 2038 3758 Lond.
2066 3708 2111 3758 Ο
2325 3703 2492 3756 αὐτῶν
2533 3708 2605 3758 O:
2648 3708 2752 3755 τῶν
2791 3704 2910 3755 libri

410 3796 745 3860 σιωπώντων]
800 3796 1021 3863 primum
1070 3812 1115 3843 ω
1160 3808 1317 3859 supra
1362 3809 1493 3845 vers,
1545 3798 1587 3845 V
1859 3792 1892 3846 3
1930 3790 2226 3862 ἐπιπλῆττις
2260 3794 2311 3843 αἱ
2601 3793 2633 3843 4
2677 3790 2858 3854 πλείω]
2903 3790 3122 3843 fortasse

408 3885 671 3937 πλεῖστα
881 3881 913 3933 5
950 3879 1299 3953 κεχωλυμένοι
1333 3880 1385 3931 2¹
1602 3882 1633 3935 6
1670 3881 1885 3935 fortasse
1933 3884 2084 3933 τοῦτο
2119 3880 2238 3948 (μὴ)
2424 3881 2455 3932 9
2499 3879 2908 3950 συγχωρήσαιντο
2953 3878 3118 3931 Lond.

408 3978 482 4027 O:
522 3972 737 4025 fortasse
775 3968 1131 4041 συνεχώρησαν
1166 3972 1243 4037 τῷ
1518 3970 1573 4021 11
1637 3970 1715 4033 τε]
1752 3988 1799 4021 τι
1837 3968 1954 4021 Cas.
2237 3968 2474 4021 lacunam
2511 3968 2736 4021 indicavi
3019 3968 3112 4038 γὰρ

406 4060 759 4131 περιεστώτων
796 4062 841 4111 Ο
1143 4055 1330 4114 δίκαιος
1379 4071 1478 4109 om.
1528 4060 1577 4108 K
1845 4056 2106 4127 ἅνθρωποι
2151 4056 2332 4109 δίκαιοι
2382 4056 2546 4108 Lond.
2596 4058 2641 4109 Ο
2861 4055 2922 4106 12
2977 4072 3123 4107 πεπι-

408 4149 673 4218 στευμένος
721 4145 873 4200 Van:
931 4144 1336 4213 πεπιστευμένοις
1382 4148 1455 4196 H:
1512 4146 1888 4212 πεπιστευμένοι
1936 4145 2104 4197 Lond.
2143 4148 2189 4197 Ο
2241 4145 2393 4212 Casp.
2439 4144 2526 4195 Or.
2790 4144 2876 4195 καὶ
2927 4142 2985 4194 ίδ.
3033 4142 3119 4194 καὶ

407 4256 450 4288 ν.
490 4240 536 4291 O
798 4236 859 4286 14
912 4242 1015 4292 τοῖς
1052 4233 1333 4302 γινομένοις
1368 4233 1619 4303 πράγμασι
1654 4237 1745 4301 τῆς
1782 4232 1837 4284 a'
2088 4236 2439 4303 πραγματικῆς
2490 4228 2750 4287 κολάσεως
2785 4232 2836 4281 a¹

414 4342 477 4394 16
532 4340 591 4393 οὐ
634 4338 809 4397 καλῶς
854 4338 955 4391 ³¹²:
1014 4325 1283 4392 ουκαλλῶσ
1329 4337 1407 4389 sic
1447 4341 1507 4388 V:
1566 4336 1659 4389 οὒκ
1712 4335 1880 4393 ἄλλως
1917 4340 2013 4388 ΗΕ
2263 4336 2624 4405 πραττομένων
2671 4335 2858 4387 delevi:
2915 4334 3120 4387 ἀπατω-

407 4430 577 4497 μένων
614 4429 750 4480 coni.
788 4431 861 4481 O:
908 4430 1057 4491 (τῶν)
1094 4426 1453 4497 πραττομένων
1492 4425 1644 4492 Casp.
1686 4427 1730 4477 O
1943 4424 1998 4477 17
2047 4422 2080 4493 ἢ
2121 4423 2235 4475 CaS.
2275 4423 2440 4475 Lond.
2480 4426 2551 4475 O:
2596 4422 2630 4493 ἡ
2671 4426 2733 4474 V:
2781 4419 2815 4492 ἡ
2856 4426 2930 4475 H:
2977 4422 3024 4474 οἱ
3061 4424 3118 4474 in

406 4518 486 4569 lit.
524 4516 609 4568 13²:
647 4517 679 4586 ἡ
718 4515 811 4567 affl·
1054 4512 1321 4583 συγγώμης
1358 4516 1410 4565 a¹
1648 4511 1695 4564 οἱ
1742 4512 1922 4564 addidi
2139 4512 2200 4563 18
2235 4515 2326 4563 τοῦ
2363 4526 2463 4563 om.
2501 4508 2556 4562 8²
2767 4517 2938 4563 αυτοίσ
2973 4514 3022 4563 V

412 4605 475 4657 19
514 4608 749 4661 amota-V
928 4602 996 4655 20
1032 4603 1263 4673 πράττειν
1302 4602 1418 4653 add.
1441 4599 1556 4654 13²0
1583 4600 1695 4665 (sed
1733 4604 1852 4667 post
1888 4618 1936 4651 τι
1973 4616 2019 4650 v.
2052 4599 2134 4663 19)
2313 4598 2373 4651 21
2416 4600 2628 4651 ἕκαστον
2657 4601 2701 4651 O
2869 4598 2935 4650 22
2975 4600 3118 4670 βαρε·

406 4708 481 4745 σιν
520 4696 565 4745 V
746 4690 813 4743 23
848 4688 1017 4742 αὑτῶν
1054 4688 1125 4743 13²
1300 4693 1389 4741 τοῦ
1424 4688 1523 4741 del.
1563 4686 1633 4740 13²
1810 4686 1877 4739 25
1922 4685 2020 4751 ὅτι]
2059 4687 2129 4744 ὡς
2168 4692 2211 4741 Ο
2405 4686 2586 4758 τύχης]
2625 4686 2792 4759 ψυχῆς
2829 4686 2908 4737 2²:
2947 4686 3116 4759 ψύχης

402 4780 569 4833 Lond.
782 4796 908 4835 τινες
944 4781 989 4829 0
1204 4776 1267 4829 27
1313 4776 1371 4828 τὸ
1408 4774 1617 4828 κολάσαι
1654 4776 1699 4827 Ο
1917 4772 2104 4845 εύλογοι
2144 4774 2212 4827 εἰ
2250 4773 2453 4843 εὔλογον
2491 4775 2598 4827 Va¹
2807 4772 2903 4846 οὔχ
2940 4776 2985 4827 Ο

407 4868 475 4921 28
510 4868 543 4937 ἡ
582 4882 682 4920 om.
721 4866 802 4919 αι’
