3684 5567
535 273 661 338 236
1421 274 1600 330 ΑΛΕΞ
1611 272 1880 331 ΑΝΔΡΟΥ
1919 273 2373 332 ΑΦΡΟΔῙΣΙΕΩΣ

645 447 863 510 τούτων
911 449 1190 533 ἐχόντων,
1258 449 1523 531 κειμένου
1569 449 1634 512 δὲ
1678 451 1777 512 καὶ
1819 453 1921 513 τοῦ
1966 450 2033 514 τὸ
2079 449 2464 533 αὐξανόμενον
2526 451 2646 512 δεῖν
2690 449 3016 532 ὑπομένειν,
3086 447 3155 512 ἂν

647 549 750 630 μὲν
799 549 946 614 κατὰ
989 552 1096 634 τὴν
1143 551 1284 634 ὕλην
1329 575 1412 620 τις
1457 550 1600 634 λέγῃ
1645 551 1910 632 γίνεσθαι
1973 553 2079 636 τὴν
2124 559 2229 637 τῆς
2273 553 2487 636 σαρκὸς
2530 550 2785 636 αὔξησιν,
2854 553 3153 635 ἀναιρήσει

644 651 710 714 τὸ
757 653 822 715 τὸ
889 652 1205 737 αὐξόμενον
1271 655 1336 717 τὸ
1382 653 1524 717 αὐτὸ
1593 653 1929 737 σωζόμενον
1975 654 2104 719 κατ’
2161 655 2410 738 ἀριθμὸν
2476 653 2753 724 αὔξεσθαι
2818 653 2997 736 (αὐτὴ
3040 653 3151 736 γὰρ

645 752 856 818 ἄλλοτε
900 754 1100 838 ἄλλη),
1147 757 1201 818 εἰ
1243 756 1309 819 δέ
1354 779 1434 825 τις
1481 755 1627 819 κατὰ
1671 756 1738 819 τὸ
1784 755 1939 826 εἶδος
1982 757 2139 838 λέγοι
2182 759 2287 840 τὴν
2330 755 2567 841 αὔξησιν
2613 757 2893 839 γίνεσθαι,
2958 754 3149 820 οὐκέτι
3176 771 3234 813 ω

575 875 604 923 5
642 855 712 918 ἄν
759 860 790 922 ό
837 858 1004 941 λόγος
1051 859 1438 940 ἐμποδίζοιτο.
1528 861 1698 922 τοῦτο
1765 859 1877 942 γὰρ
1944 859 2238 944 ὑπομένει,
2302 865 2406 923 τοῦ
2472 861 2537 924 δὲ
2604 860 2991 942 ὑπομένοντος
3054 856 3146 941 ἧν.

644 961 914 1043 κειμένου
963 963 1028 1025 δὲ
1071 965 1174 1024 τοῦ
1219 961 1291 1023 τὰ
1335 961 1696 1045 αὐξανόμενα
1742 963 1890 1024 κατὰ
1934 963 1999 1025 τὸ
2045 961 2197 1032 εἶδος
2241 962 2541 1038 αὔξεσθαι,
2596 963 2691 1026 ἐπὶ
2734 961 2957 1030 τούτοις
2999 959 3153 1028 ἄξιον

646 1063 807 1137 ἰδεῖν,
854 1069 982 1133 πῶς
1013 1070 1116 1148 τῆς
1146 1069 1248 1128 τοῦ
1296 1063 1570 1133 αὔξοντος
1613 1064 1761 1127 αὐτὰ
1805 1065 2204 1149 προσκρίσεως
2247 1065 2446 1134 αὐτοῖς
2486 1064 2789 1148 γινομένης
2840 1061 3089 1132 αὔξεται.
3140 1060 3146 1142 ξ

648 1166 700 1227 εἰ
747 1167 851 1246 μὲν
897 1165 998 1229 οὖν
1043 1167 1192 1230 κατὰ
1235 1169 1342 1250 τὴν
1389 1168 1529 1250 ὕλην
1575 1169 1614 1250 ἡ
1663 1165 1903 1251 αὔξησίς
1946 1192 2011 1231 τε
2056 1170 2151 1232 καὶ
2196 1171 2233 1252 ἡ
2282 1168 2617 1252 πρόσκρισις
2660 1167 2897 1248 ἐγίνετο,
2951 1165 3116 1247 ἀναγ-
3162 1168 3255 1227 621

645 1272 808 1331 καῖον
855 1267 924 1331 ἂν
969 1267 1043 1352 ἧν
1088 1269 1273 1350 λέγειν
1319 1274 1404 1352 τῷ
1453 1269 1602 1332 κατὰ
1647 1273 1760 1332 πᾶν
1808 1270 2011 1354 μόριον
2055 1269 2333 1340 αὔξεσθαι
2377 1271 2449 1334 τὰ
2502 1269 2865 1353 αὐξανόμενα
2914 1267 3154 1350 λέγοντι,

549 1391 607 1436 ιο
645 1369 792 1433 κατὰ
837 1375 1027 1434 πᾶσαν
1071 1372 1177 1454 τὴν
1225 1372 1366 1455 ὅλην
1410 1371 1683 1454 γενέσθαι
1729 1374 1834 1456 τὴν
1880 1373 2224 1456 προσθήκην
2269 1375 2373 1457 τὴν
2421 1372 2538 1435 ἀπὸ
2584 1377 2690 1455 τῆς
2734 1375 2971 1454 τροφῆς,
3026 1371 3153 1454 ἥτις

647 1473 753 1536 οὐκ
819 1472 1014 1542 ἄλλως
1089 1473 1326 1537 ἐδύνατο
1393 1473 1656 1555 γίνεσθαι
1735 1475 1871 1558 (τῆς
1934 1498 2003 1556 γε
2069 1475 2211 1558 ὕλης
2274 1478 2380 1557 τῆς
2445 1473 2629 1557 αὐτῆς
2698 1473 3158 1556 ὑπομενούσης),
3212 1487 3241 1528 ⁸

645 1576 737 1660 <ῆ>
784 1578 1054 1658 σώματος
1099 1581 1430 1661 χωροῦντος
1473 1577 1568 1639 διὰ
1614 1579 1905 1660 σώματος,
1950 1575 2015 1639 εἴ
2048 1601 2115 1660 γε
2158 1581 2332 1659 σῶμα
2376 1577 2415 1658 ἠ
2460 1575 2673 1658 τροφή·
2726 1575 2854 1637 ἐπεὶ
2898 1576 2963 1638 δὲ
3006 1574 3155 1637 κατὰ

645 1679 711 1742 τὸ
785 1677 939 1748 εἶδος
1010 1680 1050 1761 ἡ
1123 1677 1390 1762 αὔξησις,
1465 1677 1660 1742 οὐκέτι
1733 1680 2074 1761 ἀναγκαῖον,
2158 1681 2213 1742 εἰ
2284 1680 2383 1742 καὶ
2457 1677 2604 1741 κατὰ
2678 1681 2792 1740 πᾶν
2864 1679 2931 1741 τὸ
3004 1676 3158 1746 εἶδος

644 1780 892 1856 αὔξεται,
958 1785 1128 1843 τοῦτο
1173 1781 1431 1862 γίνεσθαι
1477 1783 1749 1863 σώματος
1794 1787 2127 1866 χωροῦντος
2194 1780 2289 1844 διὰ
2335 1784 2625 1863 σώματος.
2718 1781 2857 1844 οὐδὲ
2898 1779 3009 1864 γὰρ
3053 1781 3158 1863 τὴν

547 1905 606 1951 15
647 1885 839 1968 ἀρχὴν
886 1884 1265 1967 προϋπάρχον
1312 1883 1609 1965 ὑπομένει,
1654 1883 1810 1947 ὥστε
1854 1883 2115 1966 γίνεσθαι
2170 1888 2255 1968 τῷ
2303 1881 2526 1952 αὔξοντι
2574 1885 2801 1964 σώματι
2846 1880 2920 1944 δι’
2975 1881 3155 1945 αὐτοῦ
3187 1899 3246 1940 ιο

647 1989 752 2069 τὴν
800 1985 956 2061 ὁδόν,
1023 1986 1173 2048 ἀλλὰ
1217 1986 1429 2068 γίνεται
1477 1986 1581 2068 μὲν
1627 1988 1665 2069 ἡ
1713 1987 1899 2070 τροφὴ
1944 1992 2049 2071 τῆς
2104 1987 2318 2071 σαρκὸς
2374 1986 2503 2068 ὕλη,
2573 1985 3035 2070 προσκρινομένη
3095 1987 3161 2048 δὲ

649 2089 796 2153 κατὰ
842 2089 991 2173 μέρη
1036 2089 1160 2151 τινὰ
1205 2092 1280 2171 τῇ
1329 2093 1435 2172 τῆς
1480 2089 1977 2174 προϋπαρχούσης
2023 2087 2129 2164 ἔτι,
2178 2090 2465 2172 μενούσης
2508 2091 2575 2152 δὲ
2618 2089 2713 2152 καὶ
2756 2089 2823 2151 τὸ
2867 2087 3020 2158 εἶδος
3063 2111 3161 2171 φε-

651 2192 886 2275 ρούσης,
953 2192 1010 2253 εἰ
1055 2191 1158 2273 μὲν
1203 2190 1296 2273 εἴη
1343 2190 1601 2254 ἐλάττων
1646 2191 1684 2273 ἢ
1733 2191 1829 2276 ἰ’ση
1876 2197 1983 2276 τῆς
2026 2192 2447 2275 ἀπορρεούσης,
2516 2193 2693 2263 σώζει
2738 2189 2807 2253 οὐ
2854 2187 3029 2273 μόνον
3074 2188 3160 2262 τό,

646 2291 698 2378 ᾦ
748 2294 1170 2378 προσκρίνεται,
1239 2291 1536 2376 τρέφουσα
1600 2291 1744 2355 αὐτὸ
1809 2295 1906 2356 καὶ
1978 2293 2291 2357 κωλύουσα
2357 2297 2471 2356 πᾶν
2518 2293 2914 2378 διαφθαρῆναί
2956 2316 3020 2354 τε
3064 2295 3160 2356 καὶ
3190 2308 3245 2351 ιε

541 2417 608 2464 20
647 2397 946 2481 φθαρῆναι
991 2396 1085 2459 διὰ
1129 2397 1235 2479 τὴν
1282 2401 1502 2480 συνεχῆ
1549 2395 1730 2479 ῥύσιν,
1777 2395 1915 2458 ὅταν
1960 2397 2026 2459 δὲ
2070 2397 2284 2460 πλείων
2328 2397 2367 2478 ἡ
2414 2395 2527 2458 ὑπὸ
2570 2401 2677 2479 τῆς
2704 2395 3025 2480 θρεπτικῆς
3066 2397 3161 2458 δυ-

647 2502 878 2583 νάμεως
924 2498 1390 2582 κατεργαζομένη
1437 2520 1498 2560 τε
1544 2499 1640 2562 καὶ
1688 2499 2145 2583 προσκρινομένη
2216 2499 2325 2582 ἱῖλη
2370 2504 2481 2582 τῆς
2522 2497 3054 2580 ἑπαναλισκομένης
3098 2521 3161 2560 τε

645 2605 741 2667 καὶ
785 2601 1206 2686 ἀπορρεούσης,
1253 2601 1384 2664 τότε
1430 2601 1572 2684 πρὸς
1616 2606 1701 2686 τῷ
1751 2601 2070 2685 τρέφεσθαι
2114 2603 2179 2665 τὸ
2214 2601 2595 2683 ὑποκείμενον
2628 2601 2724 2663 καὶ
2756 2598 3008 2675 αὔξεται,
3056 2605 3161 2683 τῆς

650 2707 752 2789 μὲν
799 2705 997 2772 οὐσίας
1063 2707 1164 2766 τοῦ
1211 2706 1501 2776 σώζοντος
1567 2704 1648 2772 εἰς
1693 2705 1757 2766 τὸ
1804 2703 1955 2767 εἶναί
1996 2726 2060 2766 τε
2106 2705 2201 2766 καὶ
2272 2703 2568 2776 σώζεσθαι
2635 2703 3019 2786 συντελούσης
3072 2708 3157 2786 τῷ

649 2808 1010 2892 τρεφομένῳ,
1069 2811 1172 2889 τῆς
1217 2807 1284 2869 δὲ
1328 2804 1652 2889 ποσότητος
1716 2807 1798 2874 εἰς
1841 2803 2080 2890 αὔξησίν
2126 2830 2189 2868 τε
2232 2807 2329 2869 καὶ
2378 2805 2644 2888 μέγεθος.
2733 2807 2822 2869 διὸ
2866 2804 3005 2869 ὅταν
3052 2806 3156 2888 μὲν

541 2933 607 2980 25
647 2913 854 2995 ἐνεργῇ
902 2911 1053 2973 καθὸ
1097 2909 1306 2992 τροφή,
1374 2907 1505 2971 τότε
1552 2907 1726 2991 μόνον
1773 2912 1954 2980 σώζει
1994 2909 2061 2972 τὸ
2126 2907 2527 2992 ὑποκείμενον,
2593 2908 2732 2972 ὅταν
2802 2909 2868 2971 δὲ
2922 2909 3018 2971 καὶ
3078 2911 3161 2976 ὡς

650 3015 827 3095 ποσή,
897 3013 1038 3096 πρὸς
1080 3015 1166 3095 τῷ
1215 3013 1420 3082 σώζειν
1468 3012 1564 3073 καὶ
1631 3010 1913 3080 συναύξει.
2006 3011 2145 3094 [μὴ]
2206 3012 2392 3094 πάντη
2462 3011 2527 3073 δὲ
2594 3015 2698 3095 τῆς
2766 3011 3162 3095 προσκρίσεως
3186 3026 3244 3068 ω

645 3115 968 3200 γινομένης,
1037 3111 1266 3183 αὔξεται
1313 3114 1563 3188 πάντως,
1632 3112 1720 3174 ὅτι
1764 3118 1870 3196 τῆς
1914 3113 2235 3196 θρεπτικῆς
2280 3115 2585 3194 δυνάμεως
2650 3118 2754 3196 τῆς
2812 3112 3161 3197 ἀλλοιούσης

647 3243 711 3281 τε
755 3218 860 3302 τὴν
913 3217 1134 3301 τροφὴν
1191 3216 1286 3278 καὶ
1355 3214 1731 3297 ἐξομοιούσης
1797 3215 1895 3278 καὶ
1962 3215 2419 3300 προσκρινούσης
2472 3221 2559 3300 τῷ
2618 3216 2959 3301 τρεφομένῳ
3014 3215 3157 3278 ἴδιον

650 3323 846 3404 ὥσπερ
893 3321 957 3382 τὸ
1007 3321 1216 3389 σώζειν
1260 3318 1326 3380 τὸ
1373 3315 1471 3378 ὑπ’
1526 3315 1706 3380 αὐτοῦ
1750 3315 2126 3401 τρεφόμενον,
2194 3317 2349 3381 οὕτω
2394 3319 2459 3381 δὲ
2503 3319 2600 3381 καὶ
2668 3319 2816 3398 μετὰ
2858 3322 2963 3380 τοῦ
3008 3318 3151 3380 ἰδίου

539 3446 608 3493 30
645 3425 788 3489 αὐτὸ
835 3426 1030 3507 τηρεῖν
1077 3421 1406 3505 σχήματος·
1455 3421 1674 3502 μᾶλλον
1721 3421 1786 3482 δὲ
1830 3419 2033 3482 ἕπεται
2078 3421 2173 3484 καὶ
2219 3421 2408 3504 τούτῳ
2454 3422 2520 3484 τὸ
2561 3422 2787 3493 σώζειν.
2866 3419 2997 3484 τότε
3042 3419 3151 3502 γὰρ

651 3527 862 3610 κυρίως
907 3523 1160 3595 σώζεταί
1197 3545 1269 3596 τι,
1317 3522 1454 3585 ὅταν
1499 3525 1748 3606 τηρῆται
1795 3521 1943 3602 μετὰ
1987 3524 2198 3592 παντὸς
2240 3528 2345 3586 τοῦ
2389 3523 2538 3587 κατὰ
2576 3522 2747 3607 φύσιν
2794 3523 3155 3608 ὑπάρχοντος
3180 3538 3237 3580 2⁵

648 3631 829 3714 αὐτῷ,
877 3629 958 3690 ὧν
1003 3627 1125 3690 ἐστι
1171 3627 1266 3688 καὶ
1311 3625 1377 3688 τὸ
1425 3629 1648 3709 σχῆμα.
1727 3629 1841 3687 πᾶν
1889 3625 1995 3708 γὰρ
2040 3622 2306 3710 ἔμψυχον
2349 3624 2491 3688 αὐτό
2535 3649 2599 3689 τε
2646 3628 2795 3710 μετά
2838 3629 2988 3693 τινός
3032 3625 3155 3688 ἐστι

648 3733 862 3794 οἰκείου
931 3729 1234 3814 σχήματος
1288 3727 1384 3790 καὶ
1428 3731 1546 3789 τῶν
1603 3725 1610 3810 Ι
1661 3731 1855 3812 μερῶν
1902 3727 2145 3790 ἕκαστον
2200 3726 2398 3801 αὐτοῦ’,
2468 3727 2501 3790 ὃ
2568 3729 2926 3813 φυλάσσεται
2980 3727 3111 3791 τότε
3160 3735 3265 3791 622

648 3839 875 3919 σχῆμα,
923 3831 1060 3895 ὅταν
1107 3828 1591 3915 προσκρινόμενον
1637 3830 1705 3895 ἐκ
1749 3837 1856 3914 τῆς
1898 3835 2119 3914 τροφῆς
2164 3830 2246 3913 μὴ
2294 3831 2445 3914 μένῃ
2490 3831 2594 3914 τὴν
2642 3830 2794 3893 καθὸ
2826 3831 3155 3916 προσετέθη

541 4169 573 4222 2
611 4170 702 4237 μὲν
741 4183 842 4220 om.
881 4171 958 4221 Ra
1187 4163 1306 4235 λέγῃ
1347 4181 1474 4218 corr.
1514 4182 1579 4218 ex
1616 4163 1746 4232 λέγει
1783 4167 1854 4217 A'
2096 4165 2127 4216 3
2164 4164 2223 4216 τὸ
2259 4163 2317 4217 τὸ
2354 4167 2594 4218 ACPSs:
2630 4163 2688 4216 τὸ
2724 4167 2815 4218 RB
3055 4165 3263 4227 αὐξανό-

542 4275 692 4325 μενον
739 4259 817 4309 Ra
1029 4254 1088 4306 τὸ
1134 4252 1192 4305 τὸ
1239 4251 1362 4305 αὐτὸ
1403 4259 1448 4304 Α
1701 4255 1732 4304 4
1781 4252 1838 4304 τὸ
1886 4270 1985 4306 om.
2030 4254 2105 4304 Ra
2356 4251 2384 4302 7
2432 4252 2623 4321 αὐτοῖς]
2676 4269 2803 4306 corr.
2854 4253 2911 4306 in
2958 4254 3141 4312 αὐτοὺς
3186 4257 3261 4307 B:

539 4344 669 4398 αὐτὰ
709 4343 870 4396 Ideler
1067 4343 1098 4393 9
1134 4344 1208 4410 τῷ
1253 4341 1428 4408 Apelt:
1485 4341 1542 4392 τὸ
1583 4341 1698 4393 libri
1922 4343 1973 4393 ll
2032 4345 2123 4409 τῆς
2160 4340 2317 4411 αὐτῆς
2352 4339 2473 4410 ὕλης
2512 4343 2589 4393 Ra
2796 4341 2858 4392 12
2913 4339 2993 4410 (ἢ)
3028 4341 3261 4408 σώματος

541 4433 704 4485 Ideler
925 4430 983 4483 13
1033 4431 1076 4483 εἰ
1121 4429 1209 4481 καὶ
1247 4429 1430 4481 Ideler:
1488 4429 1611 4482 εἶναι
1657 4429 1803 4481 libri:
1870 4445 1968 4481 om.
2010 4451 2041 4482 a
2088 4444 2205 4481 cum
2244 4429 2438 4479 indicio
2474 4427 2695 4481 lacunae
2912 4427 2972 4478 17
3030 4427 3119 4498 τῇ]
3170 4431 3261 4496 τῆς

540 4519 721 4590 σαρκός
765 4517 928 4570 Ιᾶο1ει·
1181 4515 1244 4568 18
1299 4515 1447 4576 σώζει
1487 4517 1672 4570 Melet:
1731 4516 1911 4576 σώζειν
1954 4517 2075 4569 libri
2371 4515 2437 4566 22
2496 4515 2814 4587 ἐπιρρεούσης
2852 4531 2883 4566 ι
3060 4513 3259 4582 πρὸς-

540 4607 652 4658 τότε
689 4605 797 4670 (25)
835 4621 933 4655 om.
975 4605 1133 4656 {delet-
1311 4603 1377 4654 26
1418 4603 1546 4671 ποσή
1580 4603 1721 4654 MR:
1761 4605 1903 4656 πόσει
1930 4603 2027 4655 A¹2
2064 4619 2175 4655 ποσ.
2204 4606 2315 4654 BC:
2356 4618 2453 4655 ποσ
2490 4607 2598 4656 PS:
2638 4603 2767 4672 πόση
2806 4622 2839 4654 ιι
3014 4601 3073 4652 τὸ
3110 4604 3191 4654 Ra

541 4689 793 4750 συναύξειν
834 4691 994 4743 ldeler
1207 4690 1276 4759 μὴ
1321 4690 1419 4742 del.
1463 4689 1626 4741 ldeler
1839 4689 1905 4740 27
1946 4693 2145 4748 πάντως
2186 4695 2255 4742 A:
2312 4691 2475 4760 πάντη
2515 4693 2719 4743 BCPS:
2768 4691 2931 4740 πάντα
2972 4691 3049 4741 Rs

472 4855 480 4864 ·
542 4781 608 4832 29
655 4779 743 4830 alt.
791 4777 849 4829 τὸ
895 4794 994 4829 om.
1047 4779 1206 4830 [delet
1445 4775 1511 4828 34
1559 4777 1778 4830 fortasse
1823 4775 1946 4829 ὅταν
1990 4777 2089 4839 (τὸ
2142 4777 2265 4840 ἀεὶ>
2500 4777 2561 4829 ἐκ
2610 4791 2709 4828 om.
2758 4777 2914 4842 Apelt
3124 4775 3259 4846 μένει

539 4873 618 4921 Ra
831 4863 1118 4934 προσετάθη
1159 4869 1236 4916 Rs
