3684 5567
468 241 553 305 68
1440 234 1748 293 Anor‘mN
1786 234 1910 291 κΑι
1949 232 2216 291 Amnon

736 408 891 475 Ἀλλ’
948 410 1111 474 οὔτοί
1150 434 1235 493 γε,
1282 408 1420 495 ἔφη,
1464 411 1564 474 καὶ
1609 408 1771 471 πᾶσά
1814 431 1878 491 γε
1909 410 1948 491 ἠ
1979 412 2178 471 τοῦτον
2223 408 2321 470 τὸν
2367 406 2579 490 τρόπον
2623 405 2896 490 γινομένη
2943 404 3078 488 πρό·

572 537 699 577 νοια
744 514 933 597 ὀλίγον
978 538 1031 577 τι
1076 514 1335 599 διαφέρει
1390 518 1495 597 τῆς
1545 512 1849 595 γινομένης
1901 511 2352 595 προηγουμένως
2405 534 2470 573 τε
2522 511 2620 574 καὶ
2673 509 2811 573 καθ’
2865 510 3076 593 αὑτήν·

572 622 689 679 τῶν
732 618 839 701 γὰρ
882 617 1077 681 ἄλλων
1122 617 1437 701 γινομένων
1482 616 1699 697 ὁμοίως
1755 615 1787 677 ὁ
1836 616 2054 684 σκοπὸς
2099 614 2544 698 μετατιθέμενος
2603 613 2778 697 μόνος
2823 618 2928 697 τῆς
2969 636 3078 675 τοι·
3107 628 3161 671 ιο

574 720 755 805 αότης
798 723 1065 805 προνοίας
1110 720 1199 805 [ό]
1248 723 1391 805 πρὸς
1434 722 1538 803 τὴν
1582 716 1717 781 καθ’
1775 718 1919 781 αὐτὸ
1965 722 2124 781 ποιεῖ
2161 720 2266 801 τὴν
2313 720 2612 801 διαφοράν.

502 862 533 909 5
742 838 816 904 Τι’
858 839 945 920 δ’,
991 840 1127 925 οὐχὶ
1174 842 1271 904 καὶ
1304 841 1337 903 ὁ
1382 838 1589 921 λέγων,
1636 836 1805 922 ἔφην,
1851 842 1936 921 τῷ
1985 838 2087 919 μὲν
2133 835 2270 900 καθ’
2311 837 2456 899 αὑτὸ
2499 836 2754 919 γίνεσθαι
2797 837 2902 919 τὴν
2947 835 3080 920 πρό·

572 969 747 1019 νοιαν,
794 949 881 1029 τῷ
930 946 995 1007 δὲ
1038 945 1185 1007 κατὰ
1234 942 1619 1028 συμβεβηκός,
1666 938 1803 1003 καθ’
1855 940 1998 1003 αὑτὸ
2041 940 2145 1023 μὲν
2189 946 2306 1002 τῶν
2351 939 2634 1011 καθόλου,
2679 940 2828 1003 κατὰ
2871 941 3080 1023 συμβε-
3107 956 3160 998 ιε

573 1050 753 1133 βηκὸς
794 1049 860 1111 δὲ
905 1052 1019 1111 τῶν
1066 1046 1163 1110 ὑπ’
1218 1047 1397 1123 αὐτά,
1442 1046 1619 1109 ἄλλον
1664 1044 1787 1107 τινὰ
1832 1044 2046 1127 τρόπον
2093 1044 2359 1127 προνοίας
2402 1043 2556 1127 λέγει
2601 1042 2760 1127 παρὰ
2805 1042 2936 1111 τοὺς
2980 1046 3076 1128 ῥη·

568 1152 776 1222 θέντας
820 1151 879 1219 ἐξ
922 1151 1145 1236 ἀρχῆς

740 1271 878 1340 Πῶς
918 1273 1057 1354 γάρ,
1112 1269 1298 1345 εἶπεν,
1352 1268 1459 1333 οὐκ
1504 1267 1707 1347 ἄλλον,
1760 1266 1825 1331 εἴ
1859 1292 1924 1351 γε
1974 1268 2041 1331 τὸ
2086 1270 2277 1331 κοινὸν
2321 1268 2466 1331 ἄλλο
2513 1268 2615 1351 μὲν
2661 1268 2912 1330 ἑκάστου
2959 1272 3074 1329 τῶν

470 1396 531 1441 10
567 1374 666 1457 ὑφ’
724 1374 925 1448 ἑαυτό,
982 1376 1041 1437 ἐν
1086 1374 1311 1441 τούτοις
1356 1373 1463 1455 μὲν
1506 1374 1573 1435 τὸ
1620 1372 1681 1435 ἕν
1726 1396 1779 1435 τι
1830 1370 1980 1434 εἶναι
2025 1368 2195 1455 ἔχον,
2249 1372 2346 1434 καὶ
2401 1371 2494 1433 διὰ
2547 1375 2716 1435 τοῦτο
2761 1374 3072 1433 κοινωνοῦν
3097 1386 3156 1428 20

565 1502 691 1547 πως
731 1478 929 1545 αὐτοῖς
972 1482 1087 1539 τῶν
1134 1476 1218 1544 εἰς
1261 1475 1403 1538 αὐτὸ
1446 1475 1761 1558 γινομένων
1806 1476 2295 1559 προηγουμένως;

734 1596 919 1679 Κάγὼ
964 1598 1105 1679 πρὸς
1150 1594 1353 1657 αὐτόν·
1416 1596 1593 1677 δῆλον
1636 1596 1856 1669 τοίνυν,
1913 1594 2104 1669 εἶπον,
2159 1594 2226 1656 ἐκ
2271 1599 2386 1656 τῶν
2433 1596 2930 1679 ὡμολογημένων,
2985 1594 3072 1657 ὅτι

564 1700 701 1763 καθ’
770 1700 833 1763 ὃν
891 1699 961 1762 ἄν
1020 1722 1103 1767 τις
1154 1702 1270 1761 τῶν
1325 1698 1559 1779 ὕστερον
1622 1697 1919 1781 ῥηθέντων
1981 1697 2192 1780 τρόπον
2247 1699 2351 1781 τὴν
2415 1697 2686 1781 πρόνοιαν
2745 1699 3002 1781 γίνεσθαι
3061 1698 3156 1780 {3

564 1804 728 1888 λέγῃ,
775 1803 909 1867 οὔτε
938 1802 1391 1887 προηγουμένως
1435 1798 1567 1862 οὔτε
1612 1800 1761 1863 κατὰ
1804 1801 2172 1886 συμβεβηκὸς
2215 1800 2284 1863 ἂν
2329 1799 2510 1885 αὐτὴν
2554 1804 2814 1883 γίνεσθαι
2857 1804 3032 1887 λέγοι.
3083 1812 3176 1868 128

466 1944 527 1993 15
736 1924 925 2007 Δῆλον
970 1922 1077 2005 γὰρ
1124 1919 1223 1983 οὖν
1269 1918 1447 1983 εἶπεν.

732 2042 917 2107 Ἀλλὰ
961 2044 1107 2126 μήν,
1164 2036 1340 2125 ἔφην,
1394 2040 1597 2103 τούτου
1642 2040 1824 2123 δήλου
1869 2038 2168 2121 γεγονότος
2212 2043 2417 2124 δῆλον,
2474 2046 2556 2111 ῶς
2599 2042 2732 2106 οὔτε
2776 2044 2814 2127 ἡ
2862 2048 3064 2128 πρώτη
3120 2060 3149 2101 ε

563 2149 645 2215 εἰς
690 2146 760 2229 ἢν
807 2143 953 2229 ἔφης
998 2144 1223 2227 ἐρωτᾶν
1260 2167 1433 2217 τινας,
1480 2143 1845 2227 ἀποκρίσεως
1889 2143 2037 2215 ἀξία,
2085 2142 2221 2206 οὔθ’
2263 2147 2296 2208 ὁ
2344 2148 2490 2208 κατά
2535 2170 2658 2209 τινα
2687 2148 2907 2211 τούτων
2951 2155 3068 2211 τῶν

560 2250 790 2335 τρόπων
838 2249 941 2332 τὴν
973 2246 1243 2331 πρόνοιαν
1287 2246 1549 2329 γίνεσθαι
1596 2246 1781 2329 λέγων
1814 2248 2042 2330 ἀναιρεῖ
2081 2248 2186 2331 τὴν
2229 2246 2519 2332 πρόνοιαν,
2567 2254 2650 2318 ὡς
2693 2253 2856 2313 δοκεῖ
2883 2256 3066 2314 ποιεῖν

560 2356 591 2417 ὁ
638 2354 784 2416 κατὰ
830 2352 1203 2435 συμβεβηκὸς
1246 2350 1426 2433 αὐτὴν
1470 2350 1735 2432 γίνεσθαι
1780 2349 1986 2432 λέγων.
2063 2352 2128 2414 τὸ
2173 2352 2282 2435 γὰρ
2327 2353 2652 2436 ἀφεμένους
2697 2354 2914 2417 τούτων
2959 2358 3064 2418 τινὶ
3097 2372 3151 2414 ω

455 2479 523 2525 20
557 2462 675 2519 τῶν
720 2454 949 2540 τρόπων
996 2454 1328 2517 ἀνατιθέναι
1384 2455 1489 2536 τὴν
1536 2454 1602 2516 ἐκ
1646 2460 1762 2516 τῶν
1810 2454 1987 2517 θείων
2043 2460 2158 2517 τῶν
2204 2456 2265 2518 ἐν
2310 2457 2531 2538 γενέσει
2587 2480 2650 2519 τε
2695 2459 2790 2519 καὶ
2836 2460 3065 2544 θνητῶν

558 2560 826 2645 πρόνοιαν
874 2558 1005 2626 τοὺς
1048 2558 1223 2625 θεοὺς
1265 2556 1449 2639 λέγειν
1496 2558 1589 2619 διὰ
1644 2558 1749 2641 τὴν
1794 2562 1912 2618 τῶν
1957 2558 2190 2641 θνητῶν
2245 2561 2534 2643 σωτηρίαν
2579 2560 2682 2629 τὰς
2725 2562 2936 2632 οἰκείας
2981 2563 3064 2625 ἐν·

556 2664 778 2749 εργείας
822 2662 1069 2745 ἐνεργεῖν
1116 2664 1414 2728 παντελῶς
1458 2659 1759 2745 ἀλλότριον
1798 2662 1975 2724 θεῶν.
2055 2663 2456 2746 παραπλήσιον
2501 2664 2608 2747 γὰρ
2655 2670 2822 2727 τοῦτο
2867 2672 2950 2751 τῷ
2982 2666 3069 2730 λέ·
3097 2682 3150 2725 15

556 2788 710 2849 γοντι
754 2766 888 2835 τοὺς
934 2762 1277 2847 ἐλευθέρους
1320 2764 1415 2826 καὶ
1462 2762 1595 2831 τοὺς
1641 2762 1925 2833 δεσπότας
1969 2769 2084 2827 τῶν
2131 2766 2374 2828 οἰκετῶν
2419 2766 2566 2830 εἶναι
2609 2769 2780 2853 χάριν
2827 2772 2922 2832 καὶ
2967 2770 3068 2839 τὰς

560 2871 772 2938 οἰκείας
803 2868 1091 2953 ἐνεργείας
1136 2868 1309 2930 ἕνεκα
1353 2871 1456 2951 τῆς
1488 2866 1723 2930 ἐκείνων
1770 2872 2060 2951 σωτηρίας
2105 2891 2165 2929 τε
2211 2869 2308 2932 καὶ
2341 2868 2558 2939 τάξεως
2587 2870 2859 2955 ἐνεργεῖν,
2905 2871 3065 2957 εἴπερ

455 2996 520 3043 25
562 2972 838 3038 δεσπόται
883 2978 999 3035 τῶν
1030 2970 1223 3033 ἄλλων
1270 2971 1499 3033 πάντων
1542 2972 1595 3033 οἱ
1630 2970 1775 3034 θεοί.
1847 2972 1899 3033 εἰ
1942 2970 2051 3055 γὰρ
2097 2972 2156 3035 ἐν
2187 2976 2328 3035 πᾶσι
2375 2976 2712 3059 τιμιώτερον
2757 2980 2860 3039 τοῦ
2890 2976 3066 3039 ἄλλου

562 3080 731 3163 χάριν
780 3074 939 3144 ὄντος
984 3076 1053 3137 τὸ
1099 3072 1166 3136 οὔ
1212 3075 1383 3157 χάριν
1429 3072 1581 3136 ἐστίν
1627 3097 1698 3147 τι,
1746 3072 1908 3156 εἴγε
1953 3076 2290 3159 τιμιώτερον
2337 3078 2402 3139 τὸ
2447 3077 2610 3146 τέλος
2653 3084 2770 3140 τῶν
2817 3082 2927 3165 πρὸ
2971 3080 3066 3142 αὖ·
3093 3096 3152 3138 2⁰

561 3186 693 3251 τοῦ,
750 3178 910 3242 ἔσται
956 3176 1103 3240 κατὰ
1148 3178 1281 3244 τοὺς
1336 3176 1487 3238 οὕτω
1545 3176 1813 3257 λέγοντας
1860 3178 1891 3238 ὁ
1939 3178 2042 3261 μὲν
2089 3178 2317 3262 οἰκέτης
2367 3202 2428 3242 τε
2482 3182 2576 3244 καὶ
2623 3184 2826 3252 δοῦλος
2871 3189 3064 3264 τιμιώ-

567 3309 728 3367 τερος
774 3288 875 3345 τοῦ
916 3280 1219 3351 δεσπότου,
1266 3284 1383 3341 τῶν
1430 3280 1495 3341 δὲ
1540 3280 1714 3342 θείων
1760 3281 1831 3343 τὰ
1879 3280 2082 3364 θνητά.
2152 3282 2336 3343 καίτοι
2381 3306 2446 3363 γε
2490 3284 2584 3346 ἐπὶ
2633 3286 2736 3365 μὲν
2781 3292 2897 3350 τῶν
2943 3288 3066 3350 6013-

562 3392 679 3451 λων
725 3388 818 3449 καὶ
866 3389 979 3446 τῶν
1028 3386 1325 3445 δεσποτῶν
1380 3380 1532 3444 ἔστιν
1585 3383 1767 3445 εἰπεῖν
1823 3385 2108 3446 ἀντίδοσιν
2163 3384 2360 3452 αὐτοῖς
2413 3409 2536 3449 τινα
2591 3388 2878 3471 γίγνεσθαι
2925 3391 3057 3476 παρ’
3095 3407 3149 3449 25

459 3512 525 3559 :30
565 3494 837 3574 ἀλλήλων
895 3490 989 3549 διὰ
1042 3491 1157 3547 τῶν
1214 3486 1515 3569 ἐνεργειῶν
1572 3486 1641 3554 ἃς
1695 3486 2048 3569 ἐνεργοῦσιν·
2111 3488 2216 3555 τὰς
2269 3489 2373 3569 μὲν
2427 3490 2536 3573 γὰρ
2591 3496 2708 3554 τῶν
2769 3494 3064 3557 δεσποτῶν

564 3594 847 3678 ἐνεργείας
891 3596 997 3673 τῆς
1043 3592 1330 3672 σωτηρίας
1379 3586 1385 3673 Ι
1436 3594 1549 3653 τῶν
1595 3588 1817 3651 δούλων
1863 3590 2120 3673 γίνεσθαι
2165 3592 2359 3675 χάριν,
2407 3597 2694 3657 συντελεῖν
2739 3598 2908 3659 πάλιν
2953 3601 3036 3668 εἰς
3081 3606 3172 3662 129

562 3700 665 3781 τὴν
722 3702 837 3759 τῶν
891 3698 1186 3757 δεσποτῶν
1244 3694 1551 3777 σωτηρίαν.
1642 3693 1700 3754 ἐν
1756 3695 1864 3777 γὰρ
1920 3697 1997 3777 τῇ
2053 3700 2168 3756 τῶν
2213 3696 2435 3757 δούλων
2491 3696 2747 3782 ἐνεργείᾳ
2803 3702 2906 3784 τὴν
2950 3709 3066 3766 τῶν

564 3802 860 3863 δεσποτῶν
907 3798 1193 3881 σωτηρίαν
1240 3798 1489 3870 κεῖσθαι,
1536 3798 1619 3863 ὡς
1662 3795 1809 3858 εἶναι
1857 3796 2130 3881 ἑκάτερόν
2177 3822 2300 3867 πως
2341 3800 2616 3883 ἑκατέρου
2663 3803 2843 3879 τέλος,
2892 3807 2956 3868 τὸ
3002 3808 3066 3869 δὲ

561 3904 665 3987 τὴν
711 3908 827 3964 τῶν
876 3902 1030 3963 θεῶν
1078 3900 1366 3984 σωτηρίαν
1414 3899 1644 3963 δεῖσθαι
1691 3899 1875 3981 λέγειν
1932 3904 2037 3983 τῆς
2081 3906 2196 3963 τῶν
2243 3902 2474 3987 θνητῶν
2527 3904 2811 3989 ἐνεργείας
2854 3907 3068 3972 ἄτοπον
3121 3926 3150 3968 5

457 4026 521 4075 35
564 4005 631 4068 ἄν
679 4006 824 4067 εἶναι
870 4002 1052 4071 δόξειε
1096 4004 1473 4067 παντάπασιν.

738 4109 871 4177 [Ιῶς
914 4107 1022 4191 γὰρ
1070 4105 1203 4187 οὕκς

464 4424 483 4475 l
540 4420 679 4475 οὗτοί
724 4419 800 4489 γε]
858 4417 1005 4474 οὗτος
1042 4413 1147 4469 οὔτι
1192 4434 1245 4485 γε
1286 4416 1449 4467 Viet.:
1504 4415 1652 4473 οὗτός
1698 4434 1753 4485 γε
1790 4434 1846 4467 a:
1903 4416 2046 4475 οὗτος
2094 4417 2190 4487 ἔφη
2239 4418 2320 4470 vel
2364 4418 2501 4472 οὗτοι
2547 4420 2654 4475 οὔτι
2701 4424 2834 4475 coni.
2875 4424 2961 4491 Sp.

456 4512 487 4562 4
526 4509 553 4563 ὁ
592 4510 687 4561 del.
729 4510 989 4561 Schwartz
1223 4504 1253 4554 ἵ)
1292 4504 1418 4572 ἔφην
1460 4504 1593 4555 vict.
1631 4504 1744 4571 Sp.:
1804 4505 1901 4573 ἔφη
1943 4506 2190 4557 VFB¹S¹;
2245 4506 2340 4577 ἔφη
2380 4508 2508 4578 ἔφην
2545 4508 2710 4562 B²S²a
2920 4513 3020 4582 τῷ]
3070 4521 3172 4567 τῶν

456 4602 545 4665 Sp.
762 4597 791 4647 6
840 4593 937 4662 τῷ]
976 4598 1081 4644 τῶν
1120 4592 1207 4658 Sp.
1430 4592 1491 4643 10
1529 4591 1643 4661 μὲν]
1682 4594 1854 4659 μέντοι
1892 4595 2026 4645 vict.
2064 4594 2153 4661 Sp.
2191 4602 2326 4647 recte
2545 4596 2604 4649 13
2641 4598 2842 4669 τρόπων
2878 4618 2910 4651 a
2945 4602 3033 4669 Sp.

456 4684 672 4755 γίνεσθαι
710 4684 808 4735 del.
846 4682 933 4732 8²:
972 4696 1071 4731 om.
1110 4683 1154 4731 B
1376 4679 1435 4730 17
1492 4679 1593 4747 εἰς]
1649 4680 1890 4751 ἐρώτησις
1947 4682 2078 4733 coni.
2125 4682 2212 4750 Sp.
2273 4689 2408 4736 reete
2619 4686 2744 4757 ἔφης
2781 4690 2990 4756 scripsi:
3047 4689 3173 4761 ἔφην

458 4775 575 4824 libri
760 4771 820 4821 ¹3
858 4768 990 4836 λέῖω
1024 4786 1055 4818 ⁸
1234 4766 1299 4817 ‘22
1338 4766 1472 4819 θεῶν
1508 4767 1625 4834 Sp.:
1665 4766 1769 4837 θεῷ
1809 4770 1928 4821 libri
2142 4772 2200 4821 31
2245 4770 2488 4841 γίνεσθαι]
2526 4774 2742 4828 fortasse
2779 4778 3037 4844 γινομένας

457 4858 705 4911 συντελεῖν
753 4856 804 4909 δὲ
850 4856 995 4909 πάλιν
1037 4856 1169 4907 vict.
1384 4856 1450 4905 36
1488 4854 1583 4907 οὐκ
1619 4854 1831 4919 ἅτοπον;
1871 4858 2004 4911 coni.
2045 4858 2132 4923 Sp.
