3684 5567
1303 261 1591 321 ΒΙΒΛΙΟΝ
1631 261 1911 320 ΠΡΩΤΟΝ
1948 265 1997 330 4,
2024 265 2119 318 1.2
2982 261 3056 326 11

459 440 606 504 κατὰ
651 439 920 525 πρόνοιαν
963 441 1192 523 γίνεται,
1239 443 1365 508 πῶς
1403 437 1638 520 εὔλογον
1686 438 1832 501 κατὰ
1876 438 2146 522 πρόνοιάν
2188 460 2343 506 τινας
2388 437 2792 522 ἀντιπράσσειν
2840 439 2957 503 τοῖς
2982 450 3037 492 2⁶

462 547 658 614 καλῶς
701 543 1016 627 γινομένοις
1060 544 1158 607 καὶ
1201 543 1496 611 εὐτάκτως
1539 546 1660 611 τοῖς
1703 542 1852 606 κατὰ
1894 541 2197 626 πρόνοιαν;
2248 539 2253 626 Ι

629 645 703 711 Β.
784 645 1010 732 Ὀρθῶς
1051 646 1253 730 λέγεις.
2992 648 3059 704 26

626 751 686 815 2.
775 750 850 815 A.
943 749 1059 815 Καὶ
1111 751 1220 835 γὰρ
1275 751 1325 813 εἰ
1380 750 1688 833 ἀναγκαῖον
1753 751 1836 834 μὴ
1891 749 2161 832 γενέσθαι
2213 753 2391 812 ταῦτα
2444 754 2529 832 τῷ
2587 747 2955 812 κεκωλῦσθαι

387 873 418 920 5
453 853 726 934 γενέσθαι
769 855 836 918 οὐ
880 855 1112 938 γίνεται,
1155 858 1334 916 ταῦτα
1365 853 1501 916 οὐδὲ
1545 853 1758 916 δυνατὰ
1804 852 2095 935 γενέσθαι,
2139 851 2204 914 εἴ
2236 875 2301 935 γε
2347 853 2581 915 δυνατὸν
2612 849 2698 936 <ὃ>
2728 847 2849 912 οἷόν
2894 871 2956 910 τε

457 957 726 1039 γενέσθαι
773 959 1073 1022 ἀκώλυτον
1117 955 1252 1041 (ὅν).
3006 967 3035 1008 ⁵

629 1059 700 1125 B.
783 1059 1008 1147 Ὀρθῶς
1049 1061 1253 1143 λέγεις.

627 1162 702 1227 A.
773 1161 856 1228 “A
905 1162 1017 1247 ἄρα
1062 1164 1368 1244 ἀναγκαῖον
1415 1165 1497 1248 μὴ
1537 1162 1827 1246 γενέσθαι,
1874 1160 2032 1226 ταῦτ’
2076 1161 2182 1225 οὐκ
2227 1159 2351 1225 ἔστι
2394 1159 2612 1224 δυνατὰ
2654 1160 2949 1243 γενέσθαι·

458 1268 588 1350 περὶ
633 1269 714 1330 ὧν
759 1268 825 1329 δὲ
854 1266 976 1329 οἷόν
1021 1290 1082 1330 τε
1113 1265 1495 1351 προλέγοντας
1541 1269 1630 1330 ὅτι
1675 1267 1758 1350 μὴ
1803 1263 1967 1330 ἔσται
2012 1265 2344 1346 ἀληθεύειν,
2390 1269 2571 1328 ταῦτα
2600 1265 2822 1345 ἀνάγκη
2870 1263 2953 1346 μὴ

353 1389 422 1435 10
456 1369 744 1451 γενέσθαι.
789 1369 949 1452 εἴγε
993 1370 1124 1454 περὶ
1171 1371 1252 1432 ὦν
1299 1369 1592 1452 προλέγων
1638 1393 1720 1437 τις
1765 1373 1846 1437 ὡς
1890 1367 2184 1450 ἐσομένων
2230 1367 2531 1451 ἀληθεύει,
2579 1365 2736 1429 ταῦτ’
2790 1366 2953 1448 ἀναγ-
2982 1381 3037 1424 lo

453 1477 616 1536 καῖον
658 1473 942 1555 γενέσθαι.

622 1573 696 1639 Β.
787 1575 925 1644 Πῶς
969 1575 1078 1660 γὰρ
1125 1575 1350 1651 ἅλλωςς

621 1677 696 1742 A.
787 1679 928 1763 Περὶ
973 1680 1055 1742 ὧν
1101 1678 1224 1742 οἷόν
1269 1701 1331 1742 τε
1377 1677 1727 1762 προλέγοντα
1773 1679 1861 1741 ὅτι
1906 1678 1987 1761 μὴ
2038 1675 2198 1741 ἔσται
2242 1676 2580 1761 ἀληθεύειν,
2635 1674 2788 1739 ταῦτ’
2848 1674 2954 1738 οὐκ

453 1779 614 1844 ἔσται
658 1782 874 1845 δυνατὰ
919 1781 1207 1864 γενέσθαι.

349 1905 410 1954 15
623 1883 696 1949 Β.
793 1883 931 1954 Πῶς
974 1885 1080 1968 γὰρ
1130 1883 1198 1948 ἂν
1243 1882 1336 1968 εἴη
1368 1884 1581 1947 δυνατὰ
1625 1883 1916 1967 γενέσθαι,
1962 1886 2044 1947 ὧν
2090 1884 2160 1947 τὰ
2206 1885 2567 1968 ἀντικείμενα
2612 1883 2672 1954 ἐξ
2704 1885 2956 1969 ἀνάγκης
2982 1900 3035 1942 1⁵

449 1989 686 2071 γίνεταις

622 2089 694 2155 A.
779 2088 934 2155 Ἀλλ’
988 2093 1040 2153 εἰ
1093 2091 1221 2175 περὶ
1275 2091 1504 2152 πάντων
1561 2093 1675 2151 τῶν
1731 2089 1887 2173 παρὰ
1946 2090 2049 2172 τὴν
2104 2089 2459 2173 εἱμαρμένην
2514 2089 2633 2152 οἷόν
2696 2113 2759 2152 τε
2814 2112 2952 2174 προ-

452 2193 690 2276 λέγοντα
736 2195 822 2257 Zet
870 2194 950 2277 μὴ
997 2191 1158 2257 ἔσται
1205 2193 1536 2277 ἀληθεύειν,
1583 2193 1748 2254 οὐδὲν
1795 2196 1911 2254 τῶν
1958 2193 2115 2276 παρὰ
2158 2193 2262 2276 τὴν
2308 2192 2660 2278 εἱμαρμένην
2707 2194 2951 2256 δυνατὸν

451 2295 612 2361 ἔσται
655 2297 943 2379 γενέσθαι.
2981 2312 3039 2355 2⁰

339 2419 410 2466 20
625 2398 696 2464 Β.
779 2397 1006 2484 Ὀρθῶς
1047 2399 1248 2482 λέγεις.

620 2501 692 2566 Α.
775 2500 963 2567 Ἀλλὰ
1008 2503 1124 2585 μὴν
1170 2506 1266 2567 καὶ
1309 2503 1440 2587 περὶ
1485 2504 1567 2565 ὧν
1613 2500 1734 2565 οἶόν
1779 2526 1842 2565 τε
1882 2501 2234 2586 προλέγοντα
2280 2503 2367 2566 ὅτι
2413 2498 2575 2566 ἔσται
2621 2503 2952 2586 ἀληθεύειν,

452 2611 631 2671 ταῦτα
677 2607 897 2691 ἀνάγκη
940 2606 1236 2689 γενέσθαι·
1292 2605 1332 2668 ἃ
1376 2603 1428 2668 δ’
1485 2607 1706 2690 ἀνάγκη
1750 2605 2041 2688 γενέσθαι,
2086 2603 2247 2668 ταῦτ’
2304 2605 2419 2690 οὐχ
2462 2605 2584 2668 οἶόν
2630 2630 2693 2670 τε
2740 2608 2821 2690 μὴ
2869 2629 2955 2688 γε·

453 2710 672 2774 νέσθαι.
2984 2727 3038 2769 εἴ»

621 2809 695 2876 Β.
787 2810 874 2876 Οὐ
921 2811 1030 2896 γὰρ
1075 2811 1196 2874 οἷόν
1242 2835 1321 2875 τε.

335 2935 404 2984 25
623 2913 694 2978 A.
787 2913 930 2998 Περὶ
985 2916 1067 2978 ὧν
1122 2913 1244 2978 οἶόν
1299 2939 1360 2978 τε
1418 2916 1770 3000 προλέγοντα
1825 2917 1911 2979 ὅτι
1966 2915 2129 2981 ἔσται
2178 2914 2186 3002 Ι
2234 2917 2574 3002 ἀληθεύειν,
2628 2916 2788 2980 ταῦτ’
2845 2918 2957 3005 οὐχ
2994 2925 3060 2980 27

449 3018 572 3083 οἷόν
617 3041 680 3082 τε
726 3019 806 3100 μὴ
853 3016 1122 3100 γενέσθαι
1176 3021 1271 3082 καὶ
1319 3020 1448 3102 περὶ
1493 3020 1723 3082 πάντων
1776 3025 1890 3082 τῶν
1935 3021 2249 3101 γινομένων
2304 3021 2425 3084 οἷόν
2470 3045 2533 3084 τε
2576 3021 2957 3106 προλέγοντας

455 3121 543 3184 ὅτι
587 3119 747 3185 ἔσται
793 3121 1122 3204 ἀληθεύειν.

621 3222 692 3288 Β.
787 3223 924 3292 Πῶς
967 3224 1074 3307 γὰρ
1120 3223 1314 3294 ἄλλως
1359 3224 1659 3310 ἐνδέχεται
1703 3227 1915 3309 λέγειν;

622 3326 698 3391 A.
789 3324 977 3390 Οὐδὲν
1023 3333 1138 3389 τῶν
1185 3326 1320 3390 καθ’
1375 3329 1727 3412 εἱμαρμένην
1773 3328 2085 3412 γινομένων
2132 3330 2253 3392 οἷόν
2300 3353 2363 3392 τε
2409 3330 2491 3413 μὴ
2537 3329 2826 3411 γενέσθαι.
3009 3347 3038 3390 ⁵

334 3450 404 3499 3ο
621 3428 694 3494 Β.
779 3429 868 3495 Οὐ
913 3429 1022 3515 γὰρ
1068 3429 1189 3493 οἷόν
1235 3455 1315 3494 τε.

621 3532 694 3596 A.
778 3531 933 3597 Ἀλλ’
974 3534 1026 3596 εἰ
1071 3535 1310 3598 δυνατὸν
1357 3535 1460 3618 μὲν
1500 3533 1588 3619 <ὃ>
1630 3535 1752 3600 οἷόν
1798 3559 1862 3602 τε
1906 3539 2002 3600 καὶ
2049 3538 2133 3620 μὴ
2177 3537 2467 3619 γενέσθαι,
2514 3537 2683 3600 οὐδὲν
2729 3539 2794 3602 δὲ
2836 3543 2954 3601 τῶν

443 3635 586 3700 καθ’
637 3637 988 3722 εἱμαρμένην
1035 3637 1158 3700 οἶόν
1203 3660 1268 3700 τε
1312 3639 1407 3700 καὶ
1455 3640 1536 3721 μὴ
1584 3639 1876 3720 γενέσθαι,
1922 3641 2087 3703 οὐδὲν
2134 3639 2203 3702 ἂν
2249 3645 2363 3703 τῶν
2408 3639 2569 3704 καθ’·
2601 3641 2955 3728 εἱμαρμένην
2985 3660 3041 3702 ιο

440 3739 761 3823 γινομένων
807 3741 1044 3803 δυνατὸν
1076 3739 1188 3824 εἴη.
1259 3745 1371 3804 πᾶν
1416 3741 1526 3826 γὰρ
1571 3741 1693 3804 οἷόν
1738 3766 1801 3804 τε
1839 3741 1975 3806 καθ’
2019 3742 2117 3812 οὓς
2161 3745 2345 3806 πάντα
2389 3743 2461 3806 τὰ
2491 3743 2763 3828 γινόμενα
2807 3745 2943 3810 καθ’

337 3997 359 4049 1
405 4004 520 4055 πῶς
559 3997 913 4052 RB²SGFLa=
954 3996 1092 4056 ὅπως
1115 3999 1236 4051 VB¹
1420 3999 1574 4068 κατὰ]
1613 4001 1700 4052 καὶ
1736 4001 1800 4051 τὰ
1824 4003 1873 4052 R
2056 3999 2215 4069 τινας]
2253 4019 2341 4058 νας
2378 4003 2432 4054 in
2470 4001 2547 4054 lit.
2572 4007 2616 4054 V
2798 4002 2831 4055 3
2870 4001 3061 4075 ὀρθῶς]

331 4084 426 4155 ὅρα
471 4085 549 4138 ὡσ
574 4087 645 4136 V¹
671 4088 820 4149 (corr.
843 4085 934 4149 ν’)
1115 4087 1146 4138 4
1185 4085 1366 4155 ταῦτα]
1403 4105 1560 4138 ταυτα
1603 4092 1663 4138 V:
1703 4087 1924 4142 fortasse
1962 4087 1993 4138 ἃ
2031 4089 2093 4140 ef.
2136 4088 2168 4139 1.
2194 4105 2235 4140 c.
2263 4104 2313 4155 p.
2337 4089 2439 4142 625
2618 4090 2649 4143 5
2686 4109 2846 4143 ταυτα
2878 4093 2949 4142 V¹

331 4172 454 4225 οὐδὲ
493 4172 682 4225 δυνατὰ
704 4172 857 4226 FSB'2
873 4177 950 4225 La
975 4173 1089 4241 Sp.:
1130 4171 1241 4226 οὐδ’
1270 4173 1488 4226 ἀδύνατα
1515 4177 1716 4228 VB¹R2
1757 4175 1869 4227 οὐδὲ
1908 4175 2111 4227 δύναται
2138 4179 2183 4229 G
2386 4177 2413 4230 ὃ
2450 4179 2553 4231 οἶόν
2596 4197 2651 4232 τε
2674 4179 2746 4231 Β2
2786 4180 2918 4232 vict.
2944 4181 3063 4248 Sp.:

329 4261 436 4314 οἶόν
477 4279 532 4312 τε
575 4262 766 4313 VRB¹:
823 4259 906 4314 ὅτε
942 4264 1104 4315 FSLa
1305 4263 1336 4314 6
1374 4260 1430 4314 ὃν
1468 4263 1588 4316 add.
1627 4264 1696 4314 B²
1734 4264 1820 4331 Sp.
2036 4266 2067 4315 9
2105 4263 2411 4334 προλέγοντα
2450 4269 2587 4319 coni.
2624 4267 2712 4335 Sp.
2926 4267 3063 4321 ἔσται

327 4347 503 4402 13²S²a
527 4349 644 4417 Sp.:
684 4347 787 4401 ἔστι
819 4349 1104 4402 VB¹S¹RL
1288 4349 1350 4402 13
1387 4347 1522 4402 τοῦτ’
1548 4369 1580 4401 a
1746 4351 1807 4402 15
1848 4351 1919 4403 ὧν
1956 4347 2007 4402 δ’
2048 4353 2123 4402 vel
2165 4353 2259 4419 ἄρα
2297 4355 2431 4406 coni.
2452 4354 2538 4422 Sp.
2720 4354 2789 4407 20
2826 4353 3060 4426 ὀρθῶς-

330 4435 564 4507 γενέσθαι
601 4435 711 4501 (22)
758 4451 856 4488 om.
904 4437 950 4489 R
1129 4437 1195 4489 22
1253 4437 1479 4506 γίνεσθαι
1513 4442 1564 4489 V
1743 4437 1862 4510 οὐχ]
1901 4437 1959 4490 οὐ
1996 4441 2053 4490 in
2090 4440 2167 4491 lit.
2210 4444 2253 4490 V
2432 4441 2499 4493 24
2538 4442 2914 4511 οὺ-γενέσθαι
2950 4443 3063 4510 (26)

331 4540 436 4576 om.
486 4527 533 4576 R
763 4523 830 4576 25
885 4525 982 4596 ἄρα
1027 4525 1146 4577 add.
1196 4531 1312 4593 post
1369 4524 1442 4576 ὧν
1492 4543 1523 4576 a
1566 4525 1652 4592 Sp.
1868 4525 1933 4576 :26
1974 4525 2159 4579 οἴονται
2194 4529 2271 4580 sic
2310 4529 2379 4578 V¹
2428 4529 2581 4594 (corr.
2620 4529 2713 4595 V2)
2924 4549 3065 4600 γενο-

332 4613 506 4680 μένων
551 4629 584 4662 ιι
801 4611 1110 4682 προλέγοντα
1157 4614 1294 4665 coni.
1341 4613 1430 4681 Sp.
1636 4613 1700 4664 29
1758 4612 1901 4665 οὐδὲν
1940 4613 2034 4684 ἄρα
2071 4633 2104 4666 ιι
2302 4617 2583 4685 γενομένων
2622 4635 2655 4668 a
2849 4617 2911 4670 31
2974 4619 3065 4688 μὲν

332 4699 360 4751 ὃ
399 4701 540 4752 coni.
578 4699 694 4768 Sp.:
732 4700 802 4770 μὴ
837 4703 904 4753 R:
945 4705 1036 4768 μὲν
1074 4700 1194 4753 libri
1411 4700 1462 4752 δὲ
1499 4715 1599 4752 om.
1639 4705 1684 4754 R
1900 4701 1965 4754 32
2022 4701 2126 4754 οἶόν
2170 4721 2226 4754 τε
2248 4704 2633 4773 --εἱμαρμένην
2680 4719 2777 4755 om.
2814 4705 2862 4758 R

333 4786 406 4855 μὴ
454 4802 496 4838 s,
536 4801 583 4837 V.
622 4791 669 4838 V
909 4787 978 4840 33
1033 4787 1090 4838 ἂν
1139 4786 1214 4857 εἴη
1267 4791 1309 4840 L
1522 4788 1608 4846 οὒς
1647 4790 1877 4842 Vama:
1935 4789 2021 4847 οὒς
2058 4789 2109 4842 δὲ
2146 4791 2239 4843 Βέ
2296 4789 2355 4843 οὗ
2393 4793 2505 4843 LF:
2560 4791 2777 4846 fortasse
2813 4799 2912 4845 πᾶν
2948 4795 3061 4868 γάρ,

331 4873 421 4938 (εἰ)
460 4869 585 4926 καθ’
624 4873 710 4933 οὓς
923 4876 986 4927 τὰ
1023 4891 1125 4928 om.
1160 4879 1254 4930 BR
