3684 5567
1288 261 1448 319 ΠΕΡΙ
1487 261 1954 319 ΕΙΜΑΡΜΕΝΗΣ
1992 264 2197 318 36-37
2968 269 3088 333 211

499 437 795 508 ἀκώλυτος
851 437 949 501 καὶ
1000 438 1502 522 ἀπαρεμπόδιστος
1558 439 1596 522 ἡ
1651 443 1754 502 τοῦ
1805 437 2029 523 κόσμου
2083 437 2376 523 διοίκησις’
2430 437 2548 524 [ἐν]
2599 444 2684 525 τῷ
2731 438 2989 523 γίνεσθαι

497 541 569 604 τὰ
621 542 726 623 μὲν
770 540 831 611 ἐξ
875 541 1145 625 ἀνάγκης,
1211 541 1282 604 τὰ
1327 543 1391 604 δὲ
1434 540 1852 626 ἐνδεχομένως,
1919 542 2015 604 καὶ
2058 541 2277 604 τούτων
2344 541 2416 605 τὰ
2460 542 2563 626 μὲν
2609 541 2756 606 κατὰ
2800 534 2990 626 φύσιν,

496 642 568 706 τὰ
611 643 676 707 δὲ
719 645 866 708 κατὰ
910 643 1242 729 προαίρεσίν
1287 667 1349 706 τε
1394 644 1488 707 καὶ
1533 643 1720 727 λόγον,
1767 645 1838 708 τὰ
1883 644 1949 708 δὲ
1992 643 2128 708 καθ’
2170 645 2375 729 ὁρμήν,
2419 644 2493 708 τὰ
2537 643 2587 708 δ’
2643 645 2759 708 ἀπὸ
2803 644 2989 729 τύχης
3014 660 3072 702 ω

497 769 559 808 τε
588 747 686 808 καὶ
715 745 1077 830 αὐτομάτως.
1153 747 1469 830 ἀναιρεῖται
1515 747 1578 809 δὲ
1623 746 1810 810 πάντα
1853 746 1927 810 τὰ
1970 745 2119 810 ἄλλα
2151 747 2261 810 ὑπὸ
2292 753 2395 831 τῆς
2438 745 2809 832 εἱμαρμένης.
2884 745 2991 808 οὐκ

427 868 459 917 5
496 847 612 933 ἄρα
643 845 777 933 (οὐκ
808 848 902 934 ἂν)
939 849 1438 934 ἀπαρεμπόδιστος
1469 847 1605 912 οὐδὲ
1635 850 1934 918 ἀκώλυτος
1963 851 2001 934 ἡ
2045 854 2146 914 τοῦ
2185 849 2405 934 κόσμου
2444 852 2720 936 διοίκησις
2761 850 2940 933 μένοι.
2978 850 2986 930 Ι

497 950 616 1016 ἀλλ’
659 952 713 1014 εἰ
756 953 852 1015 καὶ
897 951 1311 1037 συγχωρηθείη
1355 953 1526 1016 τοῦτό
1573 975 1634 1015 τε
1678 953 1773 1016 καὶ
1818 954 1885 1015 τὸ
1930 951 2146 1035 κόσμος
2190 952 2338 1017 εἶναι
2383 954 2477 1016 καὶ
2521 953 2744 1036 κόσμου
2790 951 2953 1021 ὄντος
2998 957 3093 1014 120

498 1054 691 1131 θεούς,
736 1055 918 1119 καίτοι
963 1053 1089 1118 κατ’
1139 1051 1480 1138 Ἐπίκουρον
1525 1054 1692 1124 ἐκτὸς
1737 1053 1905 1124 ὄντας
1948 1054 2175 1130 αὐτούς,
2218 1057 2315 1120 καὶ
2361 1055 2491 1125 τοὺς
2529 1055 2703 1125 θεοὺς
2733 1055 2989 1139 ἀγαθοὺς

495 1157 658 1234 εἶναι,
722 1157 816 1243 εἴη
861 1158 927 1220 δὲ
971 1159 1067 1221 καὶ
1112 1159 1176 1220 τὸ
1223 1159 1433 1242 ἀρετὴν
1477 1157 1619 1220 εἶναι
1663 1163 1782 1227 τοῖς
1826 1159 1982 1228 θεοῖς
2027 1158 2330 1244 ἑπόμενον,
2397 1164 2525 1228 πῶς
2589 1164 2675 1244 τῷ
2722 1159 2825 1242 τὴν
2872 1163 2987 1221 τῶν
3044 1177 3072 1220 5

501 1263 659 1325 θεῶν
703 1261 916 1346 ἀρετὴν
989 1260 1134 1324 εἶναι
1179 1259 1363 1324 ἕποιτ’
1421 1260 1488 1323 ἂν
1533 1263 1598 1324 τὸ
1642 1261 1786 1326 εἶναι
1829 1261 2136 1347 φρόνησιν;
2207 1262 2293 1331 τίς
2356 1262 2465 1348 γὰρ
2518 1265 2559 1348 ἡ
2605 1267 2709 1347 τῆς
2752 1264 2991 1326 ἀκολου·

397 1385 464 1432 10
499 1365 632 1434 θίας
671 1364 886 1448 ταύτης
931 1364 1178 1447 ἀνάγκης
1226 1365 1278 1426 εἰ
1323 1364 1428 1446 μὲν
1473 1364 1579 1449 γὰρ
1625 1362 1697 1448 ἧν
1742 1365 2087 1450 εἰλημμένον
2146 1366 2211 1428 τὸ
2255 1365 2360 1448 τὴν
2406 1367 2734 1450 ἀνθρώπων
2780 1367 2989 1450 ἀρετὴν

497 1467 660 1543 εἶναι,
706 1463 886 1531 ἕποιτ’
942 1466 1012 1530 ἂν
1057 1466 1247 1551 τούτῳ
1294 1467 1387 1530 καὶ
1431 1468 1472 1550 ἡ
1517 1465 1812 1551 φρόνησις,
1860 1469 1985 1531 ἐπεὶ
2030 1465 2081 1531 δ’
2136 1468 2206 1531 ἐκ
2248 1471 2363 1532 τῶν
2408 1470 2689 1552 κειμένων
2720 1468 2987 1552 εἴληπται

497 1572 562 1634 τὸ
605 1571 710 1655 τὴν
753 1574 870 1633 τῶν
916 1570 1076 1633 θεῶν
1123 1570 1333 1654 ἀρετὴν
1378 1569 1543 1646 εἶναι,
1610 1575 1736 1640 πῶς
1802 1569 1871 1633 ἂν
1916 1567 2001 1633 ἔτι
2044 1570 2243 1634 ἕποιτο
2308 1576 2385 1655 τῇ
2432 1575 2547 1634 τῶν
2601 1573 2760 1636 θεῶν
2806 1573 2985 1657 ἀρετῇ
3018 1590 3073 1631 ιο

497 1673 794 1759 φρόνησις,
839 1674 1170 1758 ἀνθρώπων
1217 1671 1362 1737 οὖσα
1406 1672 1613 1756 ἀρετή;
1660 1672 1728 1736 οὐ
1772 1674 1881 1757 γὰρ
1926 1675 2027 1743 τὰς
2069 1673 2247 1744 αὐτὰς
2292 1675 2499 1759 ἀρετὰς
2544 1675 2666 1738 οἶόν
2710 1699 2773 1738 τε
2803 1675 2989 1758 λέγειν

499 1777 644 1841 εἶναι
687 1781 803 1840 τῶν
845 1799 909 1839 τε
953 1777 1283 1860 ἀνθρώπων
1329 1777 1424 1840 καὶ
1469 1780 1584 1838 τῶν
1629 1776 1804 1839 θεῶν.
1896 1775 2029 1840 οὔτε
2092 1777 2201 1862 γὰρ
2242 1776 2435 1847 ἄλλως
2498 1777 2717 1862 ἀληθὲς
2780 1779 2845 1842 τὸ
2890 1779 2993 1848 τὰς

395 1901 458 1950 15
495 1885 611 1943 τῶν
655 1884 926 1944 τοσοῦτον
971 1879 1242 1964 ἀλλήλων
1309 1879 1458 1942 κατὰ
1499 1879 1605 1963 τὴν
1650 1879 1820 1964 φύσιν
1867 1881 2193 1943 διεστώτων
2258 1881 2363 1950 τὰς
2407 1880 2587 1950 αὐτὰς
2630 1882 2993 1965 τελειότητάς

496 2008 558 2048 τε
603 1985 700 2047 καὶ
743 1981 955 2066 ἀρετὰς
997 1983 1200 2065 λέγειν,
1268 1980 1401 2045 οὔθ’
1455 1983 1509 2045 οἱ
1555 1983 1700 2067 πρὸς
1761 1981 1953 2045 αὐτῶν
2020 1983 2149 2068 περὶ
2218 1983 2411 2046 αὐτῶν
2474 1983 2777 2068 λεγόμενοι
2831 1982 2992 2067 λόγοι
3021 2001 3074 2043 ιτ»

497 2085 734 2168 εὔλογόν
779 2109 831 2148 τι
875 2085 937 2148 ἐν
982 2087 1178 2176 αὑτοῖς
1221 2081 1472 2170 ἔχουσιν.
1563 2085 1880 2168 ἀνθρώπου
1946 2087 2011 2148 δὲ
2052 2087 2091 2170 ἡ
2137 2085 2415 2171 φρόνησις
2466 2086 2667 2172 ἀρετή,
2732 2089 2772 2172 ἥ
2816 2087 2989 2162 ἐστιν,

493 2189 577 2256 ὥς
620 2209 812 2274 φασιν,
858 2189 1149 2275 ἐπιστήμη
1195 2187 1483 2272 ποιητέων
1529 2211 1590 2252 τε
1633 2190 1729 2252 καὶ
1775 2187 1842 2252 οὐ
1888 2188 2193 2272 ποιητέων.
2257 2188 2317 2252 ἐν
2348 2189 2434 2259 οἷς
2464 2188 2570 2274 γὰρ
2603 2189 2723 2254 οἷόν
2754 2214 2817 2254 τε
2846 2189 2986 2275 <μὴ>

497 2293 839 2378 πραχθῆναί
867 2317 919 2356 τι
952 2293 1048 2356 καὶ
1076 2297 1192 2355 τῶν
1237 2291 1543 2377 ποιητέων,
1591 2293 1650 2356 ἐν
1694 2292 1917 2361 τούτοις
1961 2293 2001 2375 ἡ
2048 2296 2162 2354 τῶν
2193 2292 2482 2377 ποιητέων
2529 2316 2590 2356 τε
2620 2295 2716 2357 καὶ
2760 2293 2829 2356 οὐ
2874 2317 2993 2356 ποι-

392 2415 462 2462 20
499 2394 686 2478 ητέων
729 2396 1022 2480 ἐπιστήμη
1066 2398 1272 2481 χώραν
1317 2393 1463 2480 ἔχει.
1549 2394 1697 2457 ἀλλὰ
1741 2396 1855 2478 μὴν
1900 2395 2129 2458 πάντων
2176 2394 2487 2479 γινομένων
2530 2393 2667 2460 καθ’
2721 2395 2995 2481 εἱμαρμέ·
3020 2413 3077 2456 ει)

497 2523 600 2583 νην
646 2497 941 2584 ἄχρηστος
981 2501 1022 2583 ἡ
1067 2503 1276 2582 γνῶσις
1322 2504 1438 2561 τῶν
1469 2497 1756 2583 ποιητέων
1799 2521 1865 2562 τε
1906 2500 2002 2562 καὶ
2049 2499 2153 2582 μή.
2232 2498 2291 2560 τί
2327 2497 2437 2581 γὰρ
2484 2495 2695 2583 ὄφελος
2738 2503 2842 2584 τῆς
2883 2521 2993 2563 τοι·

431 2637 438 2642 ·
501 2603 681 2687 αύτης
721 2605 992 2686 γνώσεως
1035 2606 1151 2670 τοῖς
1198 2601 1379 2686 μηδὲν
1423 2601 1506 2664 ὧν
1536 2603 1850 2686 πράττουσι
1879 2601 2244 2687 φυλάξασθαι
2288 2602 2649 2685 δυναμένοις;
2695 2603 2749 2666 εἰ
2778 2603 2843 2665 δὲ
2888 2626 2993 2687 μη-

495 2706 591 2769 δὲν
636 2706 676 2788 ἡ
719 2703 937 2768 τούτων
983 2705 1274 2788 ἐπιστήμη
1320 2707 1629 2790 χρήσιμον,
1675 2703 1952 2790 ἀναιροῖτ’
2008 2704 2076 2767 ἂν
2121 2705 2161 2787 ἡ
2206 2703 2501 2790 φρόνησις,
2571 2709 2653 2775 ὡς
2695 2703 2838 2769 εἶναι
2883 2706 2987 2789 τὴν
3017 2723 3071 2765 26

457 2808 846 2872 ’ἀκολουθίαν
892 2807 1289 2891 ἀληθεστέραν
1333 2809 1436 2892 τὴν
1481 2808 1532 2870 εἰ
1575 2805 1725 2871 ἔστιν
1769 2806 2111 2892 εἱμαρμένη,
2158 2807 2239 2890 μὴ
2286 2805 2429 2870 εἶναι
2476 2807 2769 2893 φρόνησιν.
2839 2806 2975 2873 καθ’

386 2931 454 2979 25
494 2911 560 2975 ὃν
603 2911 712 2996 γὰρ
756 2912 924 2992 λόγον
969 2911 1003 2973 ὁ
1031 2909 1208 2994 νόμος
1235 2909 1499 2994 ἀνῃρεῖτο
1530 2909 1800 2995 κειμένης
1842 2915 1949 2995 τῆς
1993 2909 2365 2995 εἱμαρμένης,
2412 2911 2558 2974 κατὰ
2591 2915 2788 2975 τοῦτον
2836 2911 2987 2974 ἀναι-

497 3015 805 3099 ρεθήσεται
851 3014 946 3077 καὶ
977 3012 1070 3098 <ἡ>
1099 3013 1392 3098 φρόνησις,
1460 3014 1532 3098 ἧς
1577 3012 1998 3098 ἀναιρουμένης
2043 3015 2217 3096 δῆλον
2265 3016 2347 3082 ὥς
2389 3015 2483 3078 καὶ
2529 3019 2644 3076 τῶν
2691 3011 2884 3078 ἄλλων
2928 3014 2989 3077 ἓν

499 3117 742 3182 ἕκαστον
787 3115 1064 3201 ἀναιροῖτ’
1121 3116 1190 3180 ἂν
1232 3121 1348 3180 τῶν
1392 3117 1538 3180 κατὰ
1582 3119 1686 3202 τὴν
1719 3117 2065 3182 ἀκολουθίαν
2112 3118 2215 3201 τὴν
2260 3118 2402 3202 πρὸς
2444 3119 2549 3203 τὴν
2594 3117 2871 3204 φρόνησιν
2919 3141 2990 3182 τι·
3015 3134 3073 3178 ω

499 3221 784 3303 θεμένων.
853 3221 940 3284 ὅτι
980 3221 1045 3284 δὲ
1091 3221 1240 3305 μηδὲ
1285 3220 1394 3304 [οἱ]
1441 3222 1506 3284 ἐκ
1551 3225 1653 3284 τοῦ
1698 3221 1980 3284 δεικνύναι
2024 3221 2127 3304 τὴν
2173 3218 2308 3284 καθ’
2364 3221 2550 3305 ὁρμὴν
2606 3223 2825 3306 κίνησιν
2870 3226 2989 3290 τοῖς
3014 3231 3301 3288 XXXVIII

504 3321 677 3409 ζῴοις
723 3323 1005 3407 μένουσαν
1048 3325 1280 3387 πάντων
1323 3321 1638 3407 γινομένων
1680 3323 1817 3387 καθ’
1874 3321 2224 3408 εἱμαρμένην
2270 3325 2556 3396 σώζουσιν
2586 3326 2651 3388 τὸ
2685 3323 2779 3409 ἐφ’
2834 3327 2994 3410 ἡμῖν,

391 3448 466 3496 30
500 3427 554 3489 εἰ
598 3427 680 3511 μὴ
727 3426 988 3510 βούλοιτό
1033 3451 1116 3496 τις
1161 3427 1362 3496 ἁπλῶς
1410 3427 1416 3513 Ι
1465 3429 1531 3490 τὸ
1563 3427 1674 3489 ὑπό
1719 3451 1867 3496 τινος
1911 3427 2058 3490 κατὰ
2088 3427 2191 3510 τὴν
2222 3427 2435 3489 οἰκείαν
2466 3425 2759 3509 γινόμενον
2804 3429 2974 3512 φύσιν
3012 3438 3103 3492 122

503 3528 594 3594 ἐπ’
651 3528 855 3614 ἐκείνῳ
899 3529 1081 3613 λέγειν
1127 3529 1270 3593 ἄλλο
1315 3553 1367 3592 τι
1434 3529 1858 3616 σημαινόμενον
1901 3535 2003 3593 τοῦ
2048 3527 2143 3615 ἐφ’
2197 3531 2337 3614 ἡμῖν
2396 3531 2641 3614 εἰσάγων
2706 3532 2863 3614 παρὰ
2929 3534 2993 3596 τὸ

503 3632 953 3715 πεπιστευμένον
983 3657 1046 3696 τε
1091 3635 1185 3696 καὶ
1230 3633 1712 3718 προειλημμένον,
1757 3632 1792 3695 ὅ
1835 3655 2024 3718 φαμεν
2079 3631 2223 3696 εἶναι
2266 3633 2360 3696 διὰ
2402 3635 2468 3696 τὸ
2513 3631 2671 3719 ἔχειν
2715 3635 2872 3717 ἡμᾶς
2914 3634 2997 3705 ἐξ·

393 3755 402 3764 ·
503 3738 702 3801 ουσίαν
767 3739 883 3799 τῶν
928 3735 988 3797 ἐν
1035 3741 1152 3804 τοῖς
1196 3737 1608 3819 πραττομένοις
1675 3737 2105 3820 ἀντικειμένων,
2171 3737 2381 3821 φθάνει
2446 3738 2543 3800 διὰ
2583 3741 2699 3799 τῶν
2746 3740 2997 3822 πρώτων
3052 3754 3080 3796 5

402 3981 424 4031 1
469 3978 520 4030 ἐν
557 3977 934 4046 circumscripsi
1145 3976 1178 4027 4
1216 3973 1290 4042 δὲ]
1329 3976 1421 4046 γὰρ
1457 3974 1528 4028 13²
1738 3974 1889 4045 ἄλλα]
1927 3975 2056 4029 αὐτὰ
2092 3979 2143 4028 Η
2182 3973 2345 4027 Lond.
2383 3978 2429 4029 Ο
2467 3977 2651 4041 (πάντα
2686 3979 2845 4028 ταῦτα
2884 3978 2950 4040 O)

396 4065 431 4118 5
471 4065 564 4118 οὐκ
601 4065 660 4117 ἂν
699 4065 817 4117 add.
854 4064 1021 4118 Diels:
1060 4061 1155 4115 οὐκ
1201 4064 1318 4116 add.
1354 4063 1433 4116 ⁸¹²
1677 4063 2035 4132 ἀνεμπόδιστος
2071 4063 2151 4117 a¹²
2185 4064 2351 4117 Lond.
2389 4066 2435 4117 Ο
2639 4064 2773 4133 μένει
2812 4063 2928 4118 CaS.

399 4154 432 4205 6
469 4169 545 4221 pr.
583 4153 671 4206 καὶ
707 4167 807 4205 om.
843 4151 924 4204 εἶ’
1116 4150 1174 4204 τὸ
1212 4150 1403 4219 κόσμον
1441 4155 1489 4202 Η
1529 4150 1674 4204 Gna:
1711 4151 1798 4205 τὸν
1833 4151 2024 4221 κόσμον
2060 4151 2227 4205 Lond.
2266 4156 2311 4206 Ο
2488 4155 2579 4205 τοῦ
2616 4151 2810 4220 κόσμου
2847 4154 2892 4206 Ο

398 4239 576 4310 ὄντος]
631 4239 767 4298 ἐντὸς
813 4240 954 4293 Diels
1261 4237 1291 4289 7
1339 4237 1496 4291 αὐτοῦ
1540 4243 1585 4292 Ο
1904 4239 1937 4292 8
1992 4239 2035 4292 εἰ
2090 4237 2140 4290 δὲ
2184 4238 2348 4292 Lond.
2394 4243 2439 4293 Ο
2762 4239 2827 4292 10
2881 4239 2923 4291 εἰ
2970 4255 3010 4290 s·
3056 4255 3103 4292 v.

396 4344 448 4382 v.
475 4345 519 4382 c.
546 4332 594 4380 V
811 4327 874 4381 12
928 4333 1032 4380 τῶν
1068 4325 1227 4395 θεῶν]
1284 4325 1571 4396 ἀνθρώπων
1614 4327 1777 4379 Lond.
1997 4326 2059 4378 13
2104 4323 2477 4396 ἀνθρώπων-
2500 4327 2649 4399 ἀρετή
2700 4343 2799 4379 om.
2839 4330 2884 4380 Ο

401 4435 466 4488 15
503 4435 759 4488 τοσούτων
795 4435 874 4487 ⁸¹:
912 4433 1156 4486 τοιούτων
1195 4431 1250 4484 a²
1465 4431 1524 4483 17
1566 4427 1676 4484 οὔθ’
1705 4430 1910 4501 εὔλογον
1938 4432 2102 4503 and.
2131 4434 2177 4485 Ο
2389 4431 2554 4491 αὐτοῖς
2592 4435 2640 4484 V
2829 4421 3013 4502 ἁρετησ
3041 4419 3106 4504 ῆσ

401 4523 480 4576 sic
521 4525 576 4587 (i.
603 4540 647 4576 e.
688 4523 836 4596 ἀριτη
873 4521 928 4594 ἤ)
964 4526 1012 4574 V
1230 4519 1292 4572 18
1348 4519 1418 4590 μὴ
1457 4519 1575 4571 add.
1612 4519 1777 4571 Lond.
1816 4523 1863 4572 Ο
2082 4519 2144 4571 19
2200 4520 2286 4572 καὶ
2322 4519 2439 4590 (μὴ)
2472 4527 2579 4572 τῶν
2616 4519 2873 4572 Schwartz

396 4629 454 4663 τε
505 4627 604 4663 om.
650 4614 695 4664 Ο
943 4610 1013 4663 20
1065 4607 1190 4679 μὴν]
1239 4608 1311 4678 μὴ
1349 4608 1421 4659 V¹
1464 4611 1614 4671 (corr.
1659 4622 1708 4657 ν.
1737 4611 1800 4670 e.)
2048 4607 2115 4658 25
2170 4612 2347 4660 τοῦτον
2388 4608 2519 4660 13211
2563 4607 2703 4661 Casa
2758 4611 2907 4660 τοῦτο
2948 4606 3100 4661 Van:

397 4696 636 4769 τούτῳΚ
813 4696 896 4750 25.
943 4698 1008 4750 26
1065 4693 1448 4766 ἀναιρηθήσεται
1483 4693 1538 4747 2²
1761 4694 1828 4748 26
1882 4695 1915 4764 ἡ
1961 4695 2078 4766 αᾴἀ.
2105 4699 2153 4746 K
2401 4695 2451 4748 ἓν
2489 4711 2589 4748 om.
2628 4695 2706 4748 a¹²
2916 4694 2981 4746 27
3018 4696 3106 4748 καὶ

395 4794 504 4840 τῶν
541 4787 597 4839 ⁸²
738 4785 859 4858 πρὸς
891 4786 1128 4856 φρόνησιν
1155 4787 1201 4838 Ο
1345 4783 1412 4836 28
1449 4783 1494 4836 οἱ
1531 4783 1629 4836 del.
1655 4782 1724 4836 13²
1865 4783 1926 4836 31
1970 4783 2284 4852 παρεισάγων
2314 4786 2363 4835 H
2508 4781 2573 4837 32
2620 4781 2699 4834 διὰ
2737 4787 3037 4851 suspectum

399 4881 544 4947 ημᾶσ
582 4879 629 4926 V

2583 4958 2709 5021 14*
