3684 5567
532 248 655 313 118
1074 243 1405 315 [ΑΠΟΡΙΩΝ
1444 242 1569 299 ΚΑΙ
1608 242 1876 299 ΛΥΣΕΩΝ
1914 241 2204 300 ΒΙΒΛΙΟΝ
2243 241 2618 299 ΤΕΤΑΡὙΟΝ
2661 244 2712 313 l]

666 442 738 488 ις.
830 418 969 487 Πῶς
1014 420 1067 481 εἰ
1108 420 1148 501 ἡ
1194 419 1349 501 λύπη
1398 418 1574 481 κακὸν
1620 422 1801 493 πᾶσα,
1849 418 1984 503 οὐχὶ
2031 418 2128 480 καὶ
2173 420 2212 499 4,
2259 418 2444 500 ἡδονὴ
2491 421 2652 481 πᾶσα
2697 416 2942 499 ἀγαθόν.
3180 431 3237 474 lo

666 525 737 591 ιζ.
818 519 961 583 Ὑπὸ
1012 522 1070 583 τί
1122 526 1235 583 τῶν
1291 518 1531 600 ἀγαθῶν
1588 521 1627 602 ἡ
1674 521 1856 603 ἡδονὴ
1923 519 1993 581 ἂν
2047 520 2169 603 εἴη,
2228 518 2470 603 πότερον
2524 526 2640 581 τῶν
2683 519 2890 600 τιμίων
2947 517 2986 601 ἢ
3031 523 3150 580 τῶν

932 623 1247 685 ἐπαινετῶν
1293 622 1332 705 ἢ
1380 626 1493 683 τῶν
1542 622 1877 705 ὠφελίμων.

658 748 735 808 ιη.
826 724 935 789 Διά
979 725 1036 786 τί
1077 724 1542 807 φορτικωτάτους
1587 722 1746 785 εἶπεν
1793 722 1940 785 εἶναι
1986 724 2119 790 τοὺς
2165 722 2225 785 ἐν
2256 724 2442 805 ἡδονῇ
2491 723 2556 784 τὸ
2602 722 2766 791 τέλος
2810 720 3151 805 τιθεμένους
3179 737 3232 779 ιὸ

563 845 593 895 5
934 827 994 889 ἐν
1038 831 1125 910 τῷ
1173 828 1389 908 πρώτῳ
1434 829 1549 887 τῶν
1598 823 2014 910 Νικομαχείων
2061 826 2288 909 ἠθικῶν
2327 824 2758 908 Ἀριστοτέλης.

664 930 743 993 ιθ.
820 926 945 993 Ὁτι
990 930 1071 1011 μὴ
1120 928 1405 1009 ὁμοειδεῖς
1448 930 1509 990 αἱ
1554 927 1774 1010 ἡδοναί.

674 1056 728 1093 κ.
806 1026 930 1095 Ὅτι
976 1033 1065 1114 μὴ
1104 1032 1223 1115 χρὴ
1270 1030 1329 1091 ἐν
1376 1031 1539 1113 πάσῃ
1573 1028 1773 1114 πράξει
1817 1034 1914 1093 καὶ
1960 1032 2129 1094 παντὶ
2176 1030 2486 1113 μαθήματι
2531 1030 2596 1092 τὸ
2643 1029 2933 1113 χρήσιμον
2981 1029 3144 1091 ἀπαι-

928 1138 1063 1197 τεῖν.

640 1259 733 1298 κα.
827 1236 968 1321 Περὶ
1014 1236 1227 1305 αἰδοῦς.
3169 1250 3228 1291 2⁰

532 1358 594 1404 10
638 1340 731 1423 κβ.
809 1330 931 1404 Ὅτι
977 1338 1504 1402 ἀντακολουθοῦσιν
1550 1341 1611 1402 αἱ
1656 1340 1874 1423 ἀρεταί.

652 1462 739 1522 κγ.
834 1439 970 1510 Πῶς
1016 1442 1067 1504 εἰ
1098 1443 1281 1525 ἡδονή
1328 1440 1481 1503 ἐστιν
1514 1442 1663 1505 κατὰ
1701 1440 2079 1525 Ἀριστοτέλη
2125 1440 2382 1524 ἐνέργεια
2426 1445 2532 1523 τῆς
2561 1439 2710 1503 κατὰ
2754 1439 2926 1524 φύσιν
2971 1438 3148 1508 ἕξεως

934 1543 1372 1627 ἀνεμπόδιστος,
1420 1544 1526 1607 οὐκ
1570 1543 1733 1608 ἔσται
1780 1546 1876 1607 καὶ
1922 1546 1960 1627 4,
2007 1543 2346 1626 εὐδαιμονία
2390 1541 2518 1606 κατ’
2575 1542 2749 1605 αὐτὸν
2795 1542 2999 1623 ἡδονή.

650 1647 737 1709 κδ.
830 1646 971 1715 ῘΙῶς
1013 1648 1073 1709 αἱ
1120 1647 1321 1730 ἀρεταὶ
1366 1645 1438 1709 δι’
1496 1646 1676 1716 αὐτὰς
1720 1648 1959 1731 αἱρεταί.
3171 1659 3227 1701 25

650 1772 735 1811 κε.
818 1747 1139 1834 Ἐπιδρομὴ
1189 1747 1371 1812 πόθεν
1418 1752 1456 1832 ἡ
1504 1754 1619 1813 τῶν
1668 1750 1893 1834 ἀρετῶν
1938 1750 2164 1834 εὕρεσίς
2211 1771 2273 1811 τε
2318 1749 2416 1811 καὶ
2463 1748 2755 1816 σύστασις.
3003 1760 3030 1791 0

530 1871 590 1919 15
647 1874 733 1921 κς.
812 1846 935 1916 Ὅτι
978 1852 1047 1915 οὐ
1091 1852 1159 1914 τὸ
1205 1854 1381 1915 καλὸν
1427 1857 1528 1937 τῆς
1574 1855 1790 1936 ἡδονῆς
1835 1855 2027 1938 χάριν,
2073 1850 2192 1914 ἀλλ’
2250 1854 2289 1935 ἡ
2334 1851 2519 1934 ἡδονὴ
2566 1854 2667 1913 τοῦ
2712 1854 2913 1914 καλοῦ.
2965 1850 2972 1933 1

639 1958 729 2026 κζ.
818 1954 929 2017 Διὰ
973 1955 1031 2016 τί
1070 1956 1132 2017 αἱ
1176 1956 1382 2038 ἠθικαὶ
1428 1956 1627 2038 ἀρεταὶ
1674 1954 2006 2037 μεσότητες.
3169 1950 3230 2006 1⁰

642 2080 737 2139 κη.
829 2053 974 2140 Περὶ
1017 2060 1121 2119 τοῦ
1166 2056 1409 2141 πότερον
1457 2060 1495 2141 4,
1542 2059 1721 2141 ἀρετὴ
1766 2057 1930 2139 γένος
1975 2058 2014 2140 ἢ
2061 2056 2216 2119 ὅλον.

640 2158 735 2220 κθ.
815 2152 938 2223 Ὅτι
992 2159 1089 2222 καὶ
1144 2160 1203 2221 αἱ
1256 2160 1447 2222 κακίαι
1504 2165 1629 2229 ταῖς
1683 2162 1916 2245 ἀρεταῖς
1969 2160 2186 2239 ὁμοίως
2240 2157 2334 2243 ἐφ’
2391 2161 2562 2241 ἡμῖν,
2618 2157 2650 2219 ὃ
2707 2157 2994 2221 δείκνυται
3047 2160 3144 2222 διὰ
3197 2176 3224 2217 5

928 2260 1140 2329 λέξεως
1186 2260 1253 2324 ἐκ
1296 2268 1397 2325 τοῦ
1443 2263 1632 2347 τρίτου
1680 2269 1793 2326 τῶν
1845 2261 2258 2347 Νικομαχείων
2298 2259 2558 2325 Ἠθικῶν
2599 2260 3058 2345 Ἀριστοτέλους.

526 2383 592 2429 2ο
681 2364 735 2425 λ.
828 2361 967 2432 Πῶς
1012 2362 1119 2425 οὐκ
1162 2362 1325 2427 ἔσται
1371 2366 1704 2448 δικαιοσύνη
1754 2366 1858 2447 μὲν
1903 2365 1963 2434 ἐξ
2010 2366 2262 2444 ἀδικίας,
2320 2364 2513 2427 ἀδικία
2557 2364 2622 2425 δὲ
2667 2362 2734 2427 ἐκ
2780 2364 3144 2448 δικαιοσύνης

926 2465 979 2527 εἰ
1024 2464 1095 2527 τὰ
1139 2466 1364 2529 ἐναντία
1408 2467 1468 2536 ἐξ
1512 2468 1787 2551 ἀλλήλων
1831 2470 2062 2551 γίνεται.

628 2794 677 2857 Ι.
770 2792 1075 2878 Απορίαι
1120 2795 1291 2878 πρὸς
1335 2796 1499 2865 τοὺς
1542 2796 1615 2858 τὸ
1664 2800 1784 2879 ζῆν
1830 2796 2031 2881 (οὐκ)
2074 2796 2336 2879 ἀγαθὸν
2381 2796 2562 2859 εἶναι
2605 2796 2958 2879 λέγοντας.
3148 2804 3250 2859 226

806 2963 880 3028 Εἰ
925 2966 991 3029 τὸ
1038 2963 1103 3028 εὖ
1160 2968 1325 3028 πλεῖν
1372 2948 1623 3048 ἀγαθόν’,
1678 2968 1743 3029 τὸ
1799 2967 1864 3030 δὲ
1907 2973 2105 3035 κακῶς
2157 2968 2364 3043 κακόν,
2423 2968 2488 3030 τὸ
2535 2970 2699 3030 πλεῖν
2745 2966 2880 3030 οὔτε
2925 2967 3146 3050 ἀγαθὸν
3201 2986 3225 3027 ‘2

632 3065 767 3129 οὔτε
810 3066 1017 3130 κακόν·
1084 3068 1180 3130 καὶ
1226 3068 1277 3130 εἰ
1321 3068 1387 3129 τὸ
1433 3065 1497 3130 εὖ
1557 3072 1661 3151 ζῆν
1708 3068 1961 3151 ἀγαθόν,
2018 3071 2082 3133 τὸ
2128 3071 2193 3133 δὲ
2245 3076 2441 3139 κακῶς
2485 3068 2694 3146 κακόν,
2749 3071 2815 3133 τὸ
2863 3074 2968 3154 ζῆν
3013 3069 3134 3133 οὔτ’

524 3186 589 3235 25
630 3170 851 3251 ἀγαθὸν
917 3168 1052 3232 οὔτε
1106 3168 1303 3232 κακόν.
1408 3170 1445 3253 ἢ
1502 3170 1609 3233 οὐκ
1668 3170 1888 3253 ἀληθὲς
1949 3173 2014 3233 τὸ
2075 3172 2177 3241 τὰς
2229 3174 2498 3254 δυνάμεις
2557 3178 2673 3235 τῶν
2737 3172 3144 3255 ἀντικειμένων
3173 3191 3228 3232 ιο

629 3271 985 3354 ἀδιαφόρους
1036 3270 1187 3333 εἶναι
1240 3272 1337 3333 καὶ
1393 3272 1591 3352 μέσας.
1694 3278 1855 3337 πᾶσα
1909 3274 2020 3356 γὰρ
2072 3273 2309 3358 τοιαύτη
2369 3274 2607 3358 δύναμις
2659 3276 2881 3357 ἀγαθόν
2935 3298 2996 3337 τε
3049 3278 3143 3339 καὶ

628 3372 855 3454 αἱρετὸν
916 3378 1000 3456 τῷ
1051 3374 1267 3436 σκοπὸν
1326 3370 1487 3457 ἔχειν
1542 3376 1606 3437 τὸ
1655 3376 1877 3459 βέλτιον
1933 3376 2014 3438 ὧν
2071 3377 2330 3439 δύναται·
2395 3377 2460 3439 τὸ
2512 3376 2622 3462 γὰρ
2675 3382 2876 3462 χεῖρον
2921 3378 2981 3439 ἐν
3025 3382 3146 3446 τοῖς

630 3475 871 3557 δυνάμει
916 3498 968 3537 τι
1014 3472 1173 3538 οὖσιν
1219 3476 1433 3557 γίνεται
1489 3477 1583 3539 καὶ
1643 3477 1792 3540 κατὰ
1840 3478 2166 3563 ἀποτυχίαν
2211 3480 2355 3541 τινά.
2447 3478 2558 3541 ὅσα
2599 3502 2664 3541 τε
2715 3480 2822 3563 γὰρ
2870 3480 3018 3543 κατὰ
3061 3482 3145 3544 τέ·
3175 3496 3228 3539 15

630 3598 776 3659 χνην
822 3581 938 3639 τῶν
982 3578 1259 3640 τοιούτων
1306 3579 1539 3659 γίνεται,
1600 3584 1703 3641 τοῦ
1749 3580 2038 3663 βελτίονος
2083 3582 2252 3665 χάριν
2310 3584 2424 3642 τῶν
2481 3582 2814 3665 δυναμένων
2867 3582 2930 3643 ἐν
2975 3582 3137 3668 αὐτῷ

522 3696 589 3745 30
625 3678 899 3761 γενέσθαι
951 3678 1202 3765 γίΙνεται,
1267 3678 1376 3743 ὅσα
1434 3703 1497 3742 τε
1550 3681 1699 3744 κατὰ
1752 3682 1953 3766 φύσιν,
2011 3683 2246 3763 ὁμοίως.
2335 3683 2401 3745 τὸ
2456 3683 2562 3767 γὰρ
2616 3687 2778 3747 πλεῖν
2834 3684 2946 3746 ὑπὸ
3000 3690 3104 3769 τῆς
3147 3695 3250 3749 227

630 3782 1043 3865 κυβερνητικῆς
1094 3787 1199 3865 τῆς
1246 3781 1521 3851 εὐπλοίας
1574 3785 1748 3868 χάριν
1794 3784 2046 3869 εὑρέθη,
2103 3786 2200 3848 καὶ
2245 3786 2310 3848 τὸ
2356 3784 2536 3869 πρίειν
2593 3786 2707 3849 ὑπὸ
2754 3792 2859 3871 τῆς
2901 3810 3145 3851 τεκτονι-

522 4038 569 4091 2.
610 4038 642 4091 3
690 4038 1266 4109 πότερον-ὠφελίμων
1305 4054 1404 4092 om.
1432 4043 1513 4093 tit.
1692 4042 1724 4094 5
1760 4042 1840 4112 τῷ
1877 4058 1976 4095 om.
2013 4062 2046 4095 a
2069 4046 2158 4113 Sp.
2332 4041 2700 4117 Ἀριστοτέλους
2735 4062 2767 4098 ιι
2802 4047 2916 4111 Sp.:
2955 4063 3056 4100 om.
3093 4050 3176 4103 tit.

520 4126 551 4177 7
580 4124 990 4197 ἐν-μαθήματι]
1017 4132 1275 4199 πανταχοῦ
1303 4129 1383 4180 tit.
1532 4128 1596 4180 10
1624 4127 1990 4183 ἀκολουθοῦσιν
2016 4150 2048 4183 a
2192 4134 2250 4185 11
2281 4134 2314 4203 ἡ
2341 4131 2420 4203 ἠδ.
2449 4152 2481 4185 a
2505 4136 2594 4200 Sp.
2745 4132 2806 4185 13
2832 4134 3014 4192 ἑαυτὰς
3039 4154 3071 4187 a
3095 4138 3184 4204 Sp.

528 4214 587 4267 15
626 4216 771 4286 χάριν
809 4214 1020 4284 αἱρετόν,
1060 4210 1166 4265 ἀλλ’
1206 4216 1288 4267 tit.
1484 4222 1574 4268 τοῦ
1612 4216 1773 4269 καλοῦ
1810 4232 1909 4269 om.
1949 4237 1980 4269 a
2017 4222 2106 4286 Sp.
2326 4222 2386 4271 16
2425 4221 2697 4290 μεσότητές
2735 4221 2853 4273 εἰσιν
2889 4226 2980 4274 τοῦ
3017 4222 3178 4277 καλοῦ
3215 4243 3250 4278 ει

518 4304 607 4369 Sp.
774 4302 833 4353 17
874 4302 1083 4373 πότερον
1108 4302 1139 4369 ἢ
1170 4301 1225 4371 (ἦ
1254 4302 1369 4354 add.
1400 4304 1560 4369 vict.)
1588 4304 1661 4361 ὡς
1696 4307 1835 4371 γένος
1873 4303 1906 4374 ἢ
1948 4304 2018 4363 ὡς
2053 4304 2172 4359 ὅλον
2209 4314 2313 4359 τῶν
2342 4307 2533 4377 ἀρετῶν
2563 4308 2594 4377 ἡ
2634 4308 2785 4378 ἀρετή
2817 4310 2898 4361 tit.
2927 4310 3059 4361 vict„
3086 4314 3176 4378 Sp.

524 4388 587 4441 18
615 4387 769 4458 ἄλλης
792 4386 975 4447 λέξεως
1002 4386 1228 4459 ἐξήγησις
1253 4389 1313 4441 ἐκ
1338 4394 1427 4440 τοῦ
1450 4390 1619 4459 τρίτου
1644 4396 1748 4442 τῶν
1773 4386 2136 4463 Νικομαχείων
2161 4390 2390 4446 Ἠθικῶν
2411 4391 2792 4463 Ἀριστοτέλους,
2815 4390 2874 4447 δι’
2897 4394 2957 4464 ἧς
2981 4395 3249 4462 δείκνυται,

520 4472 595 4527 ὅτι
634 4478 720 4527 καὶ
756 4476 807 4528 αἱ
845 4477 1017 4529 κακίαι
1054 4483 1161 4534 ταῖς
1198 4476 1394 4547 ἀρεταῖς
1432 4475 1621 4545 ὁμοίως
1658 4474 1742 4547 ἐφ’
1782 4479 1904 4547 ἡμῖν
1944 4482 2025 4531 tit.
2067 4482 2199 4533 vict.
2239 4484 2327 4548 Sp.
2542 4482 2613 4534 20
2647 4488 2756 4539 πῶς
2791 4482 2833 4535 εί
2869 4483 2928 4535 ἐκ
2966 4488 3069 4535 τῶν
3107 4483 3248 4536 ἐναν-

519 4562 640 4614 τίων
680 4564 741 4615 τά
779 4563 979 4615 ἐναντία
1014 4562 1218 4630 γίνεται,
1266 4562 1359 4614 οὐκ
1397 4564 1534 4615 ἔσται
1584 4564 1642 4615 ἐκ
1680 4566 1771 4633 μὲν
1809 4566 2130 4636 δικαιοσύνης
2166 4567 2348 4633 ἀδικία,
2397 4569 2456 4620 ἐκ
2495 4568 2547 4620 δὲ
2585 4568 2781 4627 ἀδικίας
2817 4568 3122 4641 δικαιοσύνη,
3161 4572 3250 4624 καὶ

519 4649 599 4701 ἐπὶ
635 4656 738 4701 τῶν
777 4649 945 4702 ἄλλων
984 4650 1178 4719 ἀρετῶν
1216 4667 1270 4701 τε
1308 4651 1393 4701 καὶ
1432 4657 1629 4703 κακιῶν
1670 4650 1696 4703 ὁ
1736 4651 1888 4709 αὐτὸς
1925 4652 2072 4723 λόγος
2108 4657 2186 4708 tit.
2216 4656 2354 4709 vict.
2381 4659 2470 4724 Sp.
2657 4656 2724 4709 22
2763 4655 2856 4710 οὐκ
2895 4656 3010 4709 add.
3051 4658 3120 4710 Β2
3155 4660 3246 4725 Sp.

520 4734 640 4801 (οὐκ
678 4736 725 4787 ἀ.
766 4733 879 4789 οὔτε
918 4735 1079 4787 κακόν
1106 4736 1198 4802 13²)
1406 4736 1475 4789 24
1511 4738 1570 4790 τὸ
1608 4738 1684 4807 δὲ]
1722 4742 1810 4792 καὶ
1847 4740 1905 4792 τὸ
1932 4760 1963 4792 a
1999 4745 2089 4808 Sp.
2303 4743 2368 4794 26
2407 4743 2709 4813 ἀδιαφόρους
2745 4744 2884 4813 S²Fa
2921 4748 3037 4812 Sp.:
3075 4744 3248 4815 διαφό-

520 4839 633 4893 ρους
670 4824 880 4875 VS¹B¹z
925 4822 983 4875 οὒ
1021 4822 1289 4895 διαφόρους
1326 4822 1397 4877 13²
1627 4826 1693 4877 29
1732 4825 2049 4897 δυναμένων]
2088 4828 2348 4898 δυνάμεων
2383 4848 2418 4883 a
