3684 5567
1107 261 1266 318 ΠΕΡΙ
1305 261 1627 319 ΚΡΑΣΕΩΣ
1666 262 1788 320 ΚΑΙ
1827 262 2182 320 ΑΥΞΗΣΕΩΣ
2221 267 2426 320 11-12
3000 266 3119 330 22Ί

508 433 688 496 θείων
734 434 1062 520 εἰρημένοις
1103 436 1438 501 ἐνίστασθαι
1505 437 1900 522 πειρωμένους
1944 437 2039 502 διὰ
2084 440 2432 524 φιλοτιμίαν,
2499 443 2606 523 τῆς
2668 438 2733 502 δὲ
2779 437 3020 504 ἀτοπίας
3046 451 3101 494 ss

509 541 624 599 τῶν
669 535 770 622 ὑφ’
825 538 1018 600 αὑτῶν
1064 538 1392 623 λεγομένων
1439 541 1590 624 μηδὲ
1634 541 1740 624 τὴν
1784 541 1979 626 ἀρχὴν
2026 541 2341 616 συνιέντας,
2409 539 2496 608 οἷς
2541 543 2635 604 καὶ
2688 540 2760 604 τὰ
2807 543 3017 623 κυριώ-

507 661 650 701 τατα
705 640 802 702 καὶ
864 639 1105 724 μέγιστα
1161 645 1278 704 τῶν
1324 641 1472 704 κατὰ
1517 643 1862 726 φιλοσοφίαν
1908 644 2211 726 δογμάτων
2256 642 2499 727 ἤρτηται
2545 645 2641 707 καὶ
2686 644 2791 727 τὴν
2838 665 3012 706 κατα-

509 741 724 824 σκευὴν
770 742 886 805 ἀπὸ
917 747 1022 806 τοῦ
1051 743 1392 827 θαυμαστοῦ
1438 743 1725 827 δόγματος
1753 742 1884 830 ἔχει
1928 749 2032 808 τοῦ
2066 745 2080 770 ‘
2099 749 2271 827 σῶμα
2303 748 2521 830 χωρεῖν
2551 743 2646 808 διὰ
2678 743 3009 826 σώματος·’

441 863 472 912 5
511 840 548 904 ὅ
589 866 654 905 τε
698 843 808 928 γὰρ
853 847 984 929 περὶ
1031 847 1295 930 κράσεως
1339 846 1537 915 αὐτοῖς
1579 846 1750 928 λόγος
1793 845 1901 908 οὐκ
1946 846 2006 909 ἐν
2051 845 2215 933 ἄλλῳ
2261 848 2385 924 τινί,
2440 847 2591 910 ἀλλὰ
2635 848 2731 910 καὶ
2774 846 2847 910 τὰ
2892 848 3021 931 περὶ
3048 865 3105 907 ω

507 951 704 1031 ψυχῆς
748 946 848 1009 ὑπ’
902 948 1095 1013 αὐτῶν
1155 947 1439 1032 λεγόμενα
1493 948 1762 1012 ἐντεῦθεν
1808 947 2053 1033 ἤρτηται
2104 952 2145 1035 ἥ
2189 975 2255 1014 τε
2308 950 2783 1034 πολυθρόλλητος
2828 949 3024 1018 αὐτοῖς

512 1049 836 1134 εἱμαρμένη
905 1052 1002 1115 καὶ
1060 1053 1101 1135 ἡ
1154 1055 1270 1114 τῶν
1341 1053 1572 1114 πάντων
1642 1050 1882 1134 πρόνοια
1946 1050 1955 1136 Ι
2018 1052 2084 1114 δὲ
2141 1053 2247 1135 τὴν
2308 1053 2492 1116 πίστιν
2559 1053 2973 1137 λαμβάνουσιν,
3018 1059 3129 1116 609

515 1149 599 1215 ἔτι
652 1176 717 1215 τε
758 1153 827 1215 τὸ
870 1156 1000 1238 περὶ
1047 1154 1251 1239 άρχῶν
1295 1179 1360 1217 τε
1405 1156 1502 1218 καὶ
1545 1154 1688 1218 θεοῦ
1735 1157 1830 1218 καὶ
1878 1157 1916 1238 ἡ
1963 1158 2067 1218 τοῦ
2110 1156 2323 1223 παντὸς
2380 1153 2588 1222 ἕνωσίς
2628 1177 2694 1218 τε
2738 1156 2833 1218 καὶ
2880 1175 3023 1238 συμ-

509 1255 729 1319 πάθεια
772 1257 914 1340 πρὸς
959 1255 1120 1320 αὑτό.
1206 1258 1394 1320 πάντα
1437 1257 1548 1340 γὰρ
1593 1256 1790 1326 αὐτοῖς
1833 1255 1995 1321 ταῦτ’
2053 1257 2207 1321 ἐστὶν
2252 1257 2285 1319 6
2331 1257 2427 1320 διὰ
2470 1261 2576 1342 τῆς
2621 1257 2761 1340 ῦλης
2806 1259 3025 1342 διήκων

409 1376 471 1424 ιο
507 1355 665 1426 θεός.
733 1358 938 1422 τούτου
969 1359 1033 1422 δὲ
1063 1363 1166 1422 τοῦ
1197 1363 1373 1443 σῶμα
1403 1365 1622 1445 χωρεῖν
1652 1359 1748 1423 διὰ
1780 1363 2076 1443 σώματος,
2122 1359 2183 1429 ἐξ
2214 1357 2284 1422 οὖ
2316 1361 2528 1443 σχεδὸν
2560 1361 2755 1442 πάσης
2781 1365 2886 1443 τῆς
2916 1385 3025 1444 φυ-

511 1461 797 1544 σιολογίας
863 1461 1059 1530 αὐτοῖς
1124 1463 1440 1546 ἀνήρτηται
1483 1462 1554 1526 τὰ
1599 1465 1910 1546 πείσματα,
1978 1464 2135 1547 παρά
2199 1485 2263 1526 τε
2321 1463 2425 1529 τὰς
2468 1461 2661 1531 κοινὰς
2706 1463 3026 1548 προλήψεις
3078 1481 3107 1522 5

507 1563 825 1646 λεγομένου
883 1565 979 1628 καὶ
1024 1564 1184 1648 παρὰ
1227 1565 1330 1634 τὰς
1375 1565 1650 1629 ἁπάντων
1697 1565 1867 1636 δόξας
1910 1570 2025 1630 τῶν
2071 1563 2431 1649 φιλοσόφων,
2498 1565 2603 1649 τὴν
2656 1565 2844 1630 πίστιν
2889 1565 3015 1628 κατ’

507 1665 719 1736 αὐτους
783 1668 1064 1751 λαμβάνει
1133 1670 1215 1737 ὡς
1279 1666 1350 1730 ἂν
1395 1669 1512 1732 ἀπὸ
1558 1670 1829 1754 ἐναργοῦς
1877 1673 1979 1733 τοῦ
2026 1669 2124 1732 τὸν
2169 1667 2425 1752 σίδηρον,
2483 1667 2619 1732 ὅταν
2662 1663 2705 1752 ἦ
2756 1687 3029 1752 πεπυρω-

514 1769 684 1852 μένος
731 1767 894 1854 [μὲν]
939 1772 1020 1853 μὴ
1068 1770 1244 1836 αὐτὸν
1289 1771 1644 1841 ἐξάπτεσθαι
1707 1796 1771 1836 τε
1837 1773 1934 1836 καὶ
1980 1770 2306 1855 πυροῦσθαι
2373 1770 2559 1853 λέγειν
2625 1771 2845 1854 ὁμοίως
2901 1773 3023 1839 τοῖς

415 1889 476 1939 15
514 1872 602 1940 οἷς
646 1872 756 1958 ῦλη
803 1873 868 1936 τὸ
915 1877 1051 1958 πῦρ,
1099 1873 1249 1937 ἀλλὰ
1293 1873 1390 1936 διὰ
1433 1876 1646 1943 παντὸς
1691 1875 1870 1938 αὐτοῦ
1913 1877 2132 1960 χωρεῖν
2164 1873 2229 1936 τὸ
2260 1875 2375 1957 πῦρ
2411 1872 2843 1958 ὑπολαμβάνειν
2877 1873 3022 1956 μετὰ
3051 1889 3109 1929 1⁰

508 1979 612 2058 τῆς
657 1975 800 2058 ῦλης
845 1975 1092 2061 ἐκείνης,
1138 1976 1233 2062 ἐφ’
1287 1976 1362 2060 ἧς
1407 1975 1470 2040 ὃν
1513 1981 1838 2060 γειτνιᾶσαν
1886 1981 1971 2062 τῷ
2018 1977 2243 2061 σιδήρῳ
2289 1973 2603 2060 ἐθέρμαινέ
2647 1997 2711 2038 τε
2755 1976 2852 2038 καὶ
2898 1975 3025 2059 ἐξῆ-

511 2084 614 2162 ψεν
659 2078 853 2141 αὐτόν.
944 2080 1132 2143 καίτοι
1174 2083 1302 2149 πῶς
1347 2079 1416 2145 οὐ
1461 2082 1605 2164 πρὸς
1649 2084 1770 2149 τοῖς
1813 2079 2013 2148 ἄλλοις
2056 2079 2152 2144 καὶ
2207 2081 2377 2143 τοῦτο
2409 2078 2774 2141 παντάπασιν
2805 2076 3021 2141 ἄτοπον

509 2183 577 2244 τὸ
619 2182 726 2266 τὴν
770 2187 876 2266 τῆς
919 2183 1134 2267 φλογὸς
1179 2181 1342 2268 ῦλην,
1391 2183 1471 2267 μὴ
1519 2183 1882 2267 κατέχουσαν
1927 2183 2031 2266 τὴν
2078 2178 2298 2251 ἔξωθεν
2345 2179 2651 2266 χορηγίαν,
2726 2179 2807 2262 μὴ
2855 2203 3025 2245 κατα-

506 2284 902 2364 ναλίσκεσθαι,
950 2285 1252 2356 σώζεσθαι
1297 2285 1362 2348 δὲ
1407 2284 1504 2348 ἐπὶ
1547 2288 1824 2348 τοσοῦτον
1870 2284 2055 2368 λέγειν
2124 2283 2185 2347 ἐν
2230 2287 2320 2368 τῷ
2369 2283 2509 2367 πυρὶ
2552 2287 2639 2367 τῷ
2688 2282 3025 2367 μεμιγμένῳ
3058 2299 3113 2342 16

403 2407 474 2453 20
509 2392 594 2471 τῷ
643 2388 887 2472 σιδήρῳ,
936 2386 1051 2455 ἕως
1094 2385 1164 2448 ἄν
1211 2387 1244 2449 6
1291 2387 1524 2470 σίδηρος
1567 2387 1993 2472 πεπυρωμένος
2039 2385 2213 2470 μένῃ,
2256 2386 2533 2470 ἐναργοῦς
2578 2383 2741 2454 ὄντος
2771 2388 2874 2448 τοῦ
2920 2387 3026 2468 τὴν

511 2487 700 2574 φλόγα
745 2493 1031 2573 συνεχοῦς
1075 2489 1305 2552 δεῖσθαι
1349 2493 1454 2573 τῆς
1498 2489 1647 2553 κατὰ
1691 2491 1797 2573 τὴν
1846 2490 1987 2574 ῦλην
2033 2488 2333 2574 χορηγίας,
2401 2492 2484 2556 ὥς
2528 2486 2784 2573 ἔχουσαν
2830 2489 2892 2550 ἐν
2937 2493 3027 2573 τῷ

513 2590 773 2672 γίνεσθαι
817 2591 884 2652 τὸ
927 2589 1074 2654 εἶναι
1120 2589 1215 2653 διὰ
1258 2591 1362 2674 τὴν
1407 2595 1513 2676 τῆς
1559 2590 2038 2676 ὑποβεβλημένης
2094 2591 2237 2674 ῦλης
2282 2590 2435 2674 αὐτῇ
2483 2595 2725 2674 ταχεῖαν
2774 2591 3022 2675 φθοράν.

515 2691 641 2776 [καὶ
685 2693 718 2754 6
764 2692 903 2760 θεὸς
949 2693 1289 2777 κιρνάμενος
1333 2699 1407 2776 τῇ
1455 2693 1599 2776 ὅλη·
1646 2694 1698 2756 εἰ
1743 2695 1808 2756 δὲ
1855 2697 2047 2772 τοῦτο,
2090 2693 2187 2756 καὶ
2232 2693 2609 2778 ἀντιπάσχων
2656 2690 2754 2755 ὑπ’
2812 2691 3025 2776 αὐτῆς·

517 2795 603 2865 οἷς
647 2794 847 2859 ἕπεται
903 2795 970 2859 τό
1013 2819 1078 2859 τε
1120 2797 1220 2859 τὸν
1263 2795 1403 2860 θεὸν
1449 2797 1701 2880 πάσχειν
1745 2797 1842 2860 καὶ
1897 2798 1964 2860 τὸ
2022 2797 2127 2880 τὴν
2176 2796 2317 2880 ῦλην
2374 2799 2579 2869 ποιεῖν,
2652 2795 2802 2858 ἀλλὰ
2846 2799 3029 2860 ταῦτα
3055 2813 3113 2858 2⁰

405 2919 474 2968 25
521 2917 561 2956 «ιιι
604 2916 645 2957 ἢ
689 2897 780 2983 xJ.
869 2899 922 2962 εἰ
964 2899 1078 2984 γὰρ
1123 2899 1205 2984 μὴ
1253 2900 1286 2962 6
1333 2899 1566 2983 σίδηρος
1611 2900 1722 2984 ῦλη
1766 2900 1910 2962 ποτὲ
1953 2903 2042 2987 τῷ
2088 2900 2247 2982 πυρί,
2308 2898 2434 2962 τίνα
2475 2899 2594 2983 χρὴ
2642 2900 2747 2982 τὴν
2793 2899 3027 2982 καιομέ-

510 3025 613 3085 νην
659 3002 800 3086 ῦλην
845 3001 1030 3084 λέγειν
1076 3001 1252 3084 εἷναι;
1298 3000 1452 3071 ὅλως
1496 3003 1560 3065 δὲ
1607 3002 1733 3065 ἐπεὶ
1779 3005 1812 3066 6
1860 3004 2095 3086 σίδηρος
2140 3001 2255 3066 ὑπό
2300 3025 2451 3070 τινος
2495 3001 2800 3070 ἐξάπτεται
2844 3002 3025 3086 πυρὸς

518 3103 678 3172 ὄντος
722 3103 815 3190 ἐφ’
873 3105 1015 3189 ῦλης
1059 3106 1229 3183 τινός,
1277 3105 1330 3169 εἰ
1373 3104 1468 3168 διὰ
1512 3109 1614 3168 τοῦ
1657 3106 1900 3189 σιδήρου
1946 3103 2117 3169 δίεισι
2162 3107 2229 3168 τὸ
2259 3109 2395 3189 πῦρ,
2441 3106 2535 3167 δεῖ
2559 3105 2855 3187 φυλάσσον
2886 3103 3029 3168 αὐτὸ

513 3209 617 3291 τὴν
663 3208 828 3292 ὕλην,
885 3204 977 3292 ἐφ’
1034 3207 1106 3292 ἧς
1152 3208 1216 3271 ὂν
1260 3207 1577 3290 ἐπλησίασε
1623 3212 1708 3292 τῷ
1756 3210 2001 3292 σιδήρῳ,
2066 3211 2283 3293 χωρεῖν
2330 3205 2403 3270 δι’
2459 3205 2658 3284 αὐτοῦ,
2720 3206 2837 3270 ἀλλ’
2895 3205 3031 3270 οὔτε
3056 3223 3112 3267 εὔ

511 3309 583 3371 τὰ
641 3309 781 3378 ξύλα
825 3308 960 3372 οὔτε
1019 3311 1074 3372 οῖ
1120 3309 1407 3393 ἄνθρακες
1472 3308 1608 3372 οὔτε
1661 3333 1744 3379 τις
1789 3308 1941 3394 ἄλλη
1986 3314 2103 3373 τῶν
2151 3309 2545 3391 ὑποκειμένων
2607 3309 2715 3392 ῦλη
2761 3315 2847 3395 τῷ
2894 3310 3029 3393 πυρὶ

406 3431 476 3480 3ο
511 3416 598 3498 τῷ
629 3417 902 3498 πυροῦντι
932 3414 1030 3475 τὸν
1062 3412 1318 3496 σίδηρον,
1350 3412 1409 3475 ἐν
1440 3417 1527 3498 τῷ
1563 3413 1785 3497 σιδήρῳ
1814 3413 2047 3495 γίνεται.
2117 3413 2373 3476 λείπεται
2417 3413 2512 3496 δή,
2548 3409 2555 3497 Ι
2590 3412 2989 3498 χωριζόμενον
3036 3418 3136 3474 610

515 3516 658 3580 αὐτὸ
703 3521 808 3600 τῆς
837 3515 996 3600 ὕλης
1037 3516 1296 3598 γίνεσθαι
1342 3515 1402 3578 ἐν
1447 3515 1631 3600 αὐτῷ.
1721 3515 1842 3579 ἀλλ’
1900 3517 1955 3578 εἰ
1997 3517 2330 3602 χωρίζοιτο,
2398 3515 2709 3600 ἀναγκαῖον
2776 3514 2919 3580 αὐτὸ
2966 3515 3027 3578 ἐν

511 3624 586 3702 τῇ
637 3619 952 3703 μεταβάσει
998 3619 1140 3702 ῦλην
1183 3617 1311 3681 τινὰ
1359 3619 1844 3702 μεταλαμβάνειν,
1890 3620 1985 3682 καὶ
2032 3616 2184 3683 ἔστιν
2230 3616 2338 3682 οὐκ
2382 3616 2532 3702 ἄλλη
2578 3641 2661 3688 τις
2704 3619 2744 3702 ἢ
2792 3620 2825 3681 6
2872 3620 3027 3704 σίδη-

513 3744 613 3806 ρος
656 3720 848 3790 αὐτός.
937 3721 1195 3786 καθόσον
1240 3721 1350 3805 γὰρ
1394 3723 1434 3805 ἡ
1481 3720 1728 3806 ὑγρότης
1771 3721 1924 3786 ἐστὶν
1954 3721 2017 3784 ἐν
2048 3721 2235 3806 αὐτῷ’,
2282 3720 2433 3786 κατὰ
2460 3725 2737 3785 τοσοῦτον
2782 3721 2893 3806 ῦλη
2938 3725 3025 3806 ‘tq’

411 3979 434 4030 l
463 3979 802 4048 πειρωμένους
821 3982 943 4031 AR:
969 3977 1298 4048 πειρωμένοις
1315 3981 1420 4031 Ra:
1445 3979 1758 4050 πειρωμένου
1779 3982 1910 4033 CPS
2052 3981 2143 4047 τῆς
2168 3977 2220 4030 δὲ
2237 3979 2399 4032 BCP:
2437 3977 2586 4048 τῆσδε
2608 3981 2781 4032 ARSa
2922 3979 2954 4030 5
2990 3977 3139 4049 λόγος

403 4068 517 4120 RS:
543 4063 708 4135 λόγοις
729 4067 956 4119 ABCPa
1085 4066 1117 4118 6
1143 4063 1554 4136 πολυθλὺλλητος
1576 4070 1623 4118 Α
1753 4067 1784 4118 7
1824 4066 1902 4131 δὲ]
1928 4066 2147 4119 fortasse
2172 4065 2363 4136 τήνδε
2496 4065 2531 4118 8
2556 4065 2632 4118 ἔτι
2653 4064 2732 4134 τε]
2759 4065 2855 4118 εἴτε
2880 4069 2983 4120 Ra:
3014 4065 3137 4137 εἴγε

405 4153 564 4220 Apelt
702 4153 760 4205 τὸ
786 4155 998 4221 scripsi:
1037 4152 1066 4205 6
1093 4152 1242 4205 libri:
1270 4151 1299 4204 6
1317 4151 1508 4221 <λόγος>
1529 4154 1688 4221 Apelt
1827 4155 1859 4204 9
1886 4153 2055 4210 αὐτοῖς
2080 4169 2179 4205 om.
2201 4157 2281 4206 Rs
2438 4153 2504 4206 10
2525 4153 2711 4206 τοὺτου
2735 4153 2787 4206 δὲ
2814 4154 2957 4208 libri:
2985 4157 3135 4207 τοῦτο

405 4239 461 4292 δὲ
479 4241 637 4308 Apelt
759 4245 852 4294 τοῦ
879 4242 1094 4309 scripsi:
1118 4239 1180 4293 τὸ
1205 4240 1324 4292 libri
1447 4241 1504 4291 11
1529 4239 1801 4309 πείσματα]
1827 4239 2065 4309 πὺσματα
2090 4245 2169 4294 Ra
2294 4243 2406 4310 περὶ
2429 4242 2641 4294 ΒΟΡΒε
2772 4241 2833 4292 12
2868 4239 3135 4310 λεγόμενον

405 4327 570 4381 Idelcr
711 4330 824 4398 περὶ
851 4330 1062 4381 BCPSs
1211 4326 1273 4377 13
1317 4326 1377 4377 ἂν
1405 4327 1586 4394 Apelt:
1625 4328 1674 4379 αἱ
1709 4328 1830 4380 libri
1991 4323 2052 4402 ᾗ]
2088 4327 2135 4380 εἰ
2172 4345 2205 4380 a
2351 4329 2413 4381 14
2450 4328 2542 4396 μὲν
2579 4328 2745 4381 delevi
2894 4327 2958 4381 16
2996 4325 3135 4396 ἐθέρ-

404 4432 530 4483 μανε
559 4416 702 4468 Diels
817 4417 878 4468 18
904 4413 1116 4478 ἔξωθεν]
1143 4411 1246 4474 ἔξω
1272 4415 1362 4482 μὲν
1389 4417 1470 4466 Ra
1591 4416 1652 4466 19
1677 4413 1731 4466 δὲ
1759 4429 1858 4467 om.
1882 4418 1963 4467 Ra
2069 4415 2138 4466 20
2163 4417 2237 4484 τῷ
2264 4413 2455 4486 σιδήρῳ
2484 4415 2771 4468 om.1deler
2878 4415 2940 4468 21
2972 4414 3136 4485 φλόγα

404 4503 549 4556 Rsa:
587 4501 780 4572 φλόγαν
805 4505 995 4556 ABCP
1139 4503 1223 4555 23.
1251 4503 1318 4556 24
1354 4504 1686 4556 καὶ-ταῦτα
1723 4501 2128 4569 circumscripsi,
2157 4501 2221 4552 cf.
2251 4500 2441 4565 226,34
2586 4499 2654 4552 24
2679 4500 2739 4554 τὸ
2766 4508 2887 4556 ante
2914 4501 3008 4574 τὴν
3032 4518 3136 4555 om.

406 4589 570 4642 Ideler
710 4593 868 4642 ταῦτα
897 4590 1106 4656 (ἄτοπα)
1134 4590 1297 4643 ideler
1441 4589 1508 4642 26
1544 4587 1700 4661 πυρὸς
1737 4587 1999 4649 ἐξάπτεται
2036 4593 2117 4642 Rs
2260 4589 2325 4642 27
2365 4587 2494 4647 τινός
2524 4602 2623 4641 om.
2664 4591 2744 4642 Ra
2884 4590 2929 4642 εἰ
2956 4591 3133 4658 Apelt:

405 4676 440 4745 ἢ
469 4677 586 4729 libri
704 4677 972 4747 φυλάσσειν
993 4677 1146 4732 A⁹Ra
1255 4677 1323 4729 28
1341 4677 1473 4741 (καὶ)
1493 4672 1568 4746 ἐφ’
1593 4675 1757 4728 ldeler
1864 4676 1923 4746 ἧς
1949 4675 2006 4727 ὂν
2025 4677 2315 4729 Schwartz:
2346 4675 2461 4729 ὅσον
2488 4676 2606 4728 libri
2715 4675 2979 4746 ἐπλησίαζε
2998 4680 3079 4731 Ra

406 4763 492 4816 28.
513 4763 580 4816 29
607 4764 721 4818 οὔτε
748 4766 811 4819 τὰ
829 4766 1040 4833 scripsi:
1071 4765 1138 4822 οὺ,
1157 4767 1222 4816 τά
1244 4783 1298 4816 τε
1326 4764 1471 4818 libri:
1500 4763 1615 4816 οὑδὲ
1641 4764 1703 4816 τὰ
1727 4763 1891 4816 ldeler
2012 4763 2077 4815 29
2105 4779 2183 4831 pr.
2204 4763 2321 4816 οὔτε
2348 4764 2561 4831 scripsi:
2590 4763 2706 4816 οὐδὲ
2732 4765 2850 4817 libri
2979 4765 3049 4817 30
3073 4763 3133 4835 δὴ

407 4851 746 4922 χωριζόμενον
788 4852 1000 4919 scripsi:
1040 4851 1461 4924 διαχωριζόμενον
1499 4851 1618 4904 libri
1776 4850 1845 4902 32
1880 4849 1939 4920 ἢ]
1966 4851 1997 4920 ἡ
2020 4855 2069 4902 A
2215 4850 2283 4903 33
2320 4849 2471 4908 αὑτός
2508 4850 2695 4905 Ideler:
2741 4850 2871 4921 αὑτή
2910 4851 3030 4905 libri

2604 4939 2731 5004 ιε)τὲ
