3684 5567
1348 258 1609 316 ΗΘΙΚΩΝ
1650 258 1990 316 ΠΡΟΒΛΗΜ
2001 260 2180 316 ΑἹῺΝ
2223 264 2355 317 5-7
3098 264 3214 328 1'27

594 591 730 655 VII.
808 592 933 655 Διὰ
976 592 1073 667 τί,
1118 592 1181 655 εἰ
1223 593 1261 674 ἡ
1308 591 1489 676 λύπη
1535 597 1721 655 πᾶσα
1766 592 1979 655 κακὸν
2025 596 2108 673 τῇ
2158 592 2412 675 ἑαυτῆς
2455 590 2690 675 φύσει,
2738 590 2899 674 οὐχὶ
2946 591 3064 653 καὶ
3110 597 3214 652 243

949 696 989 776 ἡ
1035 694 1255 777 ἡδονὴ
1304 699 1493 757 πᾶσα
1536 694 1799 776 ἀγαθόν
1847 690 2042 757 ἔσται
2085 698 2172 775 τῇ
2221 693 2480 775 ἑαυτῆς
2525 693 2753 777 φύσει.

748 862 823 929 Ἢ
880 863 989 948 γὰρ
1045 868 1237 928 πᾶσαν
1288 862 1407 928 ἔδει
1462 865 1558 927 καὶ
1613 865 1717 947 τὴν
1775 865 1990 948 ἡδονὴν
2049 863 2226 926 κακὸν
2281 862 2426 926 εἶναι
2489 862 2666 928 οὖσαν
2721 863 2975 928 ἐναντίον
3031 868 3104 946 τῇ

588 966 749 1051 λύπῃ
798 971 879 1037 ὥς
923 968 1102 1030 κακὸν
1143 972 1333 1053 κακῷ,
1381 967 1419 1050 ἢ
1466 968 1521 1030 εἰ
1565 968 1645 1050 μὴ
1696 970 1776 1036 ὡς
1804 966 2057 1050 φευκτὸν
2107 965 2257 1047 μηδὲ
2301 966 2479 1027 κακὸν
2523 966 2562 1048 ἡ
2609 967 2814 1050 ἡδονή,
2862 965 2981 1029 ἀλλ’
3025 969 3107 1034 ὡς

518 1090 547 1137 5
584 1069 805 1151 ἀγαθὸν
852 1073 1019 1153 κακῷ
1056 1070 1387 1145 ἀντίκειται,
1434 1073 1623 1133 πᾶσαν
1669 1068 1892 1150 ἀγαθὸν
1925 1067 2090 1130 εἶναι.
2181 1068 2236 1128 εἰ
2278 1066 2388 1150 γὰρ
2421 1064 2513 1150 εἴη
2545 1091 2629 1136 τις
2673 1069 2856 1152 ἡδονὴ
2902 1066 3100 1143 κακόν,
3132 1083 3189 1125 ιο

588 1170 681 1256 εἴη
727 1170 795 1235 ἂν
841 1177 957 1235 τῶν
1002 1174 1205 1234 λυπῶν
1252 1177 1447 1235 κακῶν
1490 1169 1687 1235 οὐσῶν
1734 1173 1940 1233 πασῶν
1985 1171 2024 1252 ἡ
2070 1169 2274 1252 ἡδονή,
2329 1168 2556 1232 ἐναντία
2611 1166 2759 1233 οὖσα
2800 1173 2877 1252 τῇ
2923 1169 3101 1251 λύπῃ,

586 1277 625 1359 ἡ
674 1276 777 1356 μὲν
824 1277 905 1343 ὥς
963 1276 1142 1338 κακὸν
1189 1279 1355 1359 κακῷ
1401 1272 1647 1351 ἐναντία,
1705 1274 1743 1355 ἡ
1790 1272 1856 1335 δὲ
1903 1275 1982 1340 ὡς
2029 1271 2252 1353 α’γαθὸν
2296 1276 2486 1355 κακῷ,
2543 1270 2632 1333 ὅτι
2677 1272 2856 1334 δεῖται
2901 1272 3102 1355 λόγου.

586 1377 625 1459 ἢ
672 1376 808 1440 οὐδὲ
852 1378 1005 1461 λύπη
1054 1382 1214 1440 πᾶσα
1246 1376 1445 1445 κακόν..
1492 1374 1653 1458 εἴγε
1696 1375 1793 1437 καὶ
1838 1374 1900 1437 ἐν
1943 1374 2164 1441 τούτοις
2209 1375 2247 1456 ἡ
2297 1375 2476 1457 ἀρετὴ
2523 1376 2624 1435 τοῦ
2659 1372 2844 1456 μέσου
2893 1395 3100 1459 στοχα-
3131 1389 3182 1431 15

584 1479 782 1561 στική,
836 1479 941 1541 καί
978 1480 1118 1541 εἰσιν
1165 1480 1373 1542 οἰκεῖαι
1415 1484 1502 1562 τῷ
1552 1477 1854 1559 σπουδαίῳ
1911 1477 2008 1539 καὶ
2053 1475 2230 1538 λύπαι
2283 1477 2432 1544 τινὲς
2475 1476 2574 1538 καὶ
2619 1474 2804 1538 πόνοι.
2893 1476 2986 1559 εἴη
3034 1474 3088 1539 δ’

486 1602 549 1649 10
586 1580 655 1644 ἄν
702 1580 1028 1665 κοινότερον
1075 1584 1107 1645 ὁ
1149 1580 1323 1651 πόνος
1364 1587 1471 1664 τῆς
1514 1581 1720 1663 λύπης.
1789 1580 1874 1646 τὶς
1917 1578 2026 1661 γὰρ
2071 1577 2246 1647 πόνος
2291 1578 2536 1662 ἡλύπη.
2606 1580 2702 1640 καὶ
2747 1577 2854 1663 γὰρ
2899 1580 3100 1661 ὥσπερ

580 1686 617 1768 ἡ
664 1684 845 1767 ἡδονὴ
890 1688 1017 1753 ταῖς
1046 1684 1358 1769 ἐνεργείαις
1402 1682 1660 1768 ἑπομένη
1707 1683 1806 1744 καὶ
1851 1681 2025 1765 μέρος
2071 1705 2196 1750 πως
2242 1682 2477 1764 ἢτέλος
2521 1679 2668 1745 οὖσα
2711 1681 2905 1743 αὐτῶν
2952 1678 3087 1765 παρ’

578 1787 815 1850 ἐκείνων
860 1784 987 1872 ἔχει
1034 1788 1098 1850 τὸ
1145 1786 1371 1871 αἱρετόν
1426 1808 1487 1850 τε
1534 1787 1631 1849 καὶ
1684 1783 1932 1869 φευκτόν
1989 1783 2240 1868 (αἱρεταὶ
2289 1782 2392 1863 μὲν
2437 1784 2544 1867 γὰρ
2601 1785 2659 1846 αἱ
2707 1783 2803 1846 ἐπὶ
2849 1788 2974 1852 ταῖς
3018 1785 3100 1847 αἱ·
3127 1800 3184 1841 zo

580 1892 771 1971 ρεταῖς
814 1889 1141 1973 ἐνεργείαις,
1187 1888 1431 1974 φευκταὶ
1476 1884 1527 1949 δ’
1571 1888 1629 1950 αἱ
1675 1888 1772 1949 ἐπὶ
1818 1892 1940 1955 ταῖς
1987 1888 2069 1970 μὴ
2103 1884 2439 1968 τοιαύταις),
2489 1886 2674 1955 οὕτως
2719 1885 2953 1969 εὔλογον
3000 1886 3095 1949 καὶ

577 1991 677 2060 τὰς
736 1992 918 2061 λύπας
980 1993 1408 2077 ὑπολαμβάνειν
1470 1990 1565 2052 ἐπὶ
1621 1991 1931 2074 ἐνεργείαις
1989 1990 2102 2053 τισὶ
2163 1988 2463 2071 γινομένας
2517 1988 2653 2074 παρ’
2711 1991 2947 2053 ἐκείνων
3003 1990 3098 2051 καὶ

480 2114 539 2161 15
574 2093 756 2163 αὐτὰς
798 2092 957 2179 ἔχειν
1003 2096 1068 2157 τὸ
1099 2094 1327 2177 αἱρετόν
1373 2116 1435 2155 τε
1480 2096 1577 2156 καὶ
1622 2094 1870 2176 φευκτὸν
1917 2090 2164 2175 ἔμπαλιν
2211 2097 2326 2154 τῶν
2371 2093 2618 2174 ἡδονῶν.
2689 2094 2792 2163 τὰς
2838 2095 2943 2176 μὲν
2987 2091 3097 2175 γὰρ
3125 2107 3180 2149 25

578 2196 671 2258 ἐπὶ
717 2202 841 2265 ταῖς
885 2182 1089 2265 καλαῖς
1132 2196 1432 2279 γινομένας
1478 2196 1787 2279 ἐνεργείαις
1830 2195 2088 2280 φευκτὰς
2132 2195 2298 2271 εἶναι,
2350 2192 2356 2279 Ι
2407 2196 2510 2264 τὰς
2553 2194 2605 2258 δ’
2659 2196 2754 2259 ἐπὶ
2801 2200 2924 2265 ταῖς
2969 2196 3051 2258 αἰ·
3095 2202 3203 2258 244

575 2304 781 2383 σχραῖς
834 2301 1085 2385 αἱρετάς.
1174 2300 1227 2363 εἰ
1282 2299 1345 2363 δέ
1400 2299 1543 2362 εἰσιν
1600 2298 1783 2361 λῦπαί
1838 2320 1988 2366 τινες
2031 2299 2254 2380 αἱρεταὶ
2301 2299 2396 2361 καὶ
2454 2297 2648 2371 πόνοι,
2708 2298 2822 2360 εἶεν
2880 2297 2948 2360 ἂν
3001 2300 3098 2361 καὶ

572 2402 776 2485 ἡδοναὶ
821 2404 1063 2487 φευκταὶ
1108 2404 1167 2465 αἱ
1200 2408 1322 2471 ταῖς
1366 2401 1574 2471 λύπαις
1618 2402 1856 2470 ταύταις
1898 2400 2164 2464 ἐναντίαι.
2236 2401 2485 2464 ἐναντίαι
2530 2403 2594 2464 δὲ
2639 2402 2842 2483 ἡδοναὶ
2887 2401 3094 2470 λύπαις

576 2506 634 2568 αἱ
678 2506 973 2588 γινόμεναι
1020 2506 1115 2569 ἐπὶ
1160 2510 1284 2574 ταῖς
1314 2505 1601 2574 τοιαύταις
1650 2504 1980 2588 ἐνεργείαις.
2051 2506 2146 2568 καὶ
2194 2504 2288 2567 διὰ
2333 2509 2503 2568 τοῦτο
2550 2505 2618 2568 οὐ
2665 2510 2824 2568 πᾶσα
2870 2505 3093 2587 ἀγαθὸν
3147 2522 3175 2564 5

469 2628 536 2676 20
572 2609 785 2691 ἡδονή,
831 2607 917 2670 ὅτι
967 2610 1117 2692 μηδὲ
1160 2613 1321 2672 πᾶσα
1366 2608 1521 2691 λύπη
1568 2607 1767 2671 κακόν.
1860 2606 2091 2690 ἐλέγετο
2138 2607 2202 2671 δέ
2246 2631 2300 2671 τι
2347 2609 2442 2671 καὶ
2488 2612 2764 2689 τοιοῦτον,
2825 2610 2913 2673 ὅτι
2957 2609 3095 2673 οὐδὲ

572 2715 692 2780 τοῖς
736 2712 1123 2795 ὑποθεμένοις
1166 2716 1356 2775 πᾶσαν
1402 2710 1550 2774 εἶναι
1596 2711 1783 2794 λύπην
1830 2712 2010 2774 κακὸν
2054 2710 2400 2774 ἀκολουθεῖν
2445 2711 2669 2794 ἀνάγκη
2717 2712 2781 2774 τὸ
2826 2712 3092 2795 ἢπᾶσαν

569 2816 785 2898 ἡδονὴν
832 2814 1058 2897 ἀγαθὸν
1088 2812 1231 2878 εἶναι
1278 2816 1317 2898 ἢ
1364 2819 1559 2878 πᾶσαν
1592 2815 1792 2890 κακόν,
1838 2812 2109 2897 κειμένου
2154 2818 2256 2877 τοῦ
2287 2816 2391 2897 τὴν
2422 2815 2609 2897 λύπην
2655 2814 2914 2878 ἐναντίαν
2946 2814 3092 2878 εἶναι
3121 2832 3178 2873 ιο

569 2922 643 3000 τῇ
689 2918 898 3000 ἡδονῇ.
987 2914 1082 3001 ἐφ’
1140 2918 1221 2979 ὧν
1267 2916 1375 3001 γὰρ
1421 2918 1649 2999 ἡδονῶν
1697 2916 2018 3001 ύπερβολαί
2056 2916 2202 2986 τινές
2247 2918 2411 2992 εἰσιν,
2459 2917 2519 2980 ἐν
2563 2918 2786 2987 τούτοις
2829 2918 2942 2982 εἰσὶ
2989 2921 3085 2983 καὶ

570 3020 795 3104 αἱρεταί
835 3043 982 3089 τινες
1026 3019 1231 3103 ἡδοναὶ
1284 3020 1382 3082 καὶ
1426 3019 1683 3104 φευκταί.
1774 3021 1835 3081 αἱ
1884 3021 1986 3101 μὲν
2031 3019 2140 3103 γὰρ
2197 3020 2372 3101 μέσαι
2415 3022 2664 3104 αἱρεταί,
2723 3022 2780 3083 αἱ
2827 3022 2892 3083 δὲ
2937 3021 3086 3083 κατὰ

464 3141 529 3189 25
566 3120 669 3190 τὰς
714 3123 1041 3207 ὑπερβολὰς
1084 3126 1327 3209 φαῦλαι,
1382 3122 1491 3185 εἰσὶ
1538 3122 1602 3185 δὲ
1648 3125 1819 3184 τοῦτο
1867 3120 2118 3207 ἔχουσαι
2171 3125 2230 3185 αἱ
2289 3126 2618 3205 σωματικαὶ
2672 3129 2789 3188 τῶν
2835 3126 3082 3208 ἡδονῶν.

567 3223 662 3310 ἐφ’
719 3227 803 3288 ὦν
849 3228 914 3289 δὲ
960 3227 1043 3309 μή
1089 3228 1230 3290 εἰσιν
1278 3226 1593 3310 ὑπερβολαὶ
1644 3231 1727 3309 τῷ
1778 3226 1874 3289 καὶ
1921 3226 2023 3294 τὰς
2067 3227 2164 3288 ἐπὶ
2219 3226 2394 3289 πλέον
2441 3227 2634 3290 αὐτῶν
2677 3226 2978 3309 γινομένας
3023 3228 3084 3291 ἐν
3115 3243 3167 3285 15

566 3327 627 3389 ἐν
672 3334 759 3411 τῷ
805 3329 1022 3413 αἱρετῷ
1082 3328 1299 3410 μένειν,
1354 3327 1525 3391 αὗται
1581 3332 1763 3393 πᾶσαι
1816 3328 2072 3413 αἱρεταί,
2130 3328 2249 3392 οἷαί
2303 3330 2445 3393 εἰσιν
2499 3330 2560 3392 αἱ
2613 3330 2709 3393 ἐπὶ
2767 3333 2892 3397 ταῖς
2936 3329 3085 3393 κατὰ

568 3431 821 3515 θεωρίαν
868 3431 1198 3514 ἐνεργείαις.
1290 3432 1401 3493 εἰσὶ
1446 3432 1510 3494 δέ
1555 3454 1701 3500 τινες
1747 3432 1844 3494 καὶ
1891 3432 2046 3515 παρὰ
2091 3432 2258 3516 φύσιν
2303 3431 2537 3516 ἡδοναί,
2592 3433 2790 3497 ὁποῖαί
2833 3433 2974 3496 εἰσιν
3020 3434 3082 3495 αἱ

565 3532 883 3617 θηριώδεις
926 3556 987 3595 τε
1032 3534 1126 3596 καὶ
1172 3536 1630 3616 νοσηματώδεις,
1677 3535 1808 3619 περὶ
1855 3536 1934 3596 ὧν
1977 3532 2200 3618 εἴρηται
2246 3534 2306 3597 ἐν
2354 3539 2443 3620 τῷ
2489 3535 2726 3620 ἑβδόμῳ
2771 3541 2886 3597 τῶν
2927 3532 3083 3599 Ἠθι-
3110 3554 3168 3594 2⁰

460 3656 529 3703 30
565 3641 707 3713 κῶν,
763 3636 824 3699 αἳ
878 3635 1011 3699 οὔτε
1065 3637 1281 3720 κυρίως
1335 3636 1653 3720 ἀνθρώπου
1700 3636 1956 3719 λέγοιντο
2015 3636 2082 3700 ἂν
2137 3638 2359 3721 ἡδοναί,
2413 3636 2502 3700 ὅτι
2561 3640 2643 3721 μὴ
2697 3636 2846 3701 κατὰ
2891 3640 3082 3721 φύσιν,

564 3738 697 3802 οὔτε
728 3739 971 3823 αἱρεταί.
1042 3738 1229 3807 οὕτως
1272 3738 1337 3801 δὲ
1366 3738 1635 3823 ἐχουσῶν
1682 3744 1799 3802 τῶν
1830 3742 2058 3822 ἡδονῶν
2105 3741 2318 3808 πάσαις
2362 3740 2467 3821 μὲν
2499 3740 2702 3809 αὐταῖς
2731 3738 2894 3803 ἔσται
2923 3741 3078 3825 λύπη

565 3842 814 3905 ἐναντίον
864 3846 944 3910 ὡς
988 3842 1167 3904 κακὸν
1222 3846 1306 3925 τῷ
1354 3842 1586 3903 κεῖσθαι
1642 3846 1831 3904 πᾶσαν
1889 3842 2035 3905 εἶναι
2078 3842 2264 3925 λύπην
2322 3842 2526 3919 κακόν,
2582 3848 2697 3906 τῶν
2745 3846 2808 3907 δὲ
2852 3846 3081 3928 ἡδονῶν
3109 3862 3168 3905 25

565 3943 695 4007 ὅσαι
743 3944 845 4029 μέν
892 3944 1004 4007 εἰσι
1056 3942 1212 4028 παρὰ
1258 3944 1459 4028 φύσιν,
1515 3943 1683 4007 αὗται
1732 3947 1813 4013 ὡς
1867 3947 2046 4009 κακὸν
2092 3952 2256 4031 κακῷ
2314 3951 2390 4030 τῇ
2438 3947 2594 4029 λύπῃ
2654 3944 2880 4011 ἔσονται
2926 3950 3080 4014 ἐναν-

562 4047 696 4124 τίαι,
741 4046 907 4117 εἴτις
952 4048 1049 4110 καὶ
1080 4047 1289 4115 ταύτας
1334 4046 1395 4109 ἐν
1429 4050 1553 4116 ταῖς
1601 4046 1607 4125 Ι
1660 4049 1897 4131 ἡδοναῖς
1937 4049 2264 4132 καταλέγοι,
2311 4049 2444 4113 ὅσαι
2489 4050 2554 4113 δὲ
2583 4048 2818 4134 ἔχουσιν
2865 4052 3033 4137 ὑπερ·
3079 4060 3185 4117 245

457 4168 523 4218 35
563 4150 763 4234 βολήν,
808 4150 904 4213 ἐπὶ
947 4149 1167 4212 τούτων
1213 4150 1273 4211 αἱ
1322 4150 1424 4233 μὲν
1472 4153 1553 4219 ὡς
1597 4151 1819 4233 ἀγαθὸν
1866 4148 2096 4216 ἔσονται
2140 4158 2214 4235 τῇ
2261 4153 2418 4235 λύπῃ
2451 4154 2721 4229 ἐναντίαι,
2767 4154 2826 4217 αἱ
2872 4154 2933 4218 ἐν
2983 4180 3078 4239 με·

567 4252 765 4339 σότητι
809 4256 905 4318 καὶ
951 4252 1269 4338 ὡρισμέναι
1315 4258 1402 4338 τῷ
1453 4254 1617 4339 ὀρθῷ
1664 4253 1854 4337 λόγῳ,
1908 4256 1968 4318 αἱ
2015 4256 2077 4319 δὲ
2135 4255 2270 4319 καθ’
2328 4257 2684 4341 ὑπερβολήν,
2740 4256 2800 4319 ἐν
2847 4259 2941 4328 αἷς
2984 4262 3080 4324 καὶ

454 4510 487 4562 2
524 4512 626 4564 ἐστι
660 4516 741 4565 Ba
775 4516 863 4581 Sp.
1078 4515 1111 4567 3
1148 4520 1273 4571 ante
1308 4518 1341 4586 ἢ
1380 4518 1591 4571 titulum
1630 4520 1785 4573 iterat
1821 4525 1904 4574 Ba
1927 4524 2016 4589 Sp.
2231 4522 2262 4575 5
2300 4528 2462 4575 πᾶσαν
2499 4522 2604 4577 132a
2631 4526 2743 4592 Sp.:
2784 4532 2899 4578 πῶσ
2936 4526 2994 4579 ἂν
3017 4532 3112 4580 VB

456 4600 487 4651 6
524 4606 711 4652 πασῶν.
768 4600 847 4671 (ἢ)
885 4602 915 4671 ἠ
956 4602 1092 4655 vict.
1130 4607 1220 4673 Sp.
1487 4607 1517 4658 7
1560 4605 1880 4678 ὅτι-λόγου
1917 4610 2128 4677 punctis
2167 4615 2316 4662 notat
2351 4610 2423 4663 13²
2459 4612 2539 4677 (in
2580 4629 2706 4682 mg.:
2744 4611 2880 4671 λύσις
2916 4614 2974 4666 οὒ
3014 4615 3184 4683 μέντοι

456 4686 711 4759 ἀκριβής)τ
739 4704 840 4741 om.
867 4708 900 4741 a
1076 4692 1109 4743 8
1146 4691 1259 4744 οὐδὲ
1284 4696 1401 4761 Sp.=
1429 4692 1543 4747 οὔτε
1570 4694 1691 4748 libri
1876 4696 1937 4747 14
1975 4695 2158 4761 λύπας]
2183 4715 2212 4749 υ
2240 4698 2296 4751 in
2323 4699 2399 4751 lit.
2429 4703 2476 4750 V
2655 4699 2722 4752 29
2759 4700 2854 4765 ὧν]
2881 4720 2908 4750 ν
2937 4718 2980 4755 8.
3009 4719 3054 4755 v·
3081 4708 3132 4755 V

456 4771 538 4825 29.
574 4774 643 4827 30
696 4774 900 4846 ἑβδόμῳ
946 4784 1051 4829 τῶν
1093 4774 1353 4848 Ἠθικῶν]
1410 4781 1527 4833 Eth.
1576 4783 1689 4836 Nic.
1728 4783 1846 4847 Vll,
1878 4784 1920 4835 l.
1965 4784 2213 4838 11452215
2235 4802 2347 4854 sqq.
2561 4787 2646 4839 31.
2683 4786 2751 4840 32
2788 4788 3010 4842 ἐναντίον
3048 4790 3184 4844 ἔσται

455 4858 585 4932 λύπη
624 4866 702 4916 Ba
737 4868 825 4933 Sp.
1041 4865 1108 4919 36
1146 4866 1221 4925 αἷς
1257 4870 1377 4935 Spa
1418 4868 1489 4929 οἷς
1526 4869 1645 4923 libri
