<?xml version="1.0" encoding="UTF-8"?>
<!DOCTYPE html PUBLIC "-//W3C//DTD XHTML 1.0 Transitional//EN"
    "http://www.w3.org/TR/xhtml1/DTD/xhtml1-transitional.dtd">
<html xmlns="http://www.w3.org/1999/xhtml" xml:lang="en" lang="en">
 <head>
  <title>
</title>
<meta http-equiv="Content-Type" content="text/html;charset=utf-8" />
  <meta name='ocr-system' content='tesseract 3.04.00' />
  <meta name='ocr-capabilities' content='ocr_page ocr_carea ocr_par ocr_line ocrx_word'/>
</head>
<body>
  <div class='ocr_page' id='page_1' title='image "./supplementumari00wissgoog_0017.png"; bbox 0 0 3684 5567; ppageno 0'>
   <div class='ocr_carea' id='block_1_1' title="bbox 1389 271 3131 334">
    <p class='ocr_par' dir='ltr' id='par_1_1' title="bbox 1389 271 3131 334">
     <span class='ocr_line' id='line_1_1' title="bbox 1389 271 3131 334; baseline 0.001 -11"><span class='ocrx_word' id='word_1_1' title='bbox 1389 273 1412 323; x_wconf 93' lang='grc' dir='ltr'>Ι</span> <span class='ocrx_word' id='word_1_2' title='bbox 1487 273 1572 324; x_wconf 77' lang='grc' dir='ltr'><strong>ΒΕ</strong></span> <span class='ocrx_word' id='word_1_3' title='bbox 1609 271 2155 334; x_wconf 82' lang='lat' dir='ltr'><strong>QUAESTIONIBUS</strong></span> <span class='ocrx_word' id='word_1_4' title='bbox 3070 271 3131 312; x_wconf 72' lang='lat' dir='ltr'><strong>:u</strong></span> 
     </span>
    </p>
   </div>
   <div class='ocr_carea' id='block_1_2' title="bbox 359 443 3205 4718">
    <p class='ocr_par' dir='ltr' id='par_1_2' title="bbox 416 443 3131 1010">
     <span class='ocr_line' id='line_1_2' title="bbox 419 443 3131 534; baseline -0 -27"><span class='ocrx_word' id='word_1_5' title='bbox 419 447 622 508; x_wconf 87' lang='lat' dir='ltr'><strong>terum</strong></span> <span class='ocrx_word' id='word_1_6' title='bbox 667 443 751 512; x_wconf 86' lang='lat' dir='ltr'><strong>de</strong></span> <span class='ocrx_word' id='word_1_7' title='bbox 793 449 1200 532; x_wconf 88' lang='lat' dir='ltr'><strong>providentia</strong></span> <span class='ocrx_word' id='word_1_8' title='bbox 1245 445 1796 534; x_wconf 80' lang='lat'><strong>(40‚1.0—41,19),</strong></span> <span class='ocrx_word' id='word_1_9' title='bbox 1844 464 2011 527; x_wconf 88' lang='lat' dir='ltr'><strong>quae</strong></span> <span class='ocrx_word' id='word_1_10' title='bbox 2054 444 2172 509; x_wconf 85' lang='lat' dir='ltr'><strong>sub</strong></span> <span class='ocrx_word' id='word_1_11' title='bbox 2228 443 2491 510; x_wconf 76' lang='lat' dir='ltr'><strong>editoris</strong></span> <span class='ocrx_word' id='word_1_12' title='bbox 2537 463 2727 508; x_wconf 90' lang='lat' dir='ltr'><strong>manu</strong></span> <span class='ocrx_word' id='word_1_13' title='bbox 2775 443 2943 508; x_wconf 88' lang='lat' dir='ltr'><strong>male</strong></span> <span class='ocrx_word' id='word_1_14' title='bbox 2989 462 3131 507; x_wconf 90' lang='lat' dir='ltr'><strong>coa-</strong></span> 
     </span>
     <span class='ocr_line' id='line_1_3' title="bbox 418 561 3131 651; baseline -0 -23"><span class='ocrx_word' id='word_1_15' title='bbox 418 564 624 648; x_wconf 83' lang='lat' dir='ltr'><strong>luere,</strong></span> <span class='ocrx_word' id='word_1_16' title='bbox 693 566 881 633; x_wconf 90' lang='lat' dir='ltr'><strong>docui</strong></span> <span class='ocrx_word' id='word_1_17' title='bbox 947 569 1107 634; x_wconf 87' lang='lat' dir='ltr'><strong>Mus.</strong></span> <span class='ocrx_word' id='word_1_18' title='bbox 1154 570 1358 635; x_wconf 92' lang='lat' dir='ltr'><strong>Rhen.</strong></span> <span class='ocrx_word' id='word_1_19' title='bbox 1404 570 1647 648; x_wconf 79' lang='grc'><strong>45,223</strong></span> <span class='ocrx_word' id='word_1_20' title='bbox 1673 588 1764 651; x_wconf 91' lang='lat' dir='ltr'><strong>sq.</strong></span> <span class='ocrx_word' id='word_1_21' title='bbox 1853 585 2062 647; x_wconf 90' lang='lat' dir='ltr'><strong>neque</strong></span> <span class='ocrx_word' id='word_1_22' title='bbox 2126 564 2315 630; x_wconf 88' lang='lat' dir='ltr'><strong>aliter</strong></span> <span class='ocrx_word' id='word_1_23' title='bbox 2370 561 2677 627; x_wconf 82' lang='lat' dir='ltr'><strong>iudicabit</strong></span> <span class='ocrx_word' id='word_1_24' title='bbox 2719 562 2801 627; x_wconf 90' lang='lat' dir='ltr'><strong>de</strong></span> <span class='ocrx_word' id='word_1_25' title='bbox 2854 563 2905 646; x_wconf 93' lang='lat' dir='ltr'><strong>I,</strong></span> <span class='ocrx_word' id='word_1_26' title='bbox 2936 564 3008 627; x_wconf 82' lang='lat'><strong>17</strong></span> <span class='ocrx_word' id='word_1_27' title='bbox 3066 570 3131 627; x_wconf 86' lang='lat' dir='ltr'><strong>et</strong></span> 
     </span>
     <span class='ocr_line' id='line_1_4' title="bbox 416 682 3128 770; baseline 0 -22"><span class='ocrx_word' id='word_1_28' title='bbox 416 683 500 766; x_wconf 91' lang='lat' dir='ltr'><strong>ll,</strong></span> <span class='ocrx_word' id='word_1_29' title='bbox 525 684 608 749; x_wconf 91' lang='grc'><strong>26</strong></span> <span class='ocrx_word' id='word_1_30' title='bbox 651 684 726 770; x_wconf 90' lang='lat' dir='ltr'><strong>is,</strong></span> <span class='ocrx_word' id='word_1_31' title='bbox 794 686 900 770; x_wconf 89' lang='lat' dir='ltr'><strong>qui</strong></span> <span class='ocrx_word' id='word_1_32' title='bbox 947 689 1266 770; x_wconf 86' lang='lat' dir='ltr'><strong>quomodo</strong></span> <span class='ocrx_word' id='word_1_33' title='bbox 1325 696 1549 754; x_wconf 79' lang='lat' dir='ltr'><strong>auctor</strong></span> <span class='ocrx_word' id='word_1_34' title='bbox 1602 693 1715 752; x_wconf 90' lang='lat' dir='ltr'><strong>aut</strong></span> <span class='ocrx_word' id='word_1_35' title='bbox 1769 686 2022 767; x_wconf 84' lang='lat' dir='ltr'><strong>integra</strong></span> <span class='ocrx_word' id='word_1_36' title='bbox 2072 683 2506 767; x_wconf 88' lang='lat' dir='ltr'><strong>disputatione</strong></span> <span class='ocrx_word' id='word_1_37' title='bbox 2558 689 2673 748; x_wconf 87' lang='lat' dir='ltr'><strong>aut</strong></span> <span class='ocrx_word' id='word_1_38' title='bbox 2732 682 3128 767; x_wconf 82' lang='lat' dir='ltr'><strong>problemate</strong></span> 
     </span>
     <span class='ocr_line' id='line_1_5' title="bbox 419 801 3129 891; baseline -0 -24"><span class='ocrx_word' id='word_1_39' title='bbox 419 803 504 868; x_wconf 88' lang='lat' dir='ltr'><strong>ad</strong></span> <span class='ocrx_word' id='word_1_40' title='bbox 549 803 738 870; x_wconf 88' lang='lat' dir='ltr'><strong>finem</strong></span> <span class='ocrx_word' id='word_1_41' title='bbox 772 806 1081 890; x_wconf 89' lang='lat' dir='ltr'><strong>perducto</strong></span> <span class='ocrx_word' id='word_1_42' title='bbox 1125 808 1244 873; x_wconf 88' lang='lat' dir='ltr'><strong>hoc</strong></span> <span class='ocrx_word' id='word_1_43' title='bbox 1275 813 1718 891; x_wconf 79' lang='lat' dir='ltr'><strong>argumentum</strong></span> <span class='ocrx_word' id='word_1_44' title='bbox 1750 802 2143 886; x_wconf 73' lang='lat' dir='ltr'><strong>tractaverit,</strong></span> <span class='ocrx_word' id='word_1_45' title='bbox 2189 822 2269 867; x_wconf 91' lang='lat' dir='ltr'><strong>ex</strong></span> <span class='ocrx_word' id='word_1_46' title='bbox 2314 803 2414 868; x_wconf 92' lang='lat' dir='ltr'><strong>De</strong></span> <span class='ocrx_word' id='word_1_47' title='bbox 2444 801 2660 867; x_wconf 91' lang='lat' dir='ltr'><strong>anima</strong></span> <span class='ocrx_word' id='word_1_48' title='bbox 2704 802 2767 866; x_wconf 92' lang='grc' dir='ltr'><strong>ΙΙ</strong></span> <span class='ocrx_word' id='word_1_49' title='bbox 2797 803 3017 886; x_wconf 89' lang='grc'><strong>119,21</strong></span> <span class='ocrx_word' id='word_1_50' title='bbox 3035 823 3129 884; x_wconf 90' lang='lat' dir='ltr'><strong>sq.</strong></span> 
     </span>
     <span class='ocr_line' id='line_1_6' title="bbox 419 921 1429 1010; baseline 0.008 -25"><span class='ocrx_word' id='word_1_51' title='bbox 419 929 486 986; x_wconf 90' lang='lat' dir='ltr'><strong>et</strong></span> <span class='ocrx_word' id='word_1_52' title='bbox 529 921 793 1000; x_wconf 84' lang='lat' dir='ltr'><strong>Quaest.</strong></span> <span class='ocrx_word' id='word_1_53' title='bbox 841 926 891 1010; x_wconf 86' lang='lat'><strong>1,</strong></span> <span class='ocrx_word' id='word_1_54' title='bbox 912 927 996 991; x_wconf 88' lang='grc'><strong>26</strong></span> <span class='ocrx_word' id='word_1_55' title='bbox 1039 927 1429 1010; x_wconf 87' lang='lat' dir='ltr'><strong>cognoverit.</strong></span> 
     </span>
    </p>

    <p class='ocr_par' dir='ltr' id='par_1_3' title="bbox 359 1041 3205 3164">
     <span class='ocr_line' id='line_1_7' title="bbox 589 1041 3130 1131; baseline -0.001 -24"><span class='ocrx_word' id='word_1_56' title='bbox 589 1042 784 1110; x_wconf 87' lang='lat' dir='ltr'><strong>Vides</strong></span> <span class='ocrx_word' id='word_1_57' title='bbox 829 1065 1022 1130; x_wconf 89' lang='lat' dir='ltr'><strong>quam</strong></span> <span class='ocrx_word' id='word_1_58' title='bbox 1088 1046 1386 1131; x_wconf 80' lang='lat' dir='ltr'><strong>dispares</strong></span> <span class='ocrx_word' id='word_1_59' title='bbox 1439 1045 1568 1111; x_wconf 88' lang='lat' dir='ltr'><strong>sint</strong></span> <span class='ocrx_word' id='word_1_60' title='bbox 1619 1050 1862 1128; x_wconf 88' lang='lat' dir='ltr'><strong>partes,</strong></span> <span class='ocrx_word' id='word_1_61' title='bbox 1928 1061 2008 1108; x_wconf 88' lang='lat' dir='ltr'><strong>ex</strong></span> <span class='ocrx_word' id='word_1_62' title='bbox 2074 1041 2304 1126; x_wconf 90' lang='lat' dir='ltr'><strong>quibus</strong></span> <span class='ocrx_word' id='word_1_63' title='bbox 2370 1042 2618 1128; x_wconf 77' lang='lat' dir='ltr'><strong>physici</strong></span> <span class='ocrx_word' id='word_1_64' title='bbox 2664 1041 3130 1120; x_wconf 82' lang='lat' dir='ltr'><strong>Quaestionum</strong></span> 
     </span>
     <span class='ocr_line' id='line_1_8' title="bbox 420 1159 3132 1250; baseline 0.001 -26"><span class='ocrx_word' id='word_1_65' title='bbox 420 1159 562 1226; x_wconf 90' lang='lat' dir='ltr'><strong>libri</strong></span> <span class='ocrx_word' id='word_1_66' title='bbox 609 1169 926 1249; x_wconf 89' lang='lat' dir='ltr'><strong>constent,</strong></span> <span class='ocrx_word' id='word_1_67' title='bbox 972 1185 1133 1249; x_wconf 90' lang='lat' dir='ltr'><strong>quas</strong></span> <span class='ocrx_word' id='word_1_68' title='bbox 1177 1187 1306 1231; x_wconf 92' lang='lat' dir='ltr'><strong>non</strong></span> <span class='ocrx_word' id='word_1_69' title='bbox 1353 1165 1559 1250; x_wconf 88' lang='lat' dir='ltr'><strong>possit</strong></span> <span class='ocrx_word' id='word_1_70' title='bbox 1600 1165 1742 1248; x_wconf 87' lang='lat' dir='ltr'><strong>ipse</strong></span> <span class='ocrx_word' id='word_1_71' title='bbox 1787 1169 2009 1228; x_wconf 87' lang='lat' dir='ltr'><strong>auctor</strong></span> <span class='ocrx_word' id='word_1_72' title='bbox 2040 1161 2132 1226; x_wconf 88' lang='lat' dir='ltr'><strong>ita</strong></span> <span class='ocrx_word' id='word_1_73' title='bbox 2161 1161 2615 1244; x_wconf 73' lang='lat' dir='ltr'><strong>composuisse.</strong></span> <span class='ocrx_word' id='word_1_74' title='bbox 2706 1163 2898 1227; x_wconf 90' lang='lat' dir='ltr'><strong>immo</strong></span> <span class='ocrx_word' id='word_1_75' title='bbox 2944 1161 3132 1227; x_wconf 87' lang='lat' dir='ltr'><strong>debe-</strong></span> 
     </span>
     <span class='ocr_line' id='line_1_9' title="bbox 418 1281 3132 1369; baseline 0.001 -26"><span class='ocrx_word' id='word_1_76' title='bbox 418 1287 519 1344; x_wconf 88' lang='lat' dir='ltr'><strong>tur</strong></span> <span class='ocrx_word' id='word_1_77' title='bbox 569 1281 694 1347; x_wconf 90' lang='lat' dir='ltr'><strong>hoc</strong></span> <span class='ocrx_word' id='word_1_78' title='bbox 737 1290 870 1348; x_wconf 83' lang='lat' dir='ltr'><strong>tam</strong></span> <span class='ocrx_word' id='word_1_79' title='bbox 915 1285 1210 1369; x_wconf 86' lang='lat' dir='ltr'><strong>imperito</strong></span> <span class='ocrx_word' id='word_1_80' title='bbox 1257 1284 1519 1368; x_wconf 90' lang='lat' dir='ltr'><strong>homini,</strong></span> <span class='ocrx_word' id='word_1_81' title='bbox 1579 1291 1646 1347; x_wconf 87' lang='lat' dir='ltr'><strong>ut</strong></span> <span class='ocrx_word' id='word_1_82' title='bbox 1691 1303 1773 1347; x_wconf 91' lang='lat' dir='ltr'><strong>ne</strong></span> <span class='ocrx_word' id='word_1_83' title='bbox 1827 1281 2209 1366; x_wconf 88' lang='lat' dir='ltr'><strong>discipulum</strong></span> <span class='ocrx_word' id='word_1_84' title='bbox 2254 1281 2511 1366; x_wconf 89' lang='lat' dir='ltr'><strong>quidem</strong></span> <span class='ocrx_word' id='word_1_85' title='bbox 2555 1281 2753 1347; x_wconf 83' lang='lat' dir='ltr'><strong>fuisse</strong></span> <span class='ocrx_word' id='word_1_86' title='bbox 2798 1301 2943 1347; x_wconf 88' lang='lat' dir='ltr'><strong>eum</strong></span> <span class='ocrx_word' id='word_1_87' title='bbox 2988 1281 3132 1346; x_wconf 86' lang='lat' dir='ltr'><strong>Ale-</strong></span> 
     </span>
     <span class='ocr_line' id='line_1_10' title="bbox 417 1400 3133 1490; baseline 0.001 -28"><span class='ocrx_word' id='word_1_88' title='bbox 417 1400 647 1465; x_wconf 87' lang='lat' dir='ltr'><strong>xandri</strong></span> <span class='ocrx_word' id='word_1_89' title='bbox 691 1401 886 1468; x_wconf 88' lang='lat' dir='ltr'><strong>liceat</strong></span> <span class='ocrx_word' id='word_1_90' title='bbox 939 1404 1271 1490; x_wconf 89' lang='lat' dir='ltr'><strong>suspicari.</strong></span> <span class='ocrx_word' id='word_1_91' title='bbox 1359 1405 1602 1471; x_wconf 89' lang='lat' dir='ltr'><strong>nullam</strong></span> <span class='ocrx_word' id='word_1_92' title='bbox 1656 1403 1824 1471; x_wconf 92' lang='lat' dir='ltr'><strong>enim</strong></span> <span class='ocrx_word' id='word_1_93' title='bbox 1878 1403 1944 1466; x_wconf 89' lang='lat' dir='ltr'><strong>in</strong></span> <span class='ocrx_word' id='word_1_94' title='bbox 1998 1401 2420 1487; x_wconf 87' lang='lat' dir='ltr'><strong>disponendis</strong></span> <span class='ocrx_word' id='word_1_95' title='bbox 2474 1400 2575 1466; x_wconf 87' lang='lat' dir='ltr'><strong>his</strong></span> <span class='ocrx_word' id='word_1_96' title='bbox 2625 1402 2823 1468; x_wconf 84' lang='lat' dir='ltr'><strong>variis</strong></span> <span class='ocrx_word' id='word_1_97' title='bbox 2877 1409 3133 1469; x_wconf 88' lang='lat' dir='ltr'><strong>secutus</strong></span> 
     </span>
     <span class='ocr_line' id='line_1_11' title="bbox 416 1519 3135 1609; baseline 0.001 -26"><span class='ocrx_word' id='word_1_98' title='bbox 416 1519 626 1602; x_wconf 88' lang='lat' dir='ltr'><strong>legem</strong></span> <span class='ocrx_word' id='word_1_99' title='bbox 681 1521 1083 1606; x_wconf 88' lang='lat' dir='ltr'><strong>problemata</strong></span> <span class='ocrx_word' id='word_1_100' title='bbox 1147 1524 1717 1609; x_wconf 86' lang='lat' dir='ltr'><strong>interpretationes</strong></span> <span class='ocrx_word' id='word_1_101' title='bbox 1767 1523 2132 1606; x_wconf 82' lang='lat' dir='ltr'><strong>fragmenta</strong></span> <span class='ocrx_word' id='word_1_102' title='bbox 2184 1521 2400 1586; x_wconf 89' lang='lat' dir='ltr'><strong>omnia</strong></span> <span class='ocrx_word' id='word_1_103' title='bbox 2450 1521 2737 1587; x_wconf 88' lang='lat' dir='ltr'><strong>turbavit</strong></span> <span class='ocrx_word' id='word_1_104' title='bbox 2791 1529 2855 1589; x_wconf 92' lang='lat' dir='ltr'><strong>et</strong></span> <span class='ocrx_word' id='word_1_105' title='bbox 2906 1521 3135 1588; x_wconf 88' lang='lat' dir='ltr'><strong>cohae-</strong></span> 
     </span>
     <span class='ocr_line' id='line_1_12' title="bbox 415 1639 3131 1728; baseline 0.002 -26"><span class='ocrx_word' id='word_1_106' title='bbox 415 1639 627 1704; x_wconf 90' lang='lat' dir='ltr'><strong>rentia</strong></span> <span class='ocrx_word' id='word_1_107' title='bbox 655 1643 1006 1726; x_wconf 87' lang='lat' dir='ltr'><strong>separavit,</strong></span> <span class='ocrx_word' id='word_1_108' title='bbox 1055 1650 1123 1708; x_wconf 92' lang='lat' dir='ltr'><strong>ut</strong></span> <span class='ocrx_word' id='word_1_109' title='bbox 1169 1645 1218 1728; x_wconf 92' lang='lat' dir='ltr'><strong>I,</strong></span> <span class='ocrx_word' id='word_1_110' title='bbox 1247 1646 1328 1710; x_wconf 88' lang='grc'><strong>19</strong></span> <span class='ocrx_word' id='word_1_111' title='bbox 1369 1651 1435 1710; x_wconf 93' lang='lat' dir='ltr'><strong>et</strong></span> <span class='ocrx_word' id='word_1_112' title='bbox 1479 1644 1672 1726; x_wconf 84' lang='lat'><strong>11,15</strong></span> <span class='ocrx_word' id='word_1_113' title='bbox 1714 1644 1817 1708; x_wconf 87' lang='lat' dir='ltr'><strong>vel</strong></span> <span class='ocrx_word' id='word_1_114' title='bbox 1865 1643 1915 1724; x_wconf 90' lang='grc' dir='ltr'>Ι,</span> <span class='ocrx_word' id='word_1_115' title='bbox 1944 1642 2041 1706; x_wconf 80' lang='grc'><strong>17.</strong></span> <span class='ocrx_word' id='word_1_116' title='bbox 2066 1642 2167 1707; x_wconf 89' lang='grc'><strong>26.</strong></span> <span class='ocrx_word' id='word_1_117' title='bbox 2216 1641 2297 1724; x_wconf 92' lang='grc' dir='ltr'><strong>ΙΙ,</strong></span> <span class='ocrx_word' id='word_1_118' title='bbox 2323 1641 2425 1705; x_wconf 84' lang='grc'><strong>26.</strong></span> <span class='ocrx_word' id='word_1_119' title='bbox 2516 1641 2621 1707; x_wconf 91' lang='lat' dir='ltr'><strong>ubi</strong></span> <span class='ocrx_word' id='word_1_120' title='bbox 2654 1649 2869 1708; x_wconf 87' lang='lat' dir='ltr'><strong>autem</strong></span> <span class='ocrx_word' id='word_1_121' title='bbox 2899 1643 3131 1720; x_wconf 84' lang='lat' dir='ltr'><strong>fontes,</strong></span> 
     </span>
     <span class='ocr_line' id='line_1_13' title="bbox 416 1757 3205 1848; baseline 0.002 -27"><span class='ocrx_word' id='word_1_122' title='bbox 416 1757 646 1840; x_wconf 91' lang='lat' dir='ltr'><strong>quibus</strong></span> <span class='ocrx_word' id='word_1_123' title='bbox 701 1781 854 1825; x_wconf 85' lang='lat' dir='ltr'><strong>usus</strong></span> <span class='ocrx_word' id='word_1_124' title='bbox 909 1770 1026 1844; x_wconf 86' lang='lat' dir='ltr'><strong>est,</strong></span> <span class='ocrx_word' id='word_1_125' title='bbox 1081 1763 1252 1830; x_wconf 90' lang='lat' dir='ltr'><strong>idem</strong></span> <span class='ocrx_word' id='word_1_126' title='bbox 1309 1764 1408 1829; x_wconf 89' lang='lat' dir='ltr'><strong>bis</strong></span> <span class='ocrx_word' id='word_1_127' title='bbox 1473 1763 1927 1848; x_wconf 88' lang='lat' dir='ltr'><strong>praebuerunt,</strong></span> <span class='ocrx_word' id='word_1_128' title='bbox 1994 1759 2119 1824; x_wconf 88' lang='lat' dir='ltr'><strong>boc</strong></span> <span class='ocrx_word' id='word_1_129' title='bbox 2171 1780 2299 1825; x_wconf 91' lang='lat' dir='ltr'><strong>non</strong></span> <span class='ocrx_word' id='word_1_130' title='bbox 2366 1760 2549 1844; x_wconf 86' lang='lat' dir='ltr'><strong>vidit,</strong></span> <span class='ocrx_word' id='word_1_131' title='bbox 2616 1761 2730 1826; x_wconf 90' lang='lat' dir='ltr'><strong>sed</strong></span> <span class='ocrx_word' id='word_1_132' title='bbox 2799 1769 3133 1844; x_wconf 87' lang='lat' dir='ltr'><strong>utrumque</strong></span> <span class='ocrx_word' id='word_1_133' title='bbox 3200 1837 3205 1840; x_wconf 49' lang='grc'>,</span> 
     </span>
     <span class='ocr_line' id='line_1_14' title="bbox 415 1877 3131 1978; baseline 0.001 -37"><span class='ocrx_word' id='word_1_134' title='bbox 415 1877 678 1961; x_wconf 88' lang='lat' dir='ltr'><strong>recepit.</strong></span> <span class='ocrx_word' id='word_1_135' title='bbox 768 1880 820 1963; x_wconf 93' lang='lat' dir='ltr'><strong>I,</strong></span> <span class='ocrx_word' id='word_1_136' title='bbox 847 1882 954 1945; x_wconf 81' lang='grc' dir='ltr'><strong>11Ιι</strong></span> <span class='ocrx_word' id='word_1_137' title='bbox 999 1883 1168 1948; x_wconf 90' lang='lat' dir='ltr'><strong>enim</strong></span> <span class='ocrx_word' id='word_1_138' title='bbox 1216 1891 1280 1950; x_wconf 89' lang='lat' dir='ltr'><strong>et</strong></span> <span class='ocrx_word' id='word_1_139' title='bbox 1325 1884 1512 1966; x_wconf 76' lang='lat' dir='ltr'><strong>I,11b</strong></span> <span class='ocrx_word' id='word_1_140' title='bbox 1554 1883 1641 1948; x_wconf 88' lang='lat' dir='ltr'><strong>ad</strong></span> <span class='ocrx_word' id='word_1_141' title='bbox 1685 1880 1953 1947; x_wconf 89' lang='lat' dir='ltr'><strong>verbum</strong></span> <span class='ocrx_word' id='word_1_142' title='bbox 1986 1879 2346 1961; x_wconf 88' lang='lat' dir='ltr'><strong>concinunt,</strong></span> <span class='ocrx_word' id='word_1_143' title='bbox 2394 1899 2471 1944; x_wconf 89' lang='lat' dir='ltr'><strong>eo</strong></span> <span class='ocrx_word' id='word_1_144' title='bbox 2518 1886 2765 1945; x_wconf 89' lang='lat' dir='ltr'><strong>tantum</strong></span> <span class='ocrx_word' id='word_1_145' title='bbox 2810 1880 3131 1978; x_wconf 86' lang='lat' dir='ltr'><strong>differunt,</strong></span> 
     </span>
     <span class='ocr_line' id='line_1_15' title="bbox 414 1997 3133 2088; baseline 0.003 -28"><span class='ocrx_word' id='word_1_146' title='bbox 414 1997 584 2078; x_wconf 91' lang='lat' dir='ltr'><strong>quod</strong></span> <span class='ocrx_word' id='word_1_147' title='bbox 641 1999 873 2065; x_wconf 91' lang='lat' dir='ltr'><strong>iterato</strong></span> <span class='ocrx_word' id='word_1_148' title='bbox 929 2003 1123 2088; x_wconf 89' lang='lat' dir='ltr'><strong>capiti</strong></span> <span class='ocrx_word' id='word_1_149' title='bbox 1185 2005 1291 2068; x_wconf 77' lang='lat'><strong>11¹&gt;</strong></span> <span class='ocrx_word' id='word_1_150' title='bbox 1347 2003 1794 2088; x_wconf 84' lang='lat' dir='ltr'><strong>paragraphus</strong></span> <span class='ocrx_word' id='word_1_151' title='bbox 1850 1997 2142 2082; x_wconf 88' lang='lat' dir='ltr'><strong>accessit,</strong></span> <span class='ocrx_word' id='word_1_152' title='bbox 2206 2018 2373 2082; x_wconf 89' lang='lat' dir='ltr'><strong>quae</strong></span> <span class='ocrx_word' id='word_1_153' title='bbox 2430 2001 2535 2064; x_wconf 68' lang='lat'><strong>11⁸</strong></span> <span class='ocrx_word' id='word_1_154' title='bbox 2600 1999 2801 2066; x_wconf 86' lang='lat' dir='ltr'><strong>deest.</strong></span> <span class='ocrx_word' id='word_1_155' title='bbox 2913 2001 3133 2085; x_wconf 90' lang='lat' dir='ltr'><strong>inepte</strong></span> 
     </span>
     <span class='ocr_line' id='line_1_16' title="bbox 359 2114 3133 2207; baseline 0.005 -30"><span class='ocrx_word' id='word_1_156' title='bbox 359 2115 366 2126; x_wconf 85' lang='lat'>‘</span> <span class='ocrx_word' id='word_1_157' title='bbox 414 2114 607 2207; x_wconf 83' lang='lat' dir='ltr'><strong>igitur</strong></span> <span class='ocrx_word' id='word_1_158' title='bbox 672 2115 1044 2204; x_wconf 83' lang='lat' dir='ltr'><strong>inscriptum</strong></span> <span class='ocrx_word' id='word_1_159' title='bbox 1111 2131 1212 2188; x_wconf 89' lang='lat' dir='ltr'><strong>est</strong></span> <span class='ocrx_word' id='word_1_160' title='bbox 1263 2123 1449 2189; x_wconf 88' lang='lat' dir='ltr'><strong>alteri</strong></span> <span class='ocrx_word' id='word_1_161' title='bbox 1515 2122 1708 2207; x_wconf 87' lang='lat' dir='ltr'><strong>capiti</strong></span> <span class='ocrx_word' id='word_1_162' title='bbox 1775 2120 1969 2188; x_wconf 78' lang='grc' dir='ltr'><strong>ἄλλως</strong></span> <span class='ocrx_word' id='word_1_163' title='bbox 2023 2118 2467 2204; x_wconf 82' lang='grc' dir='ltr'>ἐπιμελέστερον</span> <span class='ocrx_word' id='word_1_164' title='bbox 2520 2121 2880 2204; x_wconf 83' lang='grc' dir='ltr'><strong>τεταγμένον.</strong></span> <span class='ocrx_word' id='word_1_165' title='bbox 2979 2121 3133 2187; x_wconf 82' lang='lat' dir='ltr'><strong>item</strong></span> 
     </span>
     <span class='ocr_line' id='line_1_17' title="bbox 415 2239 3138 2325; baseline 0.003 -28"><span class='ocrx_word' id='word_1_166' title='bbox 415 2253 590 2318; x_wconf 89' lang='lat' dir='ltr'><strong>casu,</strong></span> <span class='ocrx_word' id='word_1_167' title='bbox 637 2257 767 2300; x_wconf 90' lang='lat' dir='ltr'><strong>non</strong></span> <span class='ocrx_word' id='word_1_168' title='bbox 813 2239 1061 2306; x_wconf 87' lang='lat' dir='ltr'><strong>ratione</strong></span> <span class='ocrx_word' id='word_1_169' title='bbox 1106 2241 1336 2306; x_wconf 91' lang='lat' dir='ltr'><strong>ductus</strong></span> <span class='ocrx_word' id='word_1_170' title='bbox 1377 2243 1445 2306; x_wconf 90' lang='lat' dir='ltr'><strong>in</strong></span> <span class='ocrx_word' id='word_1_171' title='bbox 1491 2240 2105 2310; x_wconf 73' lang='lat' dir='ltr'><strong>commentationum</strong></span> <span class='ocrx_word' id='word_1_172' title='bbox 2135 2259 2469 2304; x_wconf 89' lang='lat' dir='ltr'><strong>numerum</strong></span> <span class='ocrx_word' id='word_1_173' title='bbox 2516 2241 2758 2325; x_wconf 86' lang='lat' dir='ltr'><strong>recepit</strong></span> <span class='ocrx_word' id='word_1_174' title='bbox 2790 2241 3138 2306; x_wconf 91' lang='lat' dir='ltr'><strong>memoriae</strong></span> 
     </span>
     <span class='ocr_line' id='line_1_18' title="bbox 415 2353 3139 2445; baseline 0.003 -28"><span class='ocrx_word' id='word_1_175' title='bbox 415 2353 855 2422; x_wconf 87' lang='lat' dir='ltr'><strong>definitionem</strong></span> <span class='ocrx_word' id='word_1_176' title='bbox 902 2360 1096 2444; x_wconf 88' lang='lat'><strong>111,1.</strong></span> <span class='ocrx_word' id='word_1_177' title='bbox 1186 2362 1615 2445; x_wconf 85' lang='lat' dir='ltr'><strong>fragmentum</strong></span> <span class='ocrx_word' id='word_1_178' title='bbox 1671 2383 1814 2429; x_wconf 87' lang='lat' dir='ltr'><strong>esse</strong></span> <span class='ocrx_word' id='word_1_179' title='bbox 1858 2363 1944 2444; x_wconf 94' lang='grc' dir='ltr'><strong>ΙΙ,</strong></span> <span class='ocrx_word' id='word_1_180' title='bbox 1969 2361 2047 2424; x_wconf 92' lang='grc'><strong>21</strong></span> <span class='ocrx_word' id='word_1_181' title='bbox 2076 2381 2235 2426; x_wconf 90' lang='lat' dir='ltr'><strong>-non</strong></span> <span class='ocrx_word' id='word_1_182' title='bbox 2290 2356 2699 2444; x_wconf 82' lang='lat' dir='ltr'><strong>perspexisse</strong></span> <span class='ocrx_word' id='word_1_183' title='bbox 2753 2380 2899 2425; x_wconf 91' lang='lat' dir='ltr'><strong>eum</strong></span> <span class='ocrx_word' id='word_1_184' title='bbox 2955 2368 3139 2445; x_wconf 89' lang='lat' dir='ltr'><strong>patet</strong></span> 
     </span>
     <span class='ocr_line' id='line_1_19' title="bbox 419 2474 3139 2564; baseline 0.002 -26"><span class='ocrx_word' id='word_1_185' title='bbox 419 2493 500 2539; x_wconf 84' lang='lat' dir='ltr'><strong>ex</strong></span> <span class='ocrx_word' id='word_1_186' title='bbox 547 2474 984 2564; x_wconf 87' lang='lat' dir='ltr'><strong>inscriptione,</strong></span> <span class='ocrx_word' id='word_1_187' title='bbox 1031 2501 1219 2564; x_wconf 87' lang='lat' dir='ltr'><strong>quam</strong></span> <span class='ocrx_word' id='word_1_188' title='bbox 1266 2482 1323 2547; x_wconf 91' lang='lat' dir='ltr'><strong>ei</strong></span> <span class='ocrx_word' id='word_1_189' title='bbox 1370 2482 1570 2550; x_wconf 85' lang='lat' dir='ltr'><strong>finxit.</strong></span> <span class='ocrx_word' id='word_1_190' title='bbox 1659 2481 1937 2547; x_wconf 87' lang='lat' dir='ltr'><strong>vidimus</strong></span> <span class='ocrx_word' id='word_1_191' title='bbox 1983 2480 2153 2545; x_wconf 91' lang='lat' dir='ltr'><strong>enim</strong></span> <span class='ocrx_word' id='word_1_192' title='bbox 2207 2499 2404 2563; x_wconf 85' lang='lat' dir='ltr'><strong>saepe</strong></span> <span class='ocrx_word' id='word_1_193' title='bbox 2458 2479 2662 2545; x_wconf 82' lang='lat' dir='ltr'><strong>falsos</strong></span> <span class='ocrx_word' id='word_1_194' title='bbox 2716 2480 2995 2563; x_wconf 84' lang='lat' dir='ltr'><strong>capitum</strong></span> <span class='ocrx_word' id='word_1_195' title='bbox 3050 2480 3139 2543; x_wconf 90' lang='lat' dir='ltr'><strong>in-</strong></span> 
     </span>
     <span class='ocr_line' id='line_1_20' title="bbox 417 2593 3139 2687; baseline 0.001 -29"><span class='ocrx_word' id='word_1_196' title='bbox 417 2593 595 2660; x_wconf 87' lang='lat' dir='ltr'><strong>dices</strong></span> <span class='ocrx_word' id='word_1_197' title='bbox 625 2596 943 2662; x_wconf 76' lang='lat' dir='ltr'><strong>reductori</strong></span> <span class='ocrx_word' id='word_1_198' title='bbox 975 2598 1218 2666; x_wconf 89' lang='lat' dir='ltr'><strong>deberi.</strong></span> <span class='ocrx_word' id='word_1_199' title='bbox 1280 2601 1413 2667; x_wconf 84' lang='lat' dir='ltr'><strong>dixi</strong></span> <span class='ocrx_word' id='word_1_200' title='bbox 1445 2603 1528 2670; x_wconf 87' lang='lat' dir='ltr'><strong>de</strong></span> <span class='ocrx_word' id='word_1_201' title='bbox 1558 2605 1608 2687; x_wconf 95' lang='lat' dir='ltr'><strong>I,</strong></span> <span class='ocrx_word' id='word_1_202' title='bbox 1639 2605 1768 2667; x_wconf 75' lang='lat' dir='ltr'><strong>llb.</strong></span> <span class='ocrx_word' id='word_1_203' title='bbox 1801 2601 1885 2678; x_wconf 89' lang='grc' dir='ltr'><strong>ΙΙ,</strong></span> <span class='ocrx_word' id='word_1_204' title='bbox 1910 2601 2011 2665; x_wconf 83' lang='grc'><strong>27.</strong></span> <span class='ocrx_word' id='word_1_205' title='bbox 2047 2600 2164 2683; x_wconf 92' lang='grc' dir='ltr'>ΙΙΙ,</span> <span class='ocrx_word' id='word_1_206' title='bbox 2190 2601 2246 2664; x_wconf 85' lang='lat'><strong>3.</strong></span> <span class='ocrx_word' id='word_1_207' title='bbox 2303 2599 2477 2684; x_wconf 89' lang='lat' dir='ltr'><strong>item,</strong></span> <span class='ocrx_word' id='word_1_208' title='bbox 2508 2607 2849 2684; x_wconf 82' lang='lat' dir='ltr'><strong>postquam</strong></span> <span class='ocrx_word' id='word_1_209' title='bbox 2880 2600 3139 2664; x_wconf 85' lang='lat' dir='ltr'><strong>diversa</strong></span> 
     </span>
     <span class='ocr_line' id='line_1_21' title="bbox 419 2713 3134 2804; baseline 0.001 -27"><span class='ocrx_word' id='word_1_210' title='bbox 419 2713 752 2782; x_wconf 80' lang='lat' dir='ltr'><strong>coniunxit</strong></span> <span class='ocrx_word' id='word_1_211' title='bbox 794 2717 845 2801; x_wconf 91' lang='grc' dir='ltr'><strong>Ι,</strong></span> <span class='ocrx_word' id='word_1_212' title='bbox 871 2719 974 2800; x_wconf 79' lang='lat'><strong>25,</strong></span> <span class='ocrx_word' id='word_1_213' title='bbox 1023 2719 1390 2786; x_wconf 81' lang='lat' dir='ltr'><strong>obscuravit</strong></span> <span class='ocrx_word' id='word_1_214' title='bbox 1433 2723 1557 2788; x_wconf 87' lang='lat' dir='ltr'><strong>hoc</strong></span> <span class='ocrx_word' id='word_1_215' title='bbox 1601 2722 1793 2788; x_wconf 83' lang='lat' dir='ltr'><strong>rubro</strong></span> <span class='ocrx_word' id='word_1_216' title='bbox 1839 2723 1923 2789; x_wconf 79' lang='grc' dir='ltr'><strong>εἰς</strong></span> <span class='ocrx_word' id='word_1_217' title='bbox 1966 2721 2040 2784; x_wconf 84' lang='grc' dir='ltr'><strong>τὰ</strong></span> <span class='ocrx_word' id='word_1_218' title='bbox 2076 2722 2207 2804; x_wconf 86' lang='grc' dir='ltr'>περὶ</span> <span class='ocrx_word' id='word_1_219' title='bbox 2250 2721 2519 2804; x_wconf 83' lang='grc' dir='ltr'>προνοίας</span> <span class='ocrx_word' id='word_1_220' title='bbox 2556 2720 2706 2782; x_wconf 82' lang='grc' dir='ltr'>τινὰ</span> <span class='ocrx_word' id='word_1_221' title='bbox 2740 2723 3134 2783; x_wconf 78' lang='grc' dir='ltr'>συντελοῦντα.</span> 
     </span>
     <span class='ocr_line' id='line_1_22' title="bbox 420 2834 3137 2925; baseline 0.001 -27"><span class='ocrx_word' id='word_1_222' title='bbox 420 2834 694 2900; x_wconf 87' lang='lat' dir='ltr'><strong>eandem</strong></span> <span class='ocrx_word' id='word_1_223' title='bbox 743 2857 1002 2902; x_wconf 89' lang='lat' dir='ltr'><strong>manum</strong></span> <span class='ocrx_word' id='word_1_224' title='bbox 1047 2839 1202 2904; x_wconf 90' lang='lat' dir='ltr'><strong>mihi</strong></span> <span class='ocrx_word' id='word_1_225' title='bbox 1245 2841 1472 2908; x_wconf 83' lang='lat' dir='ltr'><strong>videor</strong></span> <span class='ocrx_word' id='word_1_226' title='bbox 1515 2861 1869 2925; x_wconf 84' lang='lat' dir='ltr'><strong>agnoscere</strong></span> <span class='ocrx_word' id='word_1_227' title='bbox 1912 2841 2026 2924; x_wconf 91' lang='grc' dir='ltr'><strong>Ι,2</strong></span> <span class='ocrx_word' id='word_1_228' title='bbox 2073 2841 2201 2924; x_wconf 84' lang='grc' dir='ltr'>περὶ</span> <span class='ocrx_word' id='word_1_229' title='bbox 2247 2839 2563 2924; x_wconf 85' lang='grc' dir='ltr'>χρώματός</span> <span class='ocrx_word' id='word_1_230' title='bbox 2610 2863 2761 2904; x_wconf 85' lang='grc' dir='ltr'>τινα</span> <span class='ocrx_word' id='word_1_231' title='bbox 2806 2847 2869 2905; x_wconf 92' lang='lat' dir='ltr'><strong>et</strong></span> <span class='ocrx_word' id='word_1_232' title='bbox 2913 2839 3031 2922; x_wconf 84' lang='lat'><strong>111,</strong></span> <span class='ocrx_word' id='word_1_233' title='bbox 3061 2840 3137 2902; x_wconf 88' lang='lat'><strong>13</strong></span> 
     </span>
     <span class='ocr_line' id='line_1_23' title="bbox 421 2955 3138 3047; baseline 0.003 -32"><span class='ocrx_word' id='word_1_234' title='bbox 421 2955 552 3037; x_wconf 79' lang='grc' dir='ltr'>περὶ</span> <span class='ocrx_word' id='word_1_235' title='bbox 599 2960 700 3018; x_wconf 79' lang='grc' dir='ltr'><strong>τοῦ</strong></span> <span class='ocrx_word' id='word_1_236' title='bbox 745 2955 840 3042; x_wconf 83' lang='grc' dir='ltr'><strong>ἐφ’</strong></span> <span class='ocrx_word' id='word_1_237' title='bbox 898 2960 1037 3043; x_wconf 81' lang='grc' dir='ltr'>ἡμῖν</span> <span class='ocrx_word' id='word_1_238' title='bbox 1082 2985 1254 3026; x_wconf 86' lang='grc' dir='ltr'><strong>τινα.</strong></span> <span class='ocrx_word' id='word_1_239' title='bbox 1344 2982 1535 3046; x_wconf 91' lang='lat' dir='ltr'><strong>porro</strong></span> <span class='ocrx_word' id='word_1_240' title='bbox 1581 2960 1859 3047; x_wconf 90' lang='lat' dir='ltr'><strong>suspecti</strong></span> <span class='ocrx_word' id='word_1_241' title='bbox 1908 2959 2062 3024; x_wconf 90' lang='lat' dir='ltr'><strong>mihi</strong></span> <span class='ocrx_word' id='word_1_242' title='bbox 2104 2966 2252 3024; x_wconf 88' lang='lat' dir='ltr'><strong>sunt</strong></span> <span class='ocrx_word' id='word_1_243' title='bbox 2295 2960 2427 3043; x_wconf 88' lang='grc' dir='ltr'>Ι,8.</span> <span class='ocrx_word' id='word_1_244' title='bbox 2455 2959 2556 3024; x_wconf 94' lang='grc'><strong>22.</strong></span> <span class='ocrx_word' id='word_1_245' title='bbox 2604 2959 2686 3043; x_wconf 92' lang='grc' dir='ltr'><strong>ΙΙ,</strong></span> <span class='ocrx_word' id='word_1_246' title='bbox 2714 2960 2771 3024; x_wconf 83' lang='grc'><strong>7.</strong></span> <span class='ocrx_word' id='word_1_247' title='bbox 2860 2959 2977 3025; x_wconf 89' lang='lat' dir='ltr'><strong>sed</strong></span> <span class='ocrx_word' id='word_1_248' title='bbox 3007 2959 3138 3023; x_wconf 88' lang='lat' dir='ltr'><strong>alia</strong></span> 
     </span>
     <span class='ocr_line' id='line_1_24' title="bbox 419 3072 1596 3164; baseline 0.01 -29"><span class='ocrx_word' id='word_1_249' title='bbox 419 3072 704 3154; x_wconf 85' lang='lat' dir='ltr'><strong>genuina</strong></span> <span class='ocrx_word' id='word_1_250' title='bbox 745 3085 914 3160; x_wconf 89' lang='lat' dir='ltr'><strong>sunt,</strong></span> <span class='ocrx_word' id='word_1_251' title='bbox 960 3086 1030 3143; x_wconf 90' lang='lat' dir='ltr'><strong>ut</strong></span> <span class='ocrx_word' id='word_1_252' title='bbox 1071 3081 1123 3164; x_wconf 95' lang='grc' dir='ltr'>Ι,</span> <span class='ocrx_word' id='word_1_253' title='bbox 1155 3083 1210 3145; x_wconf 95' lang='grc'><strong>1.</strong></span> <span class='ocrx_word' id='word_1_254' title='bbox 1240 3082 1339 3146; x_wconf 84' lang='grc'><strong>13.</strong></span> <span class='ocrx_word' id='word_1_255' title='bbox 1386 3081 1469 3164; x_wconf 93' lang='grc' dir='ltr'><strong>ΙΙ,</strong></span> <span class='ocrx_word' id='word_1_256' title='bbox 1494 3082 1596 3147; x_wconf 88' lang='grc'><strong>22.</strong></span> 
     </span>
    </p>

    <p class='ocr_par' dir='ltr' id='par_1_4' title="bbox 417 3192 3139 4122">
     <span class='ocr_line' id='line_1_25' title="bbox 592 3192 3135 3284; baseline 0.004 -27"><span class='ocrx_word' id='word_1_257' title='bbox 592 3192 732 3271; x_wconf 84' lang='lat' dir='ltr'><strong>Quo</strong></span> <span class='ocrx_word' id='word_1_258' title='bbox 801 3202 1090 3281; x_wconf 90' lang='lat' dir='ltr'><strong>tempore</strong></span> <span class='ocrx_word' id='word_1_259' title='bbox 1157 3199 1495 3284; x_wconf 88' lang='lat' dir='ltr'><strong>compositi</strong></span> <span class='ocrx_word' id='word_1_260' title='bbox 1561 3200 1689 3265; x_wconf 85' lang='lat' dir='ltr'><strong>sint</strong></span> <span class='ocrx_word' id='word_1_261' title='bbox 1742 3199 1887 3264; x_wconf 88' lang='lat' dir='ltr'><strong>libri</strong></span> <span class='ocrx_word' id='word_1_262' title='bbox 1944 3199 2213 3284; x_wconf 88' lang='lat' dir='ltr'><strong>physici,</strong></span> <span class='ocrx_word' id='word_1_263' title='bbox 2283 3205 2457 3264; x_wconf 89' lang='lat' dir='ltr'><strong>certo</strong></span> <span class='ocrx_word' id='word_1_264' title='bbox 2527 3199 2826 3264; x_wconf 89' lang='lat' dir='ltr'><strong>constitui</strong></span> <span class='ocrx_word' id='word_1_265' title='bbox 2896 3199 3135 3282; x_wconf 90' lang='lat' dir='ltr'><strong>nequit.</strong></span> 
     </span>
     <span class='ocr_line' id='line_1_26' title="bbox 430 3310 3137 3405; baseline 0.005 -31"><span class='ocrx_word' id='word_1_266' title='bbox 430 3310 546 3376; x_wconf 88' lang='lat' dir='ltr'><strong>sed</strong></span> <span class='ocrx_word' id='word_1_267' title='bbox 590 3312 846 3378; x_wconf 82' lang='lat' dir='ltr'><strong>videtur</strong></span> <span class='ocrx_word' id='word_1_268' title='bbox 889 3317 1041 3381; x_wconf 88' lang='lat' dir='ltr'><strong>mihi</strong></span> <span class='ocrx_word' id='word_1_269' title='bbox 1087 3319 1248 3383; x_wconf 85' lang='lat' dir='ltr'><strong>satis</strong></span> <span class='ocrx_word' id='word_1_270' title='bbox 1293 3321 1486 3402; x_wconf 90' lang='lat' dir='ltr'><strong>longo</strong></span> <span class='ocrx_word' id='word_1_271' title='bbox 1535 3327 1679 3405; x_wconf 88' lang='lat' dir='ltr'><strong>post</strong></span> <span class='ocrx_word' id='word_1_272' title='bbox 1710 3319 2061 3386; x_wconf 85' lang='lat' dir='ltr'><strong>Alexandri</strong></span> <span class='ocrx_word' id='word_1_273' title='bbox 2096 3326 2364 3384; x_wconf 90' lang='lat' dir='ltr'><strong>mortem</strong></span> <span class='ocrx_word' id='word_1_274' title='bbox 2412 3325 2698 3404; x_wconf 89' lang='lat' dir='ltr'><strong>tempore</strong></span> <span class='ocrx_word' id='word_1_275' title='bbox 2730 3319 2853 3385; x_wconf 88' lang='lat' dir='ltr'><strong>hoc</strong></span> <span class='ocrx_word' id='word_1_276' title='bbox 2898 3319 3137 3388; x_wconf 88' lang='lat' dir='ltr'><strong>factum</strong></span> 
     </span>
     <span class='ocr_line' id='line_1_27' title="bbox 427 3431 3137 3522; baseline 0.004 -29"><span class='ocrx_word' id='word_1_277' title='bbox 427 3449 570 3495; x_wconf 88' lang='lat' dir='ltr'><strong>esse</strong></span> <span class='ocrx_word' id='word_1_278' title='bbox 616 3431 700 3496; x_wconf 89' lang='lat' dir='ltr'><strong>ab</strong></span> <span class='ocrx_word' id='word_1_279' title='bbox 746 3433 1022 3521; x_wconf 89' lang='lat' dir='ltr'><strong>homine,</strong></span> <span class='ocrx_word' id='word_1_280' title='bbox 1078 3438 1179 3503; x_wconf 92' lang='lat' dir='ltr'><strong>cui</strong></span> <span class='ocrx_word' id='word_1_281' title='bbox 1233 3439 1532 3505; x_wconf 86' lang='lat' dir='ltr'><strong>diversae</strong></span> <span class='ocrx_word' id='word_1_282' title='bbox 1575 3461 1657 3506; x_wconf 85' lang='lat' dir='ltr'><strong>ex-</strong></span> <span class='ocrx_word' id='word_1_283' title='bbox 1701 3439 2052 3505; x_wconf 85' lang='lat' dir='ltr'><strong>Alexandri</strong></span> <span class='ocrx_word' id='word_1_284' title='bbox 2098 3439 2323 3504; x_wconf 89' lang='lat' dir='ltr'><strong>schola</strong></span> <span class='ocrx_word' id='word_1_285' title='bbox 2367 3438 2678 3522; x_wconf 87' lang='lat' dir='ltr'><strong>reliquiae</strong></span> <span class='ocrx_word' id='word_1_286' title='bbox 2732 3438 3010 3505; x_wconf 89' lang='lat' dir='ltr'><strong>fortasse</strong></span> <span class='ocrx_word' id='word_1_287' title='bbox 3055 3458 3137 3503; x_wconf 91' lang='lat' dir='ltr'><strong>ne</strong></span> 
     </span>
     <span class='ocr_line' id='line_1_28' title="bbox 423 3549 3135 3642; baseline 0.003 -29"><span class='ocrx_word' id='word_1_288' title='bbox 423 3557 558 3615; x_wconf 90' lang='lat' dir='ltr'><strong>tum</strong></span> <span class='ocrx_word' id='word_1_289' title='bbox 607 3552 862 3635; x_wconf 89' lang='lat' dir='ltr'><strong>quidem</strong></span> <span class='ocrx_word' id='word_1_290' title='bbox 907 3555 1199 3640; x_wconf 87' lang='lat' dir='ltr'><strong>integrae</strong></span> <span class='ocrx_word' id='word_1_291' title='bbox 1244 3566 1505 3642; x_wconf 88' lang='lat' dir='ltr'><strong>praesto</strong></span> <span class='ocrx_word' id='word_1_292' title='bbox 1553 3566 1757 3624; x_wconf 90' lang='lat' dir='ltr'><strong>erant.</strong></span> <span class='ocrx_word' id='word_1_293' title='bbox 1878 3559 2037 3624; x_wconf 88' lang='lat' dir='ltr'><strong>nihil</strong></span> <span class='ocrx_word' id='word_1_294' title='bbox 2106 3549 2323 3625; x_wconf 88' lang='lat' dir='ltr'><strong>autem</strong></span> <span class='ocrx_word' id='word_1_295' title='bbox 2387 3566 2645 3642; x_wconf 87' lang='lat' dir='ltr'><strong>praeter</strong></span> <span class='ocrx_word' id='word_1_296' title='bbox 2702 3559 2822 3624; x_wconf 88' lang='lat' dir='ltr'><strong>has</strong></span> <span class='ocrx_word' id='word_1_297' title='bbox 2876 3558 3135 3642; x_wconf 88' lang='lat' dir='ltr'><strong>recepit.</strong></span> 
     </span>
     <span class='ocr_line' id='line_1_29' title="bbox 419 3675 3137 3763; baseline 0.004 -31"><span class='ocrx_word' id='word_1_298' title='bbox 419 3689 568 3734; x_wconf 90' lang='lat' dir='ltr'><strong>nam</strong></span> <span class='ocrx_word' id='word_1_299' title='bbox 616 3691 697 3738; x_wconf 82' lang='lat' dir='ltr'><strong>ex</strong></span> <span class='ocrx_word' id='word_1_300' title='bbox 740 3681 929 3739; x_wconf 83' lang='lat' dir='ltr'><strong>vasta</strong></span> <span class='ocrx_word' id='word_1_301' title='bbox 972 3675 1086 3740; x_wconf 87' lang='lat' dir='ltr'><strong>illa</strong></span> <span class='ocrx_word' id='word_1_302' title='bbox 1141 3676 1610 3760; x_wconf 87' lang='lat' dir='ltr'><strong>problematum</strong></span> <span class='ocrx_word' id='word_1_303' title='bbox 1665 3678 1985 3761; x_wconf 87' lang='lat' dir='ltr'><strong>congerie,</strong></span> <span class='ocrx_word' id='word_1_304' title='bbox 2040 3700 2229 3763; x_wconf 90' lang='lat' dir='ltr'><strong>quam</strong></span> <span class='ocrx_word' id='word_1_305' title='bbox 2286 3679 2551 3744; x_wconf 89' lang='lat' dir='ltr'><strong>illustris</strong></span> <span class='ocrx_word' id='word_1_306' title='bbox 2604 3678 2973 3761; x_wconf 89' lang='lat' dir='ltr'><strong>interpretis</strong></span> <span class='ocrx_word' id='word_1_307' title='bbox 3017 3698 3137 3742; x_wconf 91' lang='lat' dir='ltr'><strong>no-</strong></span> 
     </span>
     <span class='ocr_line' id='line_1_30' title="bbox 420 3788 3136 3882; baseline 0.005 -30"><span class='ocrx_word' id='word_1_308' title='bbox 420 3788 591 3854; x_wconf 90' lang='lat' dir='ltr'><strong>mine</strong></span> <span class='ocrx_word' id='word_1_309' title='bbox 641 3789 805 3857; x_wconf 88' lang='lat' dir='ltr'><strong>falso</strong></span> <span class='ocrx_word' id='word_1_310' title='bbox 862 3795 1181 3862; x_wconf 84' lang='lat' dir='ltr'><strong>ornabant</strong></span> <span class='ocrx_word' id='word_1_311' title='bbox 1234 3798 1594 3880; x_wconf 87' lang='lat' dir='ltr'><strong>posteriora</strong></span> <span class='ocrx_word' id='word_1_312' title='bbox 1637 3799 1902 3864; x_wconf 89' lang='lat' dir='ltr'><strong>saecula</strong></span> <span class='ocrx_word' id='word_1_313' title='bbox 1959 3837 2042 3846; x_wconf 94' lang='lat'>—</span> <span class='ocrx_word' id='word_1_314' title='bbox 2100 3819 2179 3865; x_wconf 90' lang='lat' dir='ltr'><strong>ea</strong></span> <span class='ocrx_word' id='word_1_315' title='bbox 2236 3799 2399 3882; x_wconf 91' lang='lat' dir='ltr'><strong>dico,</strong></span> <span class='ocrx_word' id='word_1_316' title='bbox 2458 3819 2622 3882; x_wconf 94' lang='lat' dir='ltr'><strong>quae</strong></span> <span class='ocrx_word' id='word_1_317' title='bbox 2680 3806 2745 3862; x_wconf 88' lang='lat' dir='ltr'><strong>et</strong></span> <span class='ocrx_word' id='word_1_318' title='bbox 2800 3798 3136 3865; x_wconf 78' lang='lat' dir='ltr'><strong>DAvloan</strong></span> 
     </span>
     <span class='ocr_line' id='line_1_31' title="bbox 418 3908 3139 4003; baseline 0.004 -31"><span class='ocrx_word' id='word_1_319' title='bbox 418 3908 692 3992; x_wconf 90' lang='lat' dir='ltr'><strong>primum</strong></span> <span class='ocrx_word' id='word_1_320' title='bbox 725 3910 925 3979; x_wconf 89' lang='lat' dir='ltr'><strong>edidit</strong></span> <span class='ocrx_word' id='word_1_321' title='bbox 955 3921 1019 3979; x_wconf 89' lang='lat' dir='ltr'><strong>et</strong></span> <span class='ocrx_word' id='word_1_322' title='bbox 1063 3923 1212 3999; x_wconf 89' lang='lat' dir='ltr'><strong>post</strong></span> <span class='ocrx_word' id='word_1_323' title='bbox 1240 3915 1756 3984; x_wconf 78' lang='lat' dir='ltr'><strong>BVSSEMAKERUM</strong></span> <span class='ocrx_word' id='word_1_324' title='bbox 1787 3919 2215 4003; x_wconf 52' lang='lat' dir='ltr'><strong>USENERUSO,</strong></span> <span class='ocrx_word' id='word_1_325' title='bbox 2263 3938 2345 3984; x_wconf 91' lang='lat' dir='ltr'><strong>ne</strong></span> <span class='ocrx_word' id='word_1_326' title='bbox 2387 3918 2729 4000; x_wconf 84' lang='lat' dir='ltr'><strong>vestigium</strong></span> <span class='ocrx_word' id='word_1_327' title='bbox 2760 3918 3016 4000; x_wconf 90' lang='lat' dir='ltr'><strong>quidem</strong></span> <span class='ocrx_word' id='word_1_328' title='bbox 3050 3919 3139 3983; x_wconf 93' lang='lat' dir='ltr'><strong>in-</strong></span> 
     </span>
     <span class='ocr_line' id='line_1_32' title="bbox 417 4029 1175 4122; baseline 0.008 -28"><span class='ocrx_word' id='word_1_329' title='bbox 417 4029 674 4095; x_wconf 86' lang='lat' dir='ltr'><strong>venitur</strong></span> <span class='ocrx_word' id='word_1_330' title='bbox 715 4029 781 4095; x_wconf 89' lang='lat' dir='ltr'><strong>in</strong></span> <span class='ocrx_word' id='word_1_331' title='bbox 831 4032 930 4098; x_wconf 88' lang='lat' dir='ltr'><strong>his</strong></span> <span class='ocrx_word' id='word_1_332' title='bbox 976 4034 1175 4122; x_wconf 84' lang='lat' dir='ltr'><strong>libris.</strong></span> 
     </span>
    </p>

    <p class='ocr_par' dir='ltr' id='par_1_5' title="bbox 415 4150 3139 4718">
     <span class='ocr_line' id='line_1_33' title="bbox 597 4150 3139 4246; baseline 0.005 -32"><span class='ocrx_word' id='word_1_333' title='bbox 597 4150 782 4216; x_wconf 85' lang='lat' dir='ltr'><strong>Nunc</strong></span> <span class='ocrx_word' id='word_1_334' title='bbox 830 4153 1194 4237; x_wconf 86' lang='lat' dir='ltr'><strong>priusquam</strong></span> <span class='ocrx_word' id='word_1_335' title='bbox 1238 4154 1324 4220; x_wconf 90' lang='lat' dir='ltr'><strong>ad</strong></span> <span class='ocrx_word' id='word_1_336' title='bbox 1371 4157 1682 4223; x_wconf 86' lang='lat' dir='ltr'><strong>moralem</strong></span> <span class='ocrx_word' id='word_1_337' title='bbox 1727 4158 1956 4223; x_wconf 91' lang='lat' dir='ltr'><strong>librum</strong></span> <span class='ocrx_word' id='word_1_338' title='bbox 2002 4179 2107 4223; x_wconf 88' lang='lat' dir='ltr'><strong>me</strong></span> <span class='ocrx_word' id='word_1_339' title='bbox 2136 4165 2406 4242; x_wconf 87' lang='lat' dir='ltr'><strong>vertam,</strong></span> <span class='ocrx_word' id='word_1_340' title='bbox 2449 4177 2683 4244; x_wconf 88' lang='lat' dir='ltr'><strong>operae</strong></span> <span class='ocrx_word' id='word_1_341' title='bbox 2714 4161 2985 4246; x_wconf 86' lang='lat' dir='ltr'><strong>pretium</strong></span> <span class='ocrx_word' id='word_1_342' title='bbox 3019 4162 3139 4226; x_wconf 92' lang='lat' dir='ltr'><strong>erit</strong></span> 
     </span>
     <span class='ocr_line' id='line_1_34' title="bbox 417 4275 3135 4362; baseline 0.005 -30"><span class='ocrx_word' id='word_1_343' title='bbox 417 4289 749 4353; x_wconf 87' lang='lat' dir='ltr'><strong>quaerere,</strong></span> <span class='ocrx_word' id='word_1_344' title='bbox 797 4293 948 4338; x_wconf 90' lang='lat' dir='ltr'><strong>num</strong></span> <span class='ocrx_word' id='word_1_345' title='bbox 981 4280 1353 4357; x_wconf 89' lang='lat' dir='ltr'><strong>comparato</strong></span> <span class='ocrx_word' id='word_1_346' title='bbox 1387 4275 1547 4340; x_wconf 90' lang='lat' dir='ltr'><strong>libro</strong></span> <span class='ocrx_word' id='word_1_347' title='bbox 1593 4277 1799 4342; x_wconf 87' lang='lat' dir='ltr'><strong>altero</strong></span> <span class='ocrx_word' id='word_1_348' title='bbox 1831 4279 1931 4343; x_wconf 90' lang='lat' dir='ltr'><strong>De</strong></span> <span class='ocrx_word' id='word_1_349' title='bbox 1962 4277 2179 4343; x_wconf 89' lang='lat' dir='ltr'><strong>anima</strong></span> <span class='ocrx_word' id='word_1_350' title='bbox 2208 4277 2322 4361; x_wconf 89' lang='lat' dir='ltr'><strong>eis,</strong></span> <span class='ocrx_word' id='word_1_351' title='bbox 2364 4298 2531 4362; x_wconf 87' lang='lat' dir='ltr'><strong>quae</strong></span> <span class='ocrx_word' id='word_1_352' title='bbox 2562 4279 2645 4344; x_wconf 93' lang='lat' dir='ltr'><strong>de</strong></span> <span class='ocrx_word' id='word_1_353' title='bbox 2677 4278 3135 4358; x_wconf 80' lang='lat' dir='ltr'><strong>Quaestionum</strong></span> 
     </span>
     <span class='ocr_line' id='line_1_35' title="bbox 416 4387 3137 4478; baseline 0.006 -27"><span class='ocrx_word' id='word_1_354' title='bbox 416 4387 595 4454; x_wconf 90' lang='lat' dir='ltr'><strong>libris</strong></span> <span class='ocrx_word' id='word_1_355' title='bbox 640 4391 690 4474; x_wconf 93' lang='lat' dir='ltr'><strong>I,</strong></span> <span class='ocrx_word' id='word_1_356' title='bbox 737 4391 821 4475; x_wconf 95' lang='grc' dir='ltr'><strong>ΙΙ,</strong></span> <span class='ocrx_word' id='word_1_357' title='bbox 867 4392 968 4457; x_wconf 93' lang='grc' dir='ltr'><strong>ΙΙΙ</strong></span> <span class='ocrx_word' id='word_1_358' title='bbox 1011 4393 1361 4478; x_wconf 87' lang='lat' dir='ltr'><strong>disputavi,</strong></span> <span class='ocrx_word' id='word_1_359' title='bbox 1407 4395 1626 4478; x_wconf 89' lang='lat' dir='ltr'><strong>aliqua</strong></span> <span class='ocrx_word' id='word_1_360' title='bbox 1668 4397 1778 4461; x_wconf 85' lang='lat' dir='ltr'><strong>lux</strong></span> <span class='ocrx_word' id='word_1_361' title='bbox 1823 4397 2113 4462; x_wconf 87' lang='lat' dir='ltr'><strong>accedat.</strong></span> <span class='ocrx_word' id='word_1_362' title='bbox 2201 4417 2349 4462; x_wconf 91' lang='lat' dir='ltr'><strong>nam</strong></span> <span class='ocrx_word' id='word_1_363' title='bbox 2407 4397 2600 4463; x_wconf 91' lang='lat' dir='ltr'><strong>etiam</strong></span> <span class='ocrx_word' id='word_1_364' title='bbox 2659 4398 2821 4466; x_wconf 91' lang='lat' dir='ltr'><strong>haec</strong></span> <span class='ocrx_word' id='word_1_365' title='bbox 2867 4401 3008 4465; x_wconf 91' lang='lat' dir='ltr'><strong>libri</strong></span> <span class='ocrx_word' id='word_1_366' title='bbox 3056 4403 3137 4468; x_wconf 90' lang='lat' dir='ltr'><strong>de</strong></span> 
     </span>
     <span class='ocr_line' id='line_1_36' title="bbox 415 4508 3136 4600; baseline 0.005 -29"><span class='ocrx_word' id='word_1_367' title='bbox 415 4508 638 4574; x_wconf 88' lang='lat' dir='ltr'><strong>anima</strong></span> <span class='ocrx_word' id='word_1_368' title='bbox 682 4512 995 4577; x_wconf 89' lang='lat' dir='ltr'><strong>mantissa</strong></span> <span class='ocrx_word' id='word_1_369' title='bbox 1039 4513 1221 4578; x_wconf 85' lang='lat' dir='ltr'><strong>varia</strong></span> <span class='ocrx_word' id='word_1_370' title='bbox 1263 4523 1646 4596; x_wconf 87' lang='lat' dir='ltr'><strong>argumenta</strong></span> <span class='ocrx_word' id='word_1_371' title='bbox 1675 4517 1978 4600; x_wconf 85' lang='lat' dir='ltr'><strong>continet,</strong></span> <span class='ocrx_word' id='word_1_372' title='bbox 2027 4538 2227 4600; x_wconf 90' lang='lat' dir='ltr'><strong>quare</strong></span> <span class='ocrx_word' id='word_1_373' title='bbox 2258 4517 2803 4584; x_wconf 65' lang='lat' dir='ltr'><strong>anumnmfflmo</strong></span> <span class='ocrx_word' id='word_1_374' title='bbox 2851 4519 3136 4587; x_wconf 89' lang='lat' dir='ltr'><strong>eiusdem</strong></span> 
     </span>
     <span class='ocr_line' id='line_1_37' title="bbox 416 4627 1979 4718; baseline 0.004 -25"><span class='ocrx_word' id='word_1_375' title='bbox 416 4627 759 4695; x_wconf 86' lang='lat' dir='ltr'><strong>videbatur</strong></span> <span class='ocrx_word' id='word_1_376' title='bbox 803 4651 948 4697; x_wconf 88' lang='lat' dir='ltr'><strong>esse</strong></span> <span class='ocrx_word' id='word_1_377' title='bbox 992 4633 1248 4716; x_wconf 86' lang='lat' dir='ltr'><strong>generis</strong></span> <span class='ocrx_word' id='word_1_378' title='bbox 1291 4641 1486 4718; x_wconf 88' lang='lat' dir='ltr'><strong>atque</strong></span> <span class='ocrx_word' id='word_1_379' title='bbox 1532 4633 1979 4712; x_wconf 83' lang='lat' dir='ltr'><strong>Quaestiones.</strong></span> 
     </span>
    </p>
   </div>
   <div class='ocr_carea' id='block_1_3' title="bbox 418 4801 3137 4962">
    <p class='ocr_par' dir='ltr' id='par_1_6' title="bbox 418 4801 3137 4962">
     <span class='ocr_line' id='line_1_38' title="bbox 562 4801 3137 4873; baseline 0.003 -18"><span class='ocrx_word' id='word_1_380' title='bbox 562 4801 600 4868; x_wconf 87' lang='lat'><strong>¹)</strong></span> <span class='ocrx_word' id='word_1_381' title='bbox 647 4803 934 4857; x_wconf 79' lang='lat' dir='ltr'><strong>Alexandri</strong></span> <span class='ocrx_word' id='word_1_382' title='bbox 973 4805 1202 4873; x_wconf 81' lang='lat' dir='ltr'><strong>Aphrod.</strong></span> <span class='ocrx_word' id='word_1_383' title='bbox 1248 4822 1294 4873; x_wconf 92' lang='lat' dir='ltr'><strong>q.</strong></span> <span class='ocrx_word' id='word_1_384' title='bbox 1333 4807 1367 4858; x_wconf 80' lang='lat' dir='ltr'><strong>f.</strong></span> <span class='ocrx_word' id='word_1_385' title='bbox 1414 4807 1857 4860; x_wconf 87' lang='lat' dir='ltr'><strong>Problematorum</strong></span> <span class='ocrx_word' id='word_1_386' title='bbox 1907 4808 2042 4862; x_wconf 86' lang='lat' dir='ltr'><strong>liber</strong></span> <span class='ocrx_word' id='word_1_387' title='bbox 2079 4809 2151 4862; x_wconf 91' lang='lat'><strong>111</strong></span> <span class='ocrx_word' id='word_1_388' title='bbox 2198 4815 2250 4862; x_wconf 86' lang='lat' dir='ltr'><strong>et</strong></span> <span class='ocrx_word' id='word_1_389' title='bbox 2288 4810 2355 4862; x_wconf 89' lang='lat' dir='ltr'><strong>IV</strong></span> <span class='ocrx_word' id='word_1_390' title='bbox 2403 4826 2502 4862; x_wconf 87' lang='lat' dir='ltr'><strong>rec.</strong></span> <span class='ocrx_word' id='word_1_391' title='bbox 2544 4811 2605 4863; x_wconf 93' lang='lat' dir='ltr'><strong>H.</strong></span> <span class='ocrx_word' id='word_1_392' title='bbox 2645 4811 2858 4865; x_wconf 85' lang='lat' dir='ltr'><strong>Usener.</strong></span> <span class='ocrx_word' id='word_1_393' title='bbox 2932 4813 3137 4866; x_wconf 89' lang='lat' dir='ltr'><strong>libellus</strong></span> 
     </span>
     <span class='ocr_line' id='line_1_39' title="bbox 418 4895 2845 4962; baseline 0.004 -21"><span class='ocrx_word' id='word_1_394' title='bbox 418 4905 446 4942; x_wconf 87' lang='lat' dir='ltr'><strong>e</strong></span> <span class='ocrx_word' id='word_1_395' title='bbox 483 4895 868 4960; x_wconf 79' lang='lat' dir='ltr'><strong>programmate</strong></span> <span class='ocrx_word' id='word_1_396' title='bbox 906 4895 1165 4962; x_wconf 82' lang='lat' dir='ltr'><strong>gymnasii</strong></span> <span class='ocrx_word' id='word_1_397' title='bbox 1207 4912 1244 4946; x_wconf 92' lang='lat' dir='ltr'><strong>r.</strong></span> <span class='ocrx_word' id='word_1_398' title='bbox 1285 4895 1582 4948; x_wconf 86' lang='lat' dir='ltr'><strong>Ioachimici</strong></span> <span class='ocrx_word' id='word_1_399' title='bbox 1621 4896 1736 4948; x_wconf 86' lang='lat' dir='ltr'><strong>Ber.</strong></span> <span class='ocrx_word' id='word_1_400' title='bbox 1775 4913 2006 4949; x_wconf 86' lang='lat' dir='ltr'><strong>seorsum</strong></span> <span class='ocrx_word' id='word_1_401' title='bbox 2047 4899 2236 4950; x_wconf 81' lang='lat' dir='ltr'><strong>edituS.</strong></span> <span class='ocrx_word' id='word_1_402' title='bbox 2312 4897 2541 4950; x_wconf 85' lang='lat' dir='ltr'><strong>Berolini</strong></span> <span class='ocrx_word' id='word_1_403' title='bbox 2584 4898 2735 4950; x_wconf 83' lang='grc'><strong>1859.</strong></span> <span class='ocrx_word' id='word_1_404' title='bbox 2773 4900 2845 4952; x_wconf 85' lang='lat'><strong>4⁰.</strong></span> 
     </span>
    </p>
   </div>
  </div>
 </body>
</html>
