<?xml version="1.0" encoding="UTF-8"?>
<!DOCTYPE html PUBLIC "-//W3C//DTD XHTML 1.0 Transitional//EN"
    "http://www.w3.org/TR/xhtml1/DTD/xhtml1-transitional.dtd">
<html xmlns="http://www.w3.org/1999/xhtml" xml:lang="en" lang="en">
 <head>
  <title>
</title>
<meta http-equiv="Content-Type" content="text/html;charset=utf-8" />
  <meta name='ocr-system' content='tesseract 3.04.00' />
  <meta name='ocr-capabilities' content='ocr_page ocr_carea ocr_par ocr_line ocrx_word'/>
</head>
<body>
  <div class='ocr_page' id='page_1' title='image "./supplementumari00wissgoog_0283.png"; bbox 0 0 3684 5567; ppageno 0'>
   <div class='ocr_carea' id='block_1_1' title="bbox 1455 266 3195 337">
    <p class='ocr_par' dir='ltr' id='par_1_1' title="bbox 1455 266 3195 337">
     <span class='ocr_line' id='line_1_1' title="bbox 1455 266 3195 337; baseline 0.009 -15"><span class='ocrx_word' id='word_1_1' title='bbox 1455 266 1614 323; x_wconf 79' lang='grc' dir='ltr'>ΠΕΡΙ</span> <span class='ocrx_word' id='word_1_2' title='bbox 1652 267 2124 324; x_wconf 76' lang='grc' dir='ltr'><strong>ΕΙΜΑΡΜΕΝΗΣ</strong></span> <span class='ocrx_word' id='word_1_3' title='bbox 2161 271 2221 324; x_wconf 83' lang='lat'>31</span> <span class='ocrx_word' id='word_1_4' title='bbox 3069 272 3195 337; x_wconf 78' lang='lat'>&#39;203</span> 
     </span>
    </p>
   </div>
   <div class='ocr_carea' id='block_1_2' title="bbox 466 437 3192 3502">
    <p class='ocr_par' dir='ltr' id='par_1_2' title="bbox 466 437 3192 3502">
     <span class='ocr_line' id='line_1_2' title="bbox 582 437 3084 528; baseline 0.002 -29"><span class='ocrx_word' id='word_1_5' title='bbox 582 437 995 521; x_wconf 84' lang='grc' dir='ltr'>προαγόρευσις</span> <span class='ocrx_word' id='word_1_6' title='bbox 1038 438 1200 513; x_wconf 79' lang='grc' dir='ltr'>εἶναι,</span> <span class='ocrx_word' id='word_1_7' title='bbox 1269 441 1322 501; x_wconf 85' lang='grc' dir='ltr'>οἱ</span> <span class='ocrx_word' id='word_1_8' title='bbox 1369 441 1435 503; x_wconf 89' lang='grc' dir='ltr'>δὲ</span> <span class='ocrx_word' id='word_1_9' title='bbox 1479 442 1576 503; x_wconf 79' lang='grc' dir='ltr'>τὸν</span> <span class='ocrx_word' id='word_1_10' title='bbox 1616 438 1893 506; x_wconf 87' lang='grc' dir='ltr'>Ἀπόλλω</span> <span class='ocrx_word' id='word_1_11' title='bbox 1941 444 2184 526; x_wconf 83' lang='grc' dir='ltr'>ποιητὴν</span> <span class='ocrx_word' id='word_1_12' title='bbox 2254 445 2335 506; x_wconf 84' lang='grc' dir='ltr'>ὧν</span> <span class='ocrx_word' id='word_1_13' title='bbox 2382 444 2755 528; x_wconf 72' lang='grc' dir='ltr'>προαγορεύει</span> <span class='ocrx_word' id='word_1_14' title='bbox 2802 447 3084 506; x_wconf 88' lang='grc' dir='ltr'>ποιοῦσιν.</span> 
     </span>
     <span class='ocr_line' id='line_1_3' title="bbox 583 537 3086 632; baseline 0.003 -32"><span class='ocrx_word' id='word_1_15' title='bbox 583 537 614 600; x_wconf 91' lang='grc' dir='ltr'>ὃ</span> <span class='ocrx_word' id='word_1_16' title='bbox 658 539 768 624; x_wconf 83' lang='grc' dir='ltr'>γὰρ</span> <span class='ocrx_word' id='word_1_17' title='bbox 811 540 918 604; x_wconf 83' lang='grc' dir='ltr'>οὐκ</span> <span class='ocrx_word' id='word_1_18' title='bbox 975 540 1044 604; x_wconf 80' lang='grc' dir='ltr'>ἂν</span> <span class='ocrx_word' id='word_1_19' title='bbox 1089 541 1276 610; x_wconf 89' lang='grc' dir='ltr'>οῦτως</span> <span class='ocrx_word' id='word_1_20' title='bbox 1332 543 1560 625; x_wconf 87' lang='grc' dir='ltr'>ἐγένετο</span> <span class='ocrx_word' id='word_1_21' title='bbox 1607 546 1688 627; x_wconf 88' lang='grc' dir='ltr'>μὴ</span> <span class='ocrx_word' id='word_1_22' title='bbox 1735 549 1939 608; x_wconf 89' lang='grc' dir='ltr'>τοῦτον</span> <span class='ocrx_word' id='word_1_23' title='bbox 1985 548 2082 608; x_wconf 81' lang='grc' dir='ltr'>τὸν</span> <span class='ocrx_word' id='word_1_24' title='bbox 2150 547 2362 631; x_wconf 81' lang='grc' dir='ltr'>τρόπον</span> <span class='ocrx_word' id='word_1_25' title='bbox 2406 550 2731 632; x_wconf 80' lang='grc' dir='ltr'>χρήσαντος</span> <span class='ocrx_word' id='word_1_26' title='bbox 2777 550 2877 607; x_wconf 90' lang='grc' dir='ltr'>τοῦ</span> <span class='ocrx_word' id='word_1_27' title='bbox 2923 548 3086 618; x_wconf 89' lang='grc' dir='ltr'>θεοῦ,</span> 
     </span>
     <span class='ocr_line' id='line_1_4' title="bbox 580 641 3088 731; baseline 0.003 -29"><span class='ocrx_word' id='word_1_28' title='bbox 580 641 676 703; x_wconf 80' lang='grc' dir='ltr'>καὶ</span> <span class='ocrx_word' id='word_1_29' title='bbox 721 643 815 705; x_wconf 82' lang='grc' dir='ltr'>διὰ</span> <span class='ocrx_word' id='word_1_30' title='bbox 860 648 1030 706; x_wconf 88' lang='grc' dir='ltr'>τοῦτο</span> <span class='ocrx_word' id='word_1_31' title='bbox 1077 644 1264 712; x_wconf 80' lang='grc' dir='ltr'>οὕτως</span> <span class='ocrx_word' id='word_1_32' title='bbox 1309 642 1582 729; x_wconf 78' lang='grc' dir='ltr'>ἔχρησεν,</span> <span class='ocrx_word' id='word_1_33' title='bbox 1629 645 1789 715; x_wconf 82' lang='grc' dir='ltr'>ὅπως</span> <span class='ocrx_word' id='word_1_34' title='bbox 1834 647 2068 731; x_wconf 88' lang='grc' dir='ltr'>γένηται</span> <span class='ocrx_word' id='word_1_35' title='bbox 2113 650 2183 712; x_wconf 83' lang='grc' dir='ltr'>τὰ</span> <span class='ocrx_word' id='word_1_36' title='bbox 2230 649 2319 712; x_wconf 82' lang='grc' dir='ltr'>ἐπ’</span> <span class='ocrx_word' id='word_1_37' title='bbox 2377 651 2571 718; x_wconf 82' lang='grc' dir='ltr'>αὐτοῖς</span> <span class='ocrx_word' id='word_1_38' title='bbox 2616 647 2915 730; x_wconf 85' lang='grc' dir='ltr'>γενόμενα,</span> <span class='ocrx_word' id='word_1_39' title='bbox 2962 652 3088 716; x_wconf 91' lang='grc' dir='ltr'>πῶς</span> 
     </span>
     <span class='ocr_line' id='line_1_5' title="bbox 583 743 3169 833; baseline 0.002 -27"><span class='ocrx_word' id='word_1_40' title='bbox 583 743 690 806; x_wconf 84' lang='grc' dir='ltr'>οὐκ</span> <span class='ocrx_word' id='word_1_41' title='bbox 737 743 876 828; x_wconf 87' lang='grc' dir='ltr'>ἔργα</span> <span class='ocrx_word' id='word_1_42' title='bbox 921 750 1022 808; x_wconf 89' lang='grc' dir='ltr'>τοῦ</span> <span class='ocrx_word' id='word_1_43' title='bbox 1068 749 1416 830; x_wconf 83' lang='grc' dir='ltr'>χρήσαντος,</span> <span class='ocrx_word' id='word_1_44' title='bbox 1460 747 1581 810; x_wconf 84' lang='grc' dir='ltr'>ἀλλ’</span> <span class='ocrx_word' id='word_1_45' title='bbox 1636 748 1704 810; x_wconf 82' lang='grc' dir='ltr'>οὐ</span> <span class='ocrx_word' id='word_1_46' title='bbox 1753 749 1995 833; x_wconf 86' lang='grc' dir='ltr'>μήνυσις</span> <span class='ocrx_word' id='word_1_47' title='bbox 2038 757 2154 814; x_wconf 91' lang='grc' dir='ltr'>τῶν</span> <span class='ocrx_word' id='word_1_48' title='bbox 2200 751 2522 833; x_wconf 78' lang='grc' dir='ltr'>ἐσομένωνς</span> <span class='ocrx_word' id='word_1_49' title='bbox 2590 749 2709 812; x_wconf 84' lang='grc' dir='ltr'>ἀλλ’</span> <span class='ocrx_word' id='word_1_50' title='bbox 2765 751 2817 812; x_wconf 84' lang='grc' dir='ltr'>εἰ</span> <span class='ocrx_word' id='word_1_51' title='bbox 2860 753 2956 814; x_wconf 87' lang='grc' dir='ltr'>καὶ</span> <span class='ocrx_word' id='word_1_52' title='bbox 3000 754 3169 814; x_wconf 69' lang='grc' dir='ltr'>δεῖεο</span> 
     </span>
     <span class='ocr_line' id='line_1_6' title="bbox 512 845 3088 937; baseline 0.004 -30"><span class='ocrx_word' id='word_1_53' title='bbox 512 867 542 914; x_wconf 79' lang='lat'><strong>5</strong></span> <span class='ocrx_word' id='word_1_54' title='bbox 584 845 759 910; x_wconf 86' lang='grc' dir='ltr'>πλέον</span> <span class='ocrx_word' id='word_1_55' title='bbox 804 872 856 911; x_wconf 91' lang='grc' dir='ltr'>τι</span> <span class='ocrx_word' id='word_1_56' title='bbox 902 853 1016 911; x_wconf 89' lang='grc' dir='ltr'>τῶν</span> <span class='ocrx_word' id='word_1_57' title='bbox 1063 848 1257 912; x_wconf 77' lang='grc' dir='ltr'>ἄλλων</span> <span class='ocrx_word' id='word_1_58' title='bbox 1306 851 1568 932; x_wconf 87' lang='grc' dir='ltr'>μάντεων</span> <span class='ocrx_word' id='word_1_59' title='bbox 1613 849 1773 936; x_wconf 84' lang='grc' dir='ltr'>ἔχειν</span> <span class='ocrx_word' id='word_1_60' title='bbox 1818 853 1952 921; x_wconf 84' lang='grc' dir='ltr'>τοὺς</span> <span class='ocrx_word' id='word_1_61' title='bbox 1998 853 2189 930; x_wconf 86' lang='grc' dir='ltr'>θεούς,</span> <span class='ocrx_word' id='word_1_62' title='bbox 2258 857 2338 922; x_wconf 81' lang='grc' dir='ltr'>ὡς</span> <span class='ocrx_word' id='word_1_63' title='bbox 2383 855 2479 918; x_wconf 89' lang='grc' dir='ltr'>καὶ</span> <span class='ocrx_word' id='word_1_64' title='bbox 2526 854 2923 937; x_wconf 81' lang='grc' dir='ltr'>συμπράσσειν</span> <span class='ocrx_word' id='word_1_65' title='bbox 2969 860 3088 921; x_wconf 80' lang='grc' dir='ltr'>τοῖς</span> 
     </span>
     <span class='ocr_line' id='line_1_7' title="bbox 585 950 3086 1041; baseline 0.002 -29"><span class='ocrx_word' id='word_1_66' title='bbox 585 950 882 1034; x_wconf 80' lang='grc' dir='ltr'>ἐσομένοις</span> <span class='ocrx_word' id='word_1_67' title='bbox 926 951 1069 1034; x_wconf 85' lang='grc' dir='ltr'>πρὸς</span> <span class='ocrx_word' id='word_1_68' title='bbox 1113 953 1178 1014; x_wconf 83' lang='grc' dir='ltr'>τὸ</span> <span class='ocrx_word' id='word_1_69' title='bbox 1225 953 1484 1033; x_wconf 88' lang='grc' dir='ltr'>γίνεσθαι</span> <span class='ocrx_word' id='word_1_70' title='bbox 1524 951 1571 1034; x_wconf 86' lang='lat'>†</span> <span class='ocrx_word' id='word_1_71' title='bbox 1603 954 2054 1037; x_wconf 71' lang='grc' dir='ltr'>συνεργούμενον</span> <span class='ocrx_word' id='word_1_72' title='bbox 2100 957 2227 1036; x_wconf 90' lang='grc' dir='ltr'>(καὶ</span> <span class='ocrx_word' id='word_1_73' title='bbox 2272 957 2383 1041; x_wconf 85' lang='grc' dir='ltr'>γὰρ</span> <span class='ocrx_word' id='word_1_74' title='bbox 2430 958 2483 1018; x_wconf 77' lang='grc' dir='ltr'>οἱ</span> <span class='ocrx_word' id='word_1_75' title='bbox 2530 957 2761 1038; x_wconf 85' lang='grc' dir='ltr'>ποιηταὶ</span> <span class='ocrx_word' id='word_1_76' title='bbox 2806 955 2977 1019; x_wconf 88' lang='grc' dir='ltr'>τοῦτό</span> <span class='ocrx_word' id='word_1_77' title='bbox 3021 977 3086 1037; x_wconf 92' lang='grc' dir='ltr'>γε</span> 
     </span>
     <span class='ocr_line' id='line_1_8' title="bbox 582 1053 3192 1143; baseline 0.002 -29"><span class='ocrx_word' id='word_1_78' title='bbox 582 1054 711 1136; x_wconf 87' lang='grc' dir='ltr'>περὶ</span> <span class='ocrx_word' id='word_1_79' title='bbox 744 1053 900 1116; x_wconf 84' lang='grc' dir='ltr'>θεῶν</span> <span class='ocrx_word' id='word_1_80' title='bbox 947 1055 1256 1137; x_wconf 79' lang='grc' dir='ltr'>ὑμνοῦντες</span> <span class='ocrx_word' id='word_1_81' title='bbox 1300 1057 1675 1130; x_wconf 89' lang='grc' dir='ltr'>διατελοῦσιν,</span> <span class='ocrx_word' id='word_1_82' title='bbox 1723 1057 1809 1120; x_wconf 77' lang='grc' dir='ltr'>ὅτι</span> <span class='ocrx_word' id='word_1_83' title='bbox 1854 1057 1967 1141; x_wconf 82' lang='grc' dir='ltr'>ἄρα</span> <span class='ocrx_word' id='word_1_84' title='bbox 1998 1058 2109 1121; x_wconf 87' lang='grc' dir='ltr'>εἰσὶ</span> <span class='ocrx_word' id='word_1_85' title='bbox 2156 1059 2490 1143; x_wconf 81' lang='grc' dir='ltr'>δωρητῆρες</span> <span class='ocrx_word' id='word_1_86' title='bbox 2536 1058 2719 1140; x_wconf 87' lang='grc' dir='ltr'>ἐάων)</span> <span class='ocrx_word' id='word_1_87' title='bbox 2756 1056 2761 1140; x_wconf 86' lang='grc' dir='ltr'>Ι</span> <span class='ocrx_word' id='word_1_88' title='bbox 2812 1059 2957 1120; x_wconf 88' lang='grc' dir='ltr'>κατά</span> <span class='ocrx_word' id='word_1_89' title='bbox 2988 1081 3053 1139; x_wconf 86' lang='grc' dir='ltr'>γε</span> <span class='ocrx_word' id='word_1_90' title='bbox 3094 1064 3192 1120; x_wconf 82' lang='lat'>100</span> 
     </span>
     <span class='ocr_line' id='line_1_9' title="bbox 579 1155 3086 1244; baseline 0.002 -27"><span class='ocrx_word' id='word_1_91' title='bbox 579 1155 649 1217; x_wconf 79' lang='grc' dir='ltr'>τὰ</span> <span class='ocrx_word' id='word_1_92' title='bbox 699 1156 810 1219; x_wconf 87' lang='grc' dir='ltr'>ὑπὸ</span> <span class='ocrx_word' id='word_1_93' title='bbox 855 1157 1072 1219; x_wconf 89' lang='grc' dir='ltr'>τούτων</span> <span class='ocrx_word' id='word_1_94' title='bbox 1120 1156 1403 1241; x_wconf 88' lang='grc' dir='ltr'>λεγόμενα</span> <span class='ocrx_word' id='word_1_95' title='bbox 1448 1159 1528 1227; x_wconf 79' lang='grc' dir='ltr'>εἰς</span> <span class='ocrx_word' id='word_1_96' title='bbox 1573 1159 1794 1242; x_wconf 83' lang='grc' dir='ltr'>ἀγαθὸν</span> <span class='ocrx_word' id='word_1_97' title='bbox 1841 1160 1946 1244; x_wconf 88' lang='grc' dir='ltr'>μὲν</span> <span class='ocrx_word' id='word_1_98' title='bbox 1993 1159 2160 1222; x_wconf 83' lang='grc' dir='ltr'>οὐδὲν</span> <span class='ocrx_word' id='word_1_99' title='bbox 2208 1162 2239 1223; x_wconf 84' lang='grc' dir='ltr'>ὃ</span> <span class='ocrx_word' id='word_1_100' title='bbox 2290 1161 2506 1229; x_wconf 85' lang='grc' dir='ltr'>Πύθιος</span> <span class='ocrx_word' id='word_1_101' title='bbox 2551 1165 2637 1244; x_wconf 74' lang='grc' dir='ltr'>τῷ</span> <span class='ocrx_word' id='word_1_102' title='bbox 2684 1160 2847 1244; x_wconf 71' lang='grc' dir='ltr'>Λαΐῳ</span> <span class='ocrx_word' id='word_1_103' title='bbox 2896 1180 3086 1222; x_wconf 89' lang='grc' dir='ltr'>συντε-</span> 
     </span>
     <span class='ocr_line' id='line_1_10' title="bbox 579 1259 3088 1346; baseline 0.002 -26"><span class='ocrx_word' id='word_1_104' title='bbox 579 1260 686 1332; x_wconf 84' lang='grc' dir='ltr'>λεῖ,</span> <span class='ocrx_word' id='word_1_105' title='bbox 731 1259 1072 1340; x_wconf 74' lang='grc' dir='ltr'>ἀγωνίζεται</span> <span class='ocrx_word' id='word_1_106' title='bbox 1117 1261 1182 1322; x_wconf 79' lang='grc' dir='ltr'>δὲ</span> <span class='ocrx_word' id='word_1_107' title='bbox 1227 1261 1324 1322; x_wconf 83' lang='grc' dir='ltr'>καὶ</span> <span class='ocrx_word' id='word_1_108' title='bbox 1370 1262 1556 1324; x_wconf 88' lang='grc' dir='ltr'>πάντα</span> <span class='ocrx_word' id='word_1_109' title='bbox 1599 1263 1835 1345; x_wconf 81' lang='grc' dir='ltr'>πράττει</span> <span class='ocrx_word' id='word_1_110' title='bbox 1881 1263 2025 1346; x_wconf 86' lang='grc' dir='ltr'>πρὸς</span> <span class='ocrx_word' id='word_1_111' title='bbox 2068 1264 2135 1325; x_wconf 85' lang='grc' dir='ltr'>τὸ</span> <span class='ocrx_word' id='word_1_112' title='bbox 2184 1265 2365 1346; x_wconf 84' lang='grc' dir='ltr'>μηδὲν</span> <span class='ocrx_word' id='word_1_113' title='bbox 2411 1268 2527 1326; x_wconf 88' lang='grc' dir='ltr'>τῶν</span> <span class='ocrx_word' id='word_1_114' title='bbox 2572 1262 2979 1325; x_wconf 81' lang='grc' dir='ltr'>ἀνοσιωτάτων</span> <span class='ocrx_word' id='word_1_115' title='bbox 3024 1285 3088 1324; x_wconf 92' lang='grc' dir='ltr'>τε</span> 
     </span>
     <span class='ocr_line' id='line_1_11' title="bbox 481 1362 3169 1447; baseline 0 -20"><span class='ocrx_word' id='word_1_116' title='bbox 481 1381 544 1427; x_wconf 87' lang='grc'>10</span> <span class='ocrx_word' id='word_1_117' title='bbox 584 1362 677 1424; x_wconf 84' lang='grc' dir='ltr'>καὶ</span> <span class='ocrx_word' id='word_1_118' title='bbox 723 1363 1130 1446; x_wconf 83' lang='grc' dir='ltr'>ἀσεβεστάτων</span> <span class='ocrx_word' id='word_1_119' title='bbox 1177 1364 1488 1447; x_wconf 80' lang='grc' dir='ltr'>παρελθεῖν</span> <span class='ocrx_word' id='word_1_120' title='bbox 1535 1365 1633 1426; x_wconf 81' lang='grc' dir='ltr'>τὸν</span> <span class='ocrx_word' id='word_1_121' title='bbox 1681 1364 1838 1427; x_wconf 81' lang='grc' dir='ltr'>οἶκον</span> <span class='ocrx_word' id='word_1_122' title='bbox 1884 1364 2082 1429; x_wconf 82' lang='grc' dir='ltr'>αὐτοῦ.</span> <span class='ocrx_word' id='word_1_123' title='bbox 2174 1367 2256 1427; x_wconf 84' lang='grc' dir='ltr'>ὧν</span> <span class='ocrx_word' id='word_1_124' title='bbox 2301 1366 2559 1434; x_wconf 87' lang='grc' dir='ltr'>ἀκούσας</span> <span class='ocrx_word' id='word_1_125' title='bbox 2601 1366 2683 1434; x_wconf 87' lang='grc' dir='ltr'>τίς</span> <span class='ocrx_word' id='word_1_126' title='bbox 2728 1364 2834 1428; x_wconf 82' lang='grc' dir='ltr'>οὐκ</span> <span class='ocrx_word' id='word_1_127' title='bbox 2878 1363 2948 1427; x_wconf 85' lang='grc' dir='ltr'>ἂν</span> <span class='ocrx_word' id='word_1_128' title='bbox 2994 1364 3087 1428; x_wconf 78' lang='grc' dir='ltr'>εὖ·</span> <span class='ocrx_word' id='word_1_129' title='bbox 3141 1383 3169 1424; x_wconf 82' lang='lat'><strong>5</strong></span> 
     </span>
     <span class='ocr_line' id='line_1_12' title="bbox 579 1465 3086 1552; baseline 0.003 -26"><span class='ocrx_word' id='word_1_130' title='bbox 579 1465 922 1548; x_wconf 86' lang='grc' dir='ltr'>σεβεστέραν</span> <span class='ocrx_word' id='word_1_131' title='bbox 969 1465 1120 1528; x_wconf 76' lang='grc' dir='ltr'>εἴποι</span> <span class='ocrx_word' id='word_1_132' title='bbox 1166 1468 1269 1549; x_wconf 89' lang='grc' dir='ltr'>τὴν</span> <span class='ocrx_word' id='word_1_133' title='bbox 1317 1466 1632 1548; x_wconf 83' lang='grc' dir='ltr'>λεγομένην</span> <span class='ocrx_word' id='word_1_134' title='bbox 1679 1468 1792 1529; x_wconf 82' lang='grc' dir='ltr'>ὑπὸ</span> <span class='ocrx_word' id='word_1_135' title='bbox 1830 1471 1947 1529; x_wconf 93' lang='grc' dir='ltr'>τῶν</span> <span class='ocrx_word' id='word_1_136' title='bbox 1994 1469 2123 1551; x_wconf 80' lang='grc' dir='ltr'>περὶ</span> <span class='ocrx_word' id='word_1_137' title='bbox 2161 1465 2503 1552; x_wconf 86' lang='grc' dir='ltr'>Ἐπίκουρον</span> <span class='ocrx_word' id='word_1_138' title='bbox 2551 1469 2939 1552; x_wconf 88' lang='grc' dir='ltr'>ἀπρονοησίαν</span> <span class='ocrx_word' id='word_1_139' title='bbox 2984 1473 3086 1550; x_wconf 75' lang='grc' dir='ltr'>τῆς</span> 
     </span>
     <span class='ocr_line' id='line_1_13' title="bbox 578 1567 3091 1653; baseline 0.001 -25"><span class='ocrx_word' id='word_1_140' title='bbox 578 1567 844 1652; x_wconf 82' lang='grc' dir='ltr'>τοιαύτης</span> <span class='ocrx_word' id='word_1_141' title='bbox 890 1571 1184 1652; x_wconf 88' lang='grc' dir='ltr'>προνοίας;</span> <span class='ocrx_word' id='word_1_142' title='bbox 1232 1573 1358 1639; x_wconf 89' lang='grc' dir='ltr'>πῶς</span> <span class='ocrx_word' id='word_1_143' title='bbox 1403 1570 1468 1632; x_wconf 87' lang='grc' dir='ltr'>δὲ</span> <span class='ocrx_word' id='word_1_144' title='bbox 1511 1570 1749 1653; x_wconf 83' lang='grc' dir='ltr'>συνῳδὰ</span> <span class='ocrx_word' id='word_1_145' title='bbox 1795 1570 2070 1652; x_wconf 87' lang='grc' dir='ltr'>ἀλλήλοις</span> <span class='ocrx_word' id='word_1_146' title='bbox 2111 1571 2178 1632; x_wconf 87' lang='grc' dir='ltr'>τὸ</span> <span class='ocrx_word' id='word_1_147' title='bbox 2225 1571 2373 1650; x_wconf 85' lang='grc' dir='ltr'>ὁμοῦ</span> <span class='ocrx_word' id='word_1_148' title='bbox 2409 1572 2511 1652; x_wconf 86' lang='grc' dir='ltr'>μὲν</span> <span class='ocrx_word' id='word_1_149' title='bbox 2558 1571 2695 1632; x_wconf 90' lang='grc' dir='ltr'>θεὸν</span> <span class='ocrx_word' id='word_1_150' title='bbox 2756 1572 2939 1652; x_wconf 86' lang='grc' dir='ltr'>λέγειν</span> <span class='ocrx_word' id='word_1_151' title='bbox 2984 1571 3091 1652; x_wconf 81' lang='grc' dir='ltr'>τὴν</span> 
     </span>
     <span class='ocr_line' id='line_1_14' title="bbox 579 1670 3085 1756; baseline 0 -24"><span class='ocrx_word' id='word_1_152' title='bbox 579 1670 932 1753; x_wconf 79' lang='grc' dir='ltr'>εἱμαρμένην</span> <span class='ocrx_word' id='word_1_153' title='bbox 1001 1674 1094 1734; x_wconf 86' lang='grc' dir='ltr'>καὶ</span> <span class='ocrx_word' id='word_1_154' title='bbox 1161 1673 1426 1756; x_wconf 74' lang='grc' dir='ltr'>χρῆσθαι</span> <span class='ocrx_word' id='word_1_155' title='bbox 1468 1677 1588 1742; x_wconf 86' lang='grc' dir='ltr'>τοῖς</span> <span class='ocrx_word' id='word_1_156' title='bbox 1652 1671 1809 1736; x_wconf 84' lang='grc' dir='ltr'>οῦσίν</span> <span class='ocrx_word' id='word_1_157' title='bbox 1856 1695 1919 1735; x_wconf 88' lang='grc' dir='ltr'>τε</span> <span class='ocrx_word' id='word_1_158' title='bbox 1962 1675 2061 1735; x_wconf 86' lang='grc' dir='ltr'>καὶ</span> <span class='ocrx_word' id='word_1_159' title='bbox 2104 1672 2420 1754; x_wconf 79' lang='grc' dir='ltr'>γινομένοις</span> <span class='ocrx_word' id='word_1_160' title='bbox 2486 1671 2547 1734; x_wconf 87' lang='grc' dir='ltr'>ἐν</span> <span class='ocrx_word' id='word_1_161' title='bbox 2602 1677 2687 1756; x_wconf 79' lang='grc' dir='ltr'>τῷ</span> <span class='ocrx_word' id='word_1_162' title='bbox 2736 1672 2942 1756; x_wconf 89' lang='grc' dir='ltr'>κόσμῳ</span> <span class='ocrx_word' id='word_1_163' title='bbox 2988 1672 3085 1733; x_wconf 86' lang='grc' dir='ltr'>ἐπὶ</span> 
     </span>
     <span class='ocr_line' id='line_1_15' title="bbox 576 1773 3163 1858; baseline -0.002 -22"><span class='ocrx_word' id='word_1_164' title='bbox 576 1774 836 1857; x_wconf 78' lang='grc' dir='ltr'>σωτηρίᾳ</span> <span class='ocrx_word' id='word_1_165' title='bbox 882 1773 1059 1837; x_wconf 79' lang='grc' dir='ltr'>αὐτοῦ</span> <span class='ocrx_word' id='word_1_166' title='bbox 1105 1797 1168 1836; x_wconf 85' lang='grc' dir='ltr'>τε</span> <span class='ocrx_word' id='word_1_167' title='bbox 1211 1779 1311 1837; x_wconf 91' lang='grc' dir='ltr'>τοῦ</span> <span class='ocrx_word' id='word_1_168' title='bbox 1359 1773 1582 1858; x_wconf 83' lang='grc' dir='ltr'>κόσμου</span> <span class='ocrx_word' id='word_1_169' title='bbox 1627 1776 1722 1837; x_wconf 87' lang='grc' dir='ltr'>καὶ</span> <span class='ocrx_word' id='word_1_170' title='bbox 1766 1780 1874 1858; x_wconf 82' lang='grc' dir='ltr'>τῆς</span> <span class='ocrx_word' id='word_1_171' title='bbox 1903 1779 2019 1838; x_wconf 92' lang='grc' dir='ltr'>τῶν</span> <span class='ocrx_word' id='word_1_172' title='bbox 2066 1775 2125 1836; x_wconf 87' lang='grc' dir='ltr'>ἐν</span> <span class='ocrx_word' id='word_1_173' title='bbox 2171 1774 2331 1857; x_wconf 78' lang='grc' dir='ltr'>αὐτῷ</span> <span class='ocrx_word' id='word_1_174' title='bbox 2380 1775 2617 1856; x_wconf 77' lang='grc' dir='ltr'>τάξεως,</span> <span class='ocrx_word' id='word_1_175' title='bbox 2665 1775 2813 1856; x_wconf 84' lang='grc' dir='ltr'>ὁμοῦ</span> <span class='ocrx_word' id='word_1_176' title='bbox 2861 1775 2923 1837; x_wconf 84' lang='grc' dir='ltr'>δὲ</span> <span class='ocrx_word' id='word_1_177' title='bbox 2969 1798 3079 1837; x_wconf 86' lang='grc' dir='ltr'>τοι·</span> <span class='ocrx_word' id='word_1_178' title='bbox 3112 1792 3163 1833; x_wconf 85' lang='grc' dir='ltr'>ιυ</span> 
     </span>
     <span class='ocr_line' id='line_1_16' title="bbox 477 1876 3083 1961; baseline -0.001 -23"><span class='ocrx_word' id='word_1_179' title='bbox 477 1897 538 1942; x_wconf 84' lang='lat'>15</span> <span class='ocrx_word' id='word_1_180' title='bbox 577 1881 723 1938; x_wconf 89' lang='grc' dir='ltr'>αῦτοι</span> <span class='ocrx_word' id='word_1_181' title='bbox 769 1877 900 1960; x_wconf 87' lang='grc' dir='ltr'>περὶ</span> <span class='ocrx_word' id='word_1_182' title='bbox 945 1876 1128 1958; x_wconf 78' lang='grc' dir='ltr'>αὐτῆς</span> <span class='ocrx_word' id='word_1_183' title='bbox 1171 1877 1354 1958; x_wconf 88' lang='grc' dir='ltr'>λέγειν</span> <span class='ocrx_word' id='word_1_184' title='bbox 1403 1879 1484 1945; x_wconf 83' lang='grc' dir='ltr'>ὡς</span> <span class='ocrx_word' id='word_1_185' title='bbox 1525 1878 1998 1961; x_wconf 86' lang='grc' dir='ltr'>παραλαμβάνειν</span> <span class='ocrx_word' id='word_1_186' title='bbox 2064 1878 2203 1959; x_wconf 86' lang='grc' dir='ltr'>πρὸς</span> <span class='ocrx_word' id='word_1_187' title='bbox 2251 1877 2352 1944; x_wconf 82' lang='grc' dir='ltr'>τὰς</span> <span class='ocrx_word' id='word_1_188' title='bbox 2418 1876 2651 1961; x_wconf 76' lang='grc' dir='ltr'>πράξεις</span> <span class='ocrx_word' id='word_1_189' title='bbox 2695 1877 2797 1944; x_wconf 83' lang='grc' dir='ltr'>τὰς</span> <span class='ocrx_word' id='word_1_190' title='bbox 2840 1877 3083 1940; x_wconf 86' lang='grc' dir='ltr'>ἀνοσιω-</span> 
     </span>
     <span class='ocr_line' id='line_1_17' title="bbox 579 1977 3083 2063; baseline 0 -23"><span class='ocrx_word' id='word_1_191' title='bbox 579 1981 750 2046; x_wconf 89' lang='grc' dir='ltr'>τάτας</span> <span class='ocrx_word' id='word_1_192' title='bbox 816 1978 911 2040; x_wconf 83' lang='grc' dir='ltr'>διὰ</span> <span class='ocrx_word' id='word_1_193' title='bbox 977 1981 1080 2061; x_wconf 79' lang='grc' dir='ltr'>τὴν</span> <span class='ocrx_word' id='word_1_194' title='bbox 1128 1981 1260 2063; x_wconf 85' lang='grc' dir='ltr'>περὶ</span> <span class='ocrx_word' id='word_1_195' title='bbox 1305 1979 1455 2042; x_wconf 84' lang='grc' dir='ltr'>αὐτὰ</span> <span class='ocrx_word' id='word_1_196' title='bbox 1501 1981 1756 2062; x_wconf 80' lang='grc' dir='ltr'>σπουδὴν</span> <span class='ocrx_word' id='word_1_197' title='bbox 1824 1981 1919 2042; x_wconf 84' lang='grc' dir='ltr'>καὶ</span> <span class='ocrx_word' id='word_1_198' title='bbox 1965 1979 2061 2041; x_wconf 86' lang='grc' dir='ltr'>τὸν</span> <span class='ocrx_word' id='word_1_199' title='bbox 2130 1977 2349 2042; x_wconf 80' lang='grc' dir='ltr'>Πύθιον</span> <span class='ocrx_word' id='word_1_200' title='bbox 2406 1979 2705 2062; x_wconf 82' lang='grc' dir='ltr'>συνεργόν;</span> <span class='ocrx_word' id='word_1_201' title='bbox 2775 1981 2869 2043; x_wconf 87' lang='grc' dir='ltr'>ἐπὶ</span> <span class='ocrx_word' id='word_1_202' title='bbox 2914 1981 3083 2041; x_wconf 89' lang='grc' dir='ltr'>τίνων</span> 
     </span>
     <span class='ocr_line' id='line_1_18' title="bbox 577 2081 3163 2166; baseline -0.002 -22"><span class='ocrx_word' id='word_1_203' title='bbox 577 2081 686 2164; x_wconf 83' lang='grc' dir='ltr'>γὰρ</span> <span class='ocrx_word' id='word_1_204' title='bbox 734 2083 996 2166; x_wconf 77' lang='grc' dir='ltr'>σωτηρίᾳ</span> <span class='ocrx_word' id='word_1_205' title='bbox 1042 2083 1238 2165; x_wconf 89' lang='grc' dir='ltr'>ἐροῦσι</span> <span class='ocrx_word' id='word_1_206' title='bbox 1283 2084 1543 2166; x_wconf 80' lang='grc' dir='ltr'>χρῆσθαι</span> <span class='ocrx_word' id='word_1_207' title='bbox 1588 2084 1692 2165; x_wconf 90' lang='grc' dir='ltr'>τὴν</span> <span class='ocrx_word' id='word_1_208' title='bbox 1739 2081 2093 2165; x_wconf 81' lang='grc' dir='ltr'>εἱμαρμένην</span> <span class='ocrx_word' id='word_1_209' title='bbox 2141 2082 2356 2165; x_wconf 86' lang='grc' dir='ltr'>πατρὸς</span> <span class='ocrx_word' id='word_1_210' title='bbox 2405 2081 2517 2143; x_wconf 80' lang='grc' dir='ltr'>ὑπὸ</span> <span class='ocrx_word' id='word_1_211' title='bbox 2549 2083 2751 2151; x_wconf 85' lang='grc' dir='ltr'>παιδὸς</span> <span class='ocrx_word' id='word_1_212' title='bbox 2790 2081 3081 2165; x_wconf 78' lang='grc' dir='ltr'>ἀναιρέσει</span> <span class='ocrx_word' id='word_1_213' title='bbox 3112 2100 3163 2140; x_wconf 76' lang='lat'>15</span> 
     </span>
     <span class='ocr_line' id='line_1_19' title="bbox 573 2180 3085 2269; baseline -0.001 -22"><span class='ocrx_word' id='word_1_214' title='bbox 573 2185 668 2247; x_wconf 88' lang='grc' dir='ltr'>καὶ</span> <span class='ocrx_word' id='word_1_215' title='bbox 733 2187 907 2268; x_wconf 87' lang='grc' dir='ltr'>γάμῳ</span> <span class='ocrx_word' id='word_1_216' title='bbox 978 2180 1197 2269; x_wconf 83' lang='grc' dir='ltr'>μητρὸς</span> <span class='ocrx_word' id='word_1_217' title='bbox 1264 2187 1360 2248; x_wconf 85' lang='grc' dir='ltr'>καὶ</span> <span class='ocrx_word' id='word_1_218' title='bbox 1407 2187 1610 2254; x_wconf 87' lang='grc' dir='ltr'>παιδὸς</span> <span class='ocrx_word' id='word_1_219' title='bbox 1679 2185 1893 2268; x_wconf 79' lang='grc' dir='ltr'>ἀνοσίῳ</span> <span class='ocrx_word' id='word_1_220' title='bbox 1961 2187 2057 2247; x_wconf 89' lang='grc' dir='ltr'>καὶ</span> <span class='ocrx_word' id='word_1_221' title='bbox 2123 2184 2345 2267; x_wconf 83' lang='grc' dir='ltr'>γενέσει</span> <span class='ocrx_word' id='word_1_222' title='bbox 2408 2186 2628 2247; x_wconf 86' lang='grc' dir='ltr'>παίδων</span> <span class='ocrx_word' id='word_1_223' title='bbox 2673 2185 2941 2268; x_wconf 82' lang='grc' dir='ltr'>ἀδελφῶν</span> <span class='ocrx_word' id='word_1_224' title='bbox 2988 2185 3085 2246; x_wconf 86' lang='grc' dir='ltr'>καὶ</span> 
     </span>
     <span class='ocr_line' id='line_1_20' title="bbox 579 2284 3084 2371; baseline -0 -23"><span class='ocrx_word' id='word_1_225' title='bbox 579 2287 755 2371; x_wconf 89' lang='grc' dir='ltr'>πατρί</span> <span class='ocrx_word' id='word_1_226' title='bbox 765 2312 778 2367; x_wconf 89' lang='grc'>;</span> <span class='ocrx_word' id='word_1_227' title='bbox 824 2288 884 2350; x_wconf 88' lang='grc' dir='ltr'>τί</span> <span class='ocrx_word' id='word_1_228' title='bbox 923 2294 1028 2370; x_wconf 78' lang='grc' dir='ltr'>τῆς</span> <span class='ocrx_word' id='word_1_229' title='bbox 1071 2288 1130 2350; x_wconf 85' lang='grc' dir='ltr'>ἐν</span> <span class='ocrx_word' id='word_1_230' title='bbox 1179 2287 1386 2371; x_wconf 88' lang='grc' dir='ltr'>κόσμῳ</span> <span class='ocrx_word' id='word_1_231' title='bbox 1431 2288 1778 2371; x_wconf 86' lang='grc' dir='ltr'>διοικήσεως</span> <span class='ocrx_word' id='word_1_232' title='bbox 1821 2287 1889 2350; x_wconf 85' lang='grc' dir='ltr'>ἐκ</span> <span class='ocrx_word' id='word_1_233' title='bbox 1935 2288 2154 2350; x_wconf 90' lang='grc' dir='ltr'>τούτων</span> <span class='ocrx_word' id='word_1_234' title='bbox 2200 2284 2359 2371; x_wconf 86' lang='grc' dir='ltr'>ἔχειν</span> <span class='ocrx_word' id='word_1_235' title='bbox 2404 2285 2641 2367; x_wconf 79' lang='grc' dir='ltr'>εὔλογον</span> <span class='ocrx_word' id='word_1_236' title='bbox 2687 2288 2791 2370; x_wconf 83' lang='grc' dir='ltr'>τὴν</span> <span class='ocrx_word' id='word_1_237' title='bbox 2838 2287 3084 2371; x_wconf 88' lang='grc' dir='ltr'>σωτηρί-</span> 
     </span>
     <span class='ocr_line' id='line_1_21' title="bbox 475 2388 3085 2474; baseline -0.002 -19"><span class='ocrx_word' id='word_1_238' title='bbox 475 2409 543 2455; x_wconf 78' lang='lat'>20</span> <span class='ocrx_word' id='word_1_239' title='bbox 579 2413 668 2463; x_wconf 87' lang='grc' dir='ltr'>αν,</span> <span class='ocrx_word' id='word_1_240' title='bbox 715 2393 797 2459; x_wconf 81' lang='grc' dir='ltr'>ὡς</span> <span class='ocrx_word' id='word_1_241' title='bbox 845 2393 938 2452; x_wconf 88' lang='grc' dir='ltr'>καὶ</span> <span class='ocrx_word' id='word_1_242' title='bbox 981 2392 1076 2454; x_wconf 87' lang='grc' dir='ltr'>τὸν</span> <span class='ocrx_word' id='word_1_243' title='bbox 1116 2389 1394 2456; x_wconf 87' lang='grc' dir='ltr'>Ἀπόλλω</span> <span class='ocrx_word' id='word_1_244' title='bbox 1439 2391 1757 2474; x_wconf 85' lang='grc' dir='ltr'>φοβεῖσθαι</span> <span class='ocrx_word' id='word_1_245' title='bbox 1805 2392 1886 2474; x_wconf 90' lang='grc' dir='ltr'>μή</span> <span class='ocrx_word' id='word_1_246' title='bbox 1934 2413 1986 2451; x_wconf 92' lang='grc' dir='ltr'>τι</span> <span class='ocrx_word' id='word_1_247' title='bbox 2031 2389 2304 2474; x_wconf 79' lang='grc' dir='ltr'>παρέλθῃ</span> <span class='ocrx_word' id='word_1_248' title='bbox 2352 2389 2569 2452; x_wconf 87' lang='grc' dir='ltr'>τούτων</span> <span class='ocrx_word' id='word_1_249' title='bbox 2616 2388 2938 2472; x_wconf 81' lang='grc' dir='ltr'>ἄπρακτον;</span> <span class='ocrx_word' id='word_1_250' title='bbox 2986 2388 3085 2450; x_wconf 85' lang='grc' dir='ltr'>πό-</span> 
     </span>
     <span class='ocr_line' id='line_1_22' title="bbox 573 2489 3165 2577; baseline -0.003 -23"><span class='ocrx_word' id='word_1_251' title='bbox 573 2515 739 2576; x_wconf 88' lang='grc' dir='ltr'>τερον</span> <span class='ocrx_word' id='word_1_252' title='bbox 785 2491 1037 2575; x_wconf 81' lang='grc' dir='ltr'>ἐμπόδια</span> <span class='ocrx_word' id='word_1_253' title='bbox 1085 2494 1164 2577; x_wconf 80' lang='grc' dir='ltr'>μὴ</span> <span class='ocrx_word' id='word_1_254' title='bbox 1211 2493 1483 2574; x_wconf 88' lang='grc' dir='ltr'>γινόμενα</span> <span class='ocrx_word' id='word_1_255' title='bbox 1527 2497 1603 2576; x_wconf 82' lang='grc' dir='ltr'>τῇ</span> <span class='ocrx_word' id='word_1_256' title='bbox 1650 2497 1764 2554; x_wconf 87' lang='grc' dir='ltr'>τῶν</span> <span class='ocrx_word' id='word_1_257' title='bbox 1811 2493 2143 2575; x_wconf 85' lang='grc' dir='ltr'>ἀνθρώπων</span> <span class='ocrx_word' id='word_1_258' title='bbox 2188 2491 2337 2555; x_wconf 83' lang='grc' dir='ltr'>κατὰ</span> <span class='ocrx_word' id='word_1_259' title='bbox 2383 2491 2579 2560; x_wconf 87' lang='grc' dir='ltr'>πόλεις</span> <span class='ocrx_word' id='word_1_260' title='bbox 2624 2515 2687 2554; x_wconf 86' lang='grc' dir='ltr'>τε</span> <span class='ocrx_word' id='word_1_261' title='bbox 2731 2493 2827 2555; x_wconf 83' lang='grc' dir='ltr'>καὶ</span> <span class='ocrx_word' id='word_1_262' title='bbox 2873 2489 3081 2573; x_wconf 87' lang='grc' dir='ltr'>νόμους</span> <span class='ocrx_word' id='word_1_263' title='bbox 3110 2507 3165 2547; x_wconf 68' lang='lat' dir='ltr'>so</span> 
     </span>
     <span class='ocr_line' id='line_1_23' title="bbox 573 2593 3083 2679; baseline -0 -22"><span class='ocrx_word' id='word_1_264' title='bbox 573 2595 816 2676; x_wconf 84' lang='grc' dir='ltr'>οἰκήσει,</span> <span class='ocrx_word' id='word_1_265' title='bbox 862 2596 900 2678; x_wconf 81' lang='grc' dir='ltr'>ἢ</span> <span class='ocrx_word' id='word_1_266' title='bbox 947 2600 1022 2678; x_wconf 80' lang='grc' dir='ltr'>τῇ</span> <span class='ocrx_word' id='word_1_267' title='bbox 1071 2601 1186 2658; x_wconf 90' lang='grc' dir='ltr'>τῶν</span> <span class='ocrx_word' id='word_1_268' title='bbox 1234 2597 1536 2679; x_wconf 84' lang='grc' dir='ltr'>στοιχείων</span> <span class='ocrx_word' id='word_1_269' title='bbox 1582 2599 1684 2658; x_wconf 92' lang='grc' dir='ltr'>τοῦ</span> <span class='ocrx_word' id='word_1_270' title='bbox 1732 2593 1954 2677; x_wconf 82' lang='grc' dir='ltr'>κόσμου</span> <span class='ocrx_word' id='word_1_271' title='bbox 2001 2595 2283 2677; x_wconf 73' lang='grc' dir='ltr'>σωτηρίᾳ,</span> <span class='ocrx_word' id='word_1_272' title='bbox 2332 2595 2367 2677; x_wconf 83' lang='grc' dir='ltr'><strong>ἢ</strong></span> <span class='ocrx_word' id='word_1_273' title='bbox 2416 2599 2491 2677; x_wconf 75' lang='grc' dir='ltr'>τῇ</span> <span class='ocrx_word' id='word_1_274' title='bbox 2538 2601 2655 2657; x_wconf 90' lang='grc' dir='ltr'>τῶν</span> <span class='ocrx_word' id='word_1_275' title='bbox 2701 2595 2878 2657; x_wconf 79' lang='grc' dir='ltr'>θείων</span> <span class='ocrx_word' id='word_1_276' title='bbox 2924 2594 3083 2656; x_wconf 84' lang='grc' dir='ltr'>εὐτά-</span> 
     </span>
     <span class='ocr_line' id='line_1_24' title="bbox 571 2697 3083 2784; baseline -0.002 -24"><span class='ocrx_word' id='word_1_277' title='bbox 571 2722 694 2782; x_wconf 89' lang='grc' dir='ltr'>κτῳ</span> <span class='ocrx_word' id='word_1_278' title='bbox 740 2723 804 2762; x_wconf 93' lang='grc' dir='ltr'>τε</span> <span class='ocrx_word' id='word_1_279' title='bbox 848 2700 945 2762; x_wconf 86' lang='grc' dir='ltr'>καὶ</span> <span class='ocrx_word' id='word_1_280' title='bbox 993 2700 1162 2783; x_wconf 83' lang='grc' dir='ltr'>ἀιδίῳ</span> <span class='ocrx_word' id='word_1_281' title='bbox 1208 2705 1493 2784; x_wconf 79' lang='grc' dir='ltr'>περιφορᾷ</span> <span class='ocrx_word' id='word_1_282' title='bbox 1539 2699 1578 2781; x_wconf 79' lang='grc' dir='ltr'>ἢ</span> <span class='ocrx_word' id='word_1_283' title='bbox 1627 2700 1734 2761; x_wconf 89' lang='grc' dir='ltr'>τίνι</span> <span class='ocrx_word' id='word_1_284' title='bbox 1779 2701 1895 2758; x_wconf 89' lang='grc' dir='ltr'>τῶν</span> <span class='ocrx_word' id='word_1_285' title='bbox 1963 2697 2023 2766; x_wconf 74' lang='grc' dir='ltr'>ἐξ</span> <span class='ocrx_word' id='word_1_286' title='bbox 2068 2699 2149 2759; x_wconf 85' lang='grc' dir='ltr'>ὧν</span> <span class='ocrx_word' id='word_1_287' title='bbox 2195 2699 2292 2760; x_wconf 85' lang='grc' dir='ltr'>τὸν</span> <span class='ocrx_word' id='word_1_288' title='bbox 2356 2697 2574 2780; x_wconf 86' lang='grc' dir='ltr'>κόσμον</span> <span class='ocrx_word' id='word_1_289' title='bbox 2642 2699 2979 2760; x_wconf 87' lang='grc' dir='ltr'>συνεστάναι</span> <span class='ocrx_word' id='word_1_290' title='bbox 3022 2718 3083 2756; x_wconf 90' lang='grc' dir='ltr'>τε</span> 
     </span>
     <span class='ocr_line' id='line_1_25' title="bbox 572 2798 3165 2885; baseline -0.002 -23"><span class='ocrx_word' id='word_1_291' title='bbox 572 2801 668 2863; x_wconf 81' lang='grc' dir='ltr'>καὶ</span> <span class='ocrx_word' id='word_1_292' title='bbox 713 2804 1058 2865; x_wconf 82' lang='grc' dir='ltr'>διοικεῖσθαι</span> <span class='ocrx_word' id='word_1_293' title='bbox 1103 2801 1251 2865; x_wconf 83' lang='grc' dir='ltr'>κατὰ</span> <span class='ocrx_word' id='word_1_294' title='bbox 1294 2800 1464 2883; x_wconf 88' lang='grc' dir='ltr'>λόγον</span> <span class='ocrx_word' id='word_1_295' title='bbox 1511 2800 1909 2885; x_wconf 83' lang='grc' dir='ltr'>συμβέβηκεν;</span> <span class='ocrx_word' id='word_1_296' title='bbox 1957 2800 2134 2884; x_wconf 77' lang='grc' dir='ltr'>δῆλον</span> <span class='ocrx_word' id='word_1_297' title='bbox 2180 2798 2237 2862; x_wconf 85' lang='grc' dir='ltr'>δ’</span> <span class='ocrx_word' id='word_1_298' title='bbox 2294 2799 2401 2874; x_wconf 82' lang='grc' dir='ltr'>ὅτι,</span> <span class='ocrx_word' id='word_1_299' title='bbox 2449 2799 2554 2862; x_wconf 77' lang='grc' dir='ltr'>κᾶν</span> <span class='ocrx_word' id='word_1_300' title='bbox 2600 2799 2776 2862; x_wconf 81' lang='grc' dir='ltr'>ἄλλον</span> <span class='ocrx_word' id='word_1_301' title='bbox 2806 2798 2933 2862; x_wconf 85' lang='grc' dir='ltr'>τινὰ</span> <span class='ocrx_word' id='word_1_302' title='bbox 2980 2802 3083 2880; x_wconf 87' lang='grc' dir='ltr'>μῦ-</span> <span class='ocrx_word' id='word_1_303' title='bbox 3111 2816 3165 2856; x_wconf 72' lang='lat'>25</span> 
     </span>
     <span class='ocr_line' id='line_1_26' title="bbox 466 2901 3083 2988; baseline -0.003 -19"><span class='ocrx_word' id='word_1_304' title='bbox 466 2923 532 2971; x_wconf 77' lang='lat'>25</span> <span class='ocrx_word' id='word_1_305' title='bbox 573 2905 677 2967; x_wconf 89' lang='grc' dir='ltr'>θον</span> <span class='ocrx_word' id='word_1_306' title='bbox 723 2905 894 2966; x_wconf 88' lang='grc' dir='ltr'>πάλιν</span> <span class='ocrx_word' id='word_1_307' title='bbox 941 2904 1270 2967; x_wconf 86' lang='grc' dir='ltr'>ἀκούσωσιν</span> <span class='ocrx_word' id='word_1_308' title='bbox 1315 2905 1472 2988; x_wconf 87' lang='grc' dir='ltr'>παρά</span> <span class='ocrx_word' id='word_1_309' title='bbox 1516 2926 1666 2972; x_wconf 86' lang='grc' dir='ltr'>τινος</span> <span class='ocrx_word' id='word_1_310' title='bbox 1710 2907 1828 2966; x_wconf 92' lang='grc' dir='ltr'>τῶν</span> <span class='ocrx_word' id='word_1_311' title='bbox 1875 2905 2345 2987; x_wconf 74' lang='grc' dir='ltr'>τραγῳδοποιῶν,</span> <span class='ocrx_word' id='word_1_312' title='bbox 2392 2903 2477 2972; x_wconf 84' lang='grc' dir='ltr'>οἷς</span> <span class='ocrx_word' id='word_1_313' title='bbox 2522 2901 2687 2987; x_wconf 84' lang='grc' dir='ltr'>ἔργον</span> <span class='ocrx_word' id='word_1_314' title='bbox 2733 2903 2805 2965; x_wconf 81' lang='grc' dir='ltr'>τὰ</span> <span class='ocrx_word' id='word_1_315' title='bbox 2848 2906 3083 2965; x_wconf 86' lang='grc' dir='ltr'>τοιαῦτα</span> 
     </span>
     <span class='ocr_line' id='line_1_27' title="bbox 575 3004 3085 3090; baseline -0.001 -23"><span class='ocrx_word' id='word_1_316' title='bbox 575 3008 908 3089; x_wconf 85' lang='grc' dir='ltr'>πλάσματα,</span> <span class='ocrx_word' id='word_1_317' title='bbox 969 3006 1007 3088; x_wconf 84' lang='grc' dir='ltr'>ἢ</span> <span class='ocrx_word' id='word_1_318' title='bbox 1054 3007 1294 3086; x_wconf 82' lang='grc' dir='ltr'>γυναῖκά</span> <span class='ocrx_word' id='word_1_319' title='bbox 1337 3029 1462 3068; x_wconf 87' lang='grc' dir='ltr'>τινα</span> <span class='ocrx_word' id='word_1_320' title='bbox 1507 3004 1601 3069; x_wconf 83' lang='grc' dir='ltr'>διὰ</span> <span class='ocrx_word' id='word_1_321' title='bbox 1649 3006 1999 3090; x_wconf 79' lang='grc' dir='ltr'>ζηλοτυπίαν</span> <span class='ocrx_word' id='word_1_322' title='bbox 2066 3007 2563 3090; x_wconf 86' lang='grc' dir='ltr'>ἐπιβουλεύσασαν</span> <span class='ocrx_word' id='word_1_323' title='bbox 2611 3006 2715 3088; x_wconf 87' lang='grc' dir='ltr'>μὲν</span> <span class='ocrx_word' id='word_1_324' title='bbox 2762 3005 3085 3088; x_wconf 85' lang='grc' dir='ltr'>ἀλλοτρίοις</span> 
     </span>
     <span class='ocr_line' id='line_1_28' title="bbox 571 3106 3085 3193; baseline -0.002 -22"><span class='ocrx_word' id='word_1_325' title='bbox 571 3108 810 3180; x_wconf 86' lang='grc' dir='ltr'>τέκνοις,</span> <span class='ocrx_word' id='word_1_326' title='bbox 857 3109 1280 3171; x_wconf 82' lang='grc' dir='ltr'>ἀποκτείνασαν</span> <span class='ocrx_word' id='word_1_327' title='bbox 1323 3109 1390 3170; x_wconf 86' lang='grc' dir='ltr'>δὲ</span> <span class='ocrx_word' id='word_1_328' title='bbox 1432 3109 1504 3170; x_wconf 82' lang='grc' dir='ltr'>τὰ</span> <span class='ocrx_word' id='word_1_329' title='bbox 1549 3110 1780 3192; x_wconf 80' lang='grc' dir='ltr'>ἑαυτῆς,</span> <span class='ocrx_word' id='word_1_330' title='bbox 1826 3109 1866 3191; x_wconf 84' lang='grc' dir='ltr'><strong>ἢ</strong></span> <span class='ocrx_word' id='word_1_331' title='bbox 1914 3107 2179 3190; x_wconf 86' lang='grc' dir='ltr'>Θυέστην</span> <span class='ocrx_word' id='word_1_332' title='bbox 2224 3109 2347 3171; x_wconf 86' lang='grc' dir='ltr'>τινὰ</span> <span class='ocrx_word' id='word_1_333' title='bbox 2390 3106 2652 3193; x_wconf 83' lang='grc' dir='ltr'>δυστυχῆ</span> <span class='ocrx_word' id='word_1_334' title='bbox 2684 3106 2925 3192; x_wconf 86' lang='grc' dir='ltr'>γέροντα</span> <span class='ocrx_word' id='word_1_335' title='bbox 2969 3112 3085 3169; x_wconf 91' lang='grc' dir='ltr'>τῶν</span> 
     </span>
     <span class='ocr_line' id='line_1_29' title="bbox 574 3209 3168 3296; baseline -0.002 -22"><span class='ocrx_word' id='word_1_336' title='bbox 574 3217 806 3294; x_wconf 85' lang='grc' dir='ltr'>σαρκῶν</span> <span class='ocrx_word' id='word_1_337' title='bbox 851 3217 970 3274; x_wconf 91' lang='grc' dir='ltr'>τῶν</span> <span class='ocrx_word' id='word_1_338' title='bbox 1015 3213 1237 3274; x_wconf 85' lang='grc' dir='ltr'>παίδων</span> <span class='ocrx_word' id='word_1_339' title='bbox 1282 3211 1463 3274; x_wconf 83' lang='grc' dir='ltr'>αὐτοῦ</span> <span class='ocrx_word' id='word_1_340' title='bbox 1508 3211 1778 3274; x_wconf 85' lang='grc' dir='ltr'>ἐσθίοντα</span> <span class='ocrx_word' id='word_1_341' title='bbox 1815 3209 2074 3296; x_wconf 86' lang='grc' dir='ltr'>Ἀτρέως</span> <span class='ocrx_word' id='word_1_342' title='bbox 2120 3212 2269 3279; x_wconf 89' lang='grc' dir='ltr'>τινὸς</span> <span class='ocrx_word' id='word_1_343' title='bbox 2301 3211 2556 3294; x_wconf 89' lang='grc' dir='ltr'>ἀδελφοῦ</span> <span class='ocrx_word' id='word_1_344' title='bbox 2603 3211 2871 3295; x_wconf 86' lang='grc' dir='ltr'>τοιαύτην</span> <span class='ocrx_word' id='word_1_345' title='bbox 2904 3233 3085 3294; x_wconf 88' lang='grc' dir='ltr'>παρα·</span> <span class='ocrx_word' id='word_1_346' title='bbox 3111 3227 3168 3268; x_wconf 70' lang='lat'>³⁰</span> 
     </span>
     <span class='ocr_line' id='line_1_30' title="bbox 577 3312 3083 3400; baseline -0 -24"><span class='ocrx_word' id='word_1_347' title='bbox 577 3314 778 3382; x_wconf 83' lang='grc' dir='ltr'>θέντος</span> <span class='ocrx_word' id='word_1_348' title='bbox 843 3315 1006 3400; x_wconf 77' lang='grc' dir='ltr'>αὐτῷ</span> <span class='ocrx_word' id='word_1_349' title='bbox 1081 3316 1390 3398; x_wconf 82' lang='grc' dir='ltr'>τράπεζαν,</span> <span class='ocrx_word' id='word_1_350' title='bbox 1457 3315 1802 3377; x_wconf 90' lang='grc' dir='ltr'>πιστεύουσί</span> <span class='ocrx_word' id='word_1_351' title='bbox 1861 3337 1925 3377; x_wconf 89' lang='grc' dir='ltr'>τε</span> <span class='ocrx_word' id='word_1_352' title='bbox 1978 3319 2098 3383; x_wconf 88' lang='grc' dir='ltr'>τοῖς</span> <span class='ocrx_word' id='word_1_353' title='bbox 2152 3314 2360 3396; x_wconf 78' lang='grc' dir='ltr'>μύθοις</span> <span class='ocrx_word' id='word_1_354' title='bbox 2406 3317 2488 3381; x_wconf 83' lang='grc' dir='ltr'>ὡς</span> <span class='ocrx_word' id='word_1_355' title='bbox 2530 3312 2789 3395; x_wconf 85' lang='grc' dir='ltr'>γεγονόσι</span> <span class='ocrx_word' id='word_1_356' title='bbox 2836 3313 2934 3375; x_wconf 88' lang='grc' dir='ltr'>καὶ</span> <span class='ocrx_word' id='word_1_357' title='bbox 2978 3313 3083 3395; x_wconf 80' lang='grc' dir='ltr'>τὴν</span> 
     </span>
     <span class='ocr_line' id='line_1_31' title="bbox 466 3415 3083 3502; baseline -0.003 -19"><span class='ocrx_word' id='word_1_358' title='bbox 466 3437 534 3483; x_wconf 86' lang='grc' dir='ltr'>3ο</span> <span class='ocrx_word' id='word_1_359' title='bbox 569 3418 924 3502; x_wconf 82' lang='grc' dir='ltr'>εἱμαρμένην</span> <span class='ocrx_word' id='word_1_360' title='bbox 968 3441 1032 3480; x_wconf 88' lang='grc' dir='ltr'>τε</span> <span class='ocrx_word' id='word_1_361' title='bbox 1076 3419 1174 3481; x_wconf 89' lang='grc' dir='ltr'>καὶ</span> <span class='ocrx_word' id='word_1_362' title='bbox 1218 3419 1490 3502; x_wconf 87' lang='grc' dir='ltr'>πρόνοιαν</span> <span class='ocrx_word' id='word_1_363' title='bbox 1536 3417 1610 3481; x_wconf 82' lang='grc' dir='ltr'>δι’</span> <span class='ocrx_word' id='word_1_364' title='bbox 1661 3418 1855 3482; x_wconf 83' lang='grc' dir='ltr'>αὐτῶν</span> <span class='ocrx_word' id='word_1_365' title='bbox 1901 3419 2447 3492; x_wconf 77' lang='grc' dir='ltr'>κατασκευάζουσιν,</span> <span class='ocrx_word' id='word_1_366' title='bbox 2504 3418 2703 3501; x_wconf 82' lang='grc' dir='ltr'>ὥσπερ</span> <span class='ocrx_word' id='word_1_367' title='bbox 2750 3415 2915 3499; x_wconf 85' lang='grc' dir='ltr'>ἔργον</span> <span class='ocrx_word' id='word_1_368' title='bbox 2961 3438 3083 3477; x_wconf 90' lang='grc' dir='ltr'>ποι-</span> 
     </span>
    </p>
   </div>
   <div class='ocr_carea' id='block_1_3' title="bbox 464 3704 3199 4759">
    <p class='ocr_par' dir='ltr' id='par_1_3' title="bbox 465 3704 3194 3952">
     <span class='ocr_line' id='line_1_32' title="bbox 465 3704 3193 3778; baseline -0 -20"><span class='ocrx_word' id='word_1_369' title='bbox 465 3707 498 3758; x_wconf 82' lang='grc'><strong>2</strong></span> <span class='ocrx_word' id='word_1_370' title='bbox 549 3705 575 3758; x_wconf 88' lang='grc' dir='ltr'><strong>ὃ</strong></span> <span class='ocrx_word' id='word_1_371' title='bbox 612 3707 706 3778; x_wconf 84' lang='grc' dir='ltr'>γὰρ</span> <span class='ocrx_word' id='word_1_372' title='bbox 744 3707 892 3759; x_wconf 80' lang='lat' dir='ltr'><strong>libri:</strong></span> <span class='ocrx_word' id='word_1_373' title='bbox 947 3707 990 3758; x_wconf 74' lang='grc' dir='ltr'>εἰ</span> <span class='ocrx_word' id='word_1_374' title='bbox 1027 3706 1118 3778; x_wconf 83' lang='grc' dir='ltr'>γὰρ</span> <span class='ocrx_word' id='word_1_375' title='bbox 1154 3707 1224 3759; x_wconf 80' lang='lat'>13²</span> <span class='ocrx_word' id='word_1_376' title='bbox 1469 3705 1656 3774; x_wconf 79' lang='grc' dir='ltr'>ἐγίνετο</span> <span class='ocrx_word' id='word_1_377' title='bbox 1694 3705 1773 3757; x_wconf 66' lang='lat'>⁸¹²</span> <span class='ocrx_word' id='word_1_378' title='bbox 2022 3705 2054 3757; x_wconf 89' lang='lat'><strong>3</strong></span> <span class='ocrx_word' id='word_1_379' title='bbox 2102 3705 2187 3756; x_wconf 84' lang='grc' dir='ltr'>καὶ</span> <span class='ocrx_word' id='word_1_380' title='bbox 2224 3705 2299 3769; x_wconf 71' lang='lat' dir='ltr'>(d)</span> <span class='ocrx_word' id='word_1_381' title='bbox 2346 3704 2425 3757; x_wconf 79' lang='grc' dir='ltr'>διὰ</span> <span class='ocrx_word' id='word_1_382' title='bbox 2462 3707 2509 3758; x_wconf 89' lang='grc' dir='ltr'><strong>Ο</strong></span> <span class='ocrx_word' id='word_1_383' title='bbox 2759 3705 3024 3774; x_wconf 85' lang='grc' dir='ltr'>γενόμενα]</span> <span class='ocrx_word' id='word_1_384' title='bbox 3072 3724 3098 3756; x_wconf 89' lang='grc' dir='ltr'>ο</span> <span class='ocrx_word' id='word_1_385' title='bbox 3135 3708 3193 3758; x_wconf 88' lang='lat' dir='ltr'>in</span> 
     </span>
     <span class='ocr_line' id='line_1_33' title="bbox 466 3791 3194 3863; baseline -0.001 -17"><span class='ocrx_word' id='word_1_386' title='bbox 466 3795 543 3848; x_wconf 86' lang='lat' dir='ltr'><strong>lit.</strong></span> <span class='ocrx_word' id='word_1_387' title='bbox 580 3798 630 3844; x_wconf 85' lang='lat' dir='ltr'>V</span> <span class='ocrx_word' id='word_1_388' title='bbox 843 3795 876 3845; x_wconf 81' lang='lat'>4</span> <span class='ocrx_word' id='word_1_389' title='bbox 927 3791 1034 3845; x_wconf 74' lang='grc' dir='ltr'>ἀλλ’</span> <span class='ocrx_word' id='word_1_390' title='bbox 1075 3793 1158 3859; x_wconf 75' lang='grc' dir='ltr'>οὐ]</span> <span class='ocrx_word' id='word_1_391' title='bbox 1203 3792 1358 3846; x_wconf 86' lang='grc' dir='ltr'>ἀλλου</span> <span class='ocrx_word' id='word_1_392' title='bbox 1397 3798 1460 3844; x_wconf 87' lang='lat' dir='ltr'>V:</span> <span class='ocrx_word' id='word_1_393' title='bbox 1518 3809 1616 3846; x_wconf 89' lang='lat' dir='ltr'>om.</span> <span class='ocrx_word' id='word_1_394' title='bbox 1655 3797 1728 3845; x_wconf 87' lang='lat' dir='ltr'>K:</span> <span class='ocrx_word' id='word_1_395' title='bbox 1784 3791 1914 3845; x_wconf 88' lang='grc' dir='ltr'>ἀλλὰ</span> <span class='ocrx_word' id='word_1_396' title='bbox 1952 3797 2037 3848; x_wconf 89' lang='lat' dir='ltr'>ES</span> <span class='ocrx_word' id='word_1_397' title='bbox 2251 3792 2281 3842; x_wconf 88' lang='lat'>6</span> <span class='ocrx_word' id='word_1_398' title='bbox 2330 3796 2687 3863; x_wconf 77' lang='grc' dir='ltr'>συνεργοῦντας</span> <span class='ocrx_word' id='word_1_399' title='bbox 2724 3795 2879 3860; x_wconf 78' lang='lat' dir='ltr'>Casp.</span> <span class='ocrx_word' id='word_1_400' title='bbox 2920 3797 2965 3846; x_wconf 94' lang='grc' dir='ltr'>Ο</span> <span class='ocrx_word' id='word_1_401' title='bbox 3015 3798 3194 3861; x_wconf 82' lang='lat' dir='ltr'><strong>(supra</strong></span> 
     </span>
     <span class='ocr_line' id='line_1_34' title="bbox 466 3879 2879 3952; baseline -0.001 -17"><span class='ocrx_word' id='word_1_402' title='bbox 466 3881 855 3952; x_wconf 83' lang='grc' dir='ltr'>συνεργούμενον</span> <span class='ocrx_word' id='word_1_403' title='bbox 903 3881 1001 3933; x_wconf 75' lang='lat'>13²:</span> <span class='ocrx_word' id='word_1_404' title='bbox 1064 3887 1170 3938; x_wconf 86' lang='grc' dir='ltr'>τοῖς</span> <span class='ocrx_word' id='word_1_405' title='bbox 1223 3879 1430 3951; x_wconf 81' lang='grc' dir='ltr'>ἀγαθοῖς</span> <span class='ocrx_word' id='word_1_406' title='bbox 1481 3881 1662 3940; x_wconf 76' lang='grc' dir='ltr'>αὐτοὺς</span> <span class='ocrx_word' id='word_1_407' title='bbox 1721 3881 1795 3934; x_wconf 87' lang='grc' dir='ltr'>δεῖ</span> <span class='ocrx_word' id='word_1_408' title='bbox 1850 3883 2117 3951; x_wconf 82' lang='grc' dir='ltr'>συνεργεῖν)</span> <span class='ocrx_word' id='word_1_409' title='bbox 2370 3881 2399 3931; x_wconf 80' lang='lat'><strong>7</strong></span> <span class='ocrx_word' id='word_1_410' title='bbox 2455 3880 2779 3933; x_wconf 79' lang='grc' dir='ltr'>διατελωῦσιν</span> <span class='ocrx_word' id='word_1_411' title='bbox 2824 3881 2879 3932; x_wconf 81' lang='lat' dir='ltr'>a²</span> 
     </span>
    </p>

    <p class='ocr_par' dir='ltr' id='par_1_4' title="bbox 465 3967 3199 4303">
     <span class='ocr_line' id='line_1_35' title="bbox 465 3967 3199 4040; baseline -0.001 -18"><span class='ocrx_word' id='word_1_412' title='bbox 465 3970 562 4040; x_wconf 80' lang='grc' dir='ltr'>ἄρα</span> <span class='ocrx_word' id='word_1_413' title='bbox 601 3975 648 4020; x_wconf 87' lang='lat' dir='ltr'>V</span> <span class='ocrx_word' id='word_1_414' title='bbox 861 3968 1068 4040; x_wconf 85' lang='grc' dir='ltr'>δοτῆρες</span> <span class='ocrx_word' id='word_1_415' title='bbox 1109 3968 1188 4021; x_wconf 69' lang='lat'>⁸¹²</span> <span class='ocrx_word' id='word_1_416' title='bbox 1412 3987 1464 4036; x_wconf 87' lang='grc' dir='ltr'>γε</span> <span class='ocrx_word' id='word_1_417' title='bbox 1504 3971 1718 4037; x_wconf 83' lang='lat' dir='ltr'>scripsi:</span> <span class='ocrx_word' id='word_1_418' title='bbox 1775 3967 1829 4020; x_wconf 85' lang='grc' dir='ltr'>δὲ</span> <span class='ocrx_word' id='word_1_419' title='bbox 1869 3969 1986 4022; x_wconf 86' lang='lat' dir='ltr'>libri</span> <span class='ocrx_word' id='word_1_420' title='bbox 2201 3970 2233 4020; x_wconf 91' lang='lat'>8</span> <span class='ocrx_word' id='word_1_421' title='bbox 2281 3967 2379 4021; x_wconf 82' lang='grc' dir='ltr'>Λαί</span> <span class='ocrx_word' id='word_1_422' title='bbox 2424 3969 2502 4018; x_wconf 70' lang='lat'>³¹²</span> <span class='ocrx_word' id='word_1_423' title='bbox 2790 3969 2837 4020; x_wconf 86' lang='lat'>8.</span> <span class='ocrx_word' id='word_1_424' title='bbox 2885 3971 2915 4020; x_wconf 78' lang='lat'><strong>9</strong></span> <span class='ocrx_word' id='word_1_425' title='bbox 2972 3968 3199 4022; x_wconf 86' lang='grc' dir='ltr'>συντελεῖ</span> 
     </span>
     <span class='ocr_line' id='line_1_36' title="bbox 467 4056 3120 4129; baseline -0.001 -18"><span class='ocrx_word' id='word_1_426' title='bbox 467 4059 610 4111; x_wconf 78' lang='lat' dir='ltr'><strong>Cas.:</strong></span> <span class='ocrx_word' id='word_1_427' title='bbox 675 4056 895 4110; x_wconf 83' lang='grc' dir='ltr'>συντέλει</span> <span class='ocrx_word' id='word_1_428' title='bbox 939 4057 1066 4110; x_wconf 72' lang='lat' dir='ltr'>Va²z</span> <span class='ocrx_word' id='word_1_429' title='bbox 1131 4056 1378 4110; x_wconf 81' lang='grc' dir='ltr'>συνετέλει</span> <span class='ocrx_word' id='word_1_430' title='bbox 1422 4059 1500 4109; x_wconf 73' lang='grc' dir='ltr'>ε“;</span> <span class='ocrx_word' id='word_1_431' title='bbox 1557 4066 1779 4129; x_wconf 84' lang='grc' dir='ltr'>συνεργεῖ</span> <span class='ocrx_word' id='word_1_432' title='bbox 1825 4062 1874 4108; x_wconf 89' lang='grc' dir='ltr'>Η</span> <span class='ocrx_word' id='word_1_433' title='bbox 1912 4075 1986 4126; x_wconf 86' lang='grc' dir='ltr'>γρ.</span> <span class='ocrx_word' id='word_1_434' title='bbox 2026 4061 2071 4110; x_wconf 93' lang='grc' dir='ltr'><strong>Ο</strong></span> <span class='ocrx_word' id='word_1_435' title='bbox 2287 4060 2317 4108; x_wconf 84' lang='grc'><strong>9</strong></span> <span class='ocrx_word' id='word_1_436' title='bbox 2356 4056 2432 4124; x_wconf 82' lang='grc' dir='ltr'>δὲ]</span> <span class='ocrx_word' id='word_1_437' title='bbox 2474 4072 2573 4108; x_wconf 88' lang='lat' dir='ltr'>om.</span> <span class='ocrx_word' id='word_1_438' title='bbox 2612 4057 2715 4108; x_wconf 63' lang='grc' dir='ltr'>οῖ’-ἰ</span> <span class='ocrx_word' id='word_1_439' title='bbox 2754 4059 2845 4125; x_wconf 86' lang='grc' dir='ltr'>γὰρ</span> <span class='ocrx_word' id='word_1_440' title='bbox 2882 4057 3047 4108; x_wconf 85' lang='lat' dir='ltr'><strong>Lond.</strong></span> <span class='ocrx_word' id='word_1_441' title='bbox 3076 4061 3120 4109; x_wconf 88' lang='lat' dir='ltr'><em>O</em></span> 
     </span>
     <span class='ocr_line' id='line_1_37' title="bbox 469 4143 3191 4214; baseline -0.001 -16"><span class='ocrx_word' id='word_1_442' title='bbox 469 4147 535 4198; x_wconf 90' lang='lat'>10</span> <span class='ocrx_word' id='word_1_443' title='bbox 569 4145 643 4198; x_wconf 82' lang='grc' dir='ltr'>ὧν</span> <span class='ocrx_word' id='word_1_444' title='bbox 677 4147 752 4202; x_wconf 80' lang='grc' dir='ltr'>τίς</span> <span class='ocrx_word' id='word_1_445' title='bbox 788 4147 879 4208; x_wconf 84' lang='grc' dir='ltr'>(τίς</span> <span class='ocrx_word' id='word_1_446' title='bbox 907 4147 962 4198; x_wconf 88' lang='lat' dir='ltr'>in</span> <span class='ocrx_word' id='word_1_447' title='bbox 989 4146 1085 4207; x_wconf 82' lang='lat' dir='ltr'><strong>lit.)</strong></span> <span class='ocrx_word' id='word_1_448' title='bbox 1124 4143 1344 4202; x_wconf 78' lang='grc' dir='ltr'>ἀκούσας</span> <span class='ocrx_word' id='word_1_449' title='bbox 1381 4145 1558 4210; x_wconf 81' lang='lat' dir='ltr'><strong>(litura</strong></span> <span class='ocrx_word' id='word_1_450' title='bbox 1594 4145 1627 4197; x_wconf 89' lang='lat'><strong>3</strong></span> <span class='ocrx_word' id='word_1_451' title='bbox 1655 4145 1778 4212; x_wconf 84' lang='lat' dir='ltr'>litt.)</span> <span class='ocrx_word' id='word_1_452' title='bbox 1819 4144 1914 4196; x_wconf 75' lang='grc' dir='ltr'>οὐκ</span> <span class='ocrx_word' id='word_1_453' title='bbox 1942 4148 1985 4197; x_wconf 91' lang='grc' dir='ltr'>Β</span> <span class='ocrx_word' id='word_1_454' title='bbox 2172 4144 2233 4196; x_wconf 81' lang='grc'>12</span> <span class='ocrx_word' id='word_1_455' title='bbox 2280 4143 2483 4197; x_wconf 81' lang='grc' dir='ltr'>σύνωδα</span> <span class='ocrx_word' id='word_1_456' title='bbox 2520 4149 2568 4196; x_wconf 89' lang='lat' dir='ltr'>V</span> <span class='ocrx_word' id='word_1_457' title='bbox 2812 4144 2873 4196; x_wconf 86' lang='lat'>15</span> <span class='ocrx_word' id='word_1_458' title='bbox 2930 4144 3191 4214; x_wconf 82' lang='grc' dir='ltr'>παραλαμ-</span> 
     </span>
     <span class='ocr_line' id='line_1_38' title="bbox 466 4219 3053 4303; baseline -0.002 -17"><span class='ocrx_word' id='word_1_459' title='bbox 466 4233 606 4302; x_wconf 78' lang='grc' dir='ltr'>βάνει</span> <span class='ocrx_word' id='word_1_460' title='bbox 639 4233 696 4284; x_wconf 81' lang='lat' dir='ltr'>a²</span> <span class='ocrx_word' id='word_1_461' title='bbox 913 4232 990 4284; x_wconf 85' lang='lat'>15.</span> <span class='ocrx_word' id='word_1_462' title='bbox 1035 4233 1097 4284; x_wconf 82' lang='lat'>16</span> <span class='ocrx_word' id='word_1_463' title='bbox 1135 4233 1505 4290; x_wconf 80' lang='grc' dir='ltr'>ἀνοσιωτάτους</span> <span class='ocrx_word' id='word_1_464' title='bbox 1541 4231 1711 4284; x_wconf 87' lang='lat' dir='ltr'><strong>Lond.</strong></span> <span class='ocrx_word' id='word_1_465' title='bbox 1912 4233 1975 4283; x_wconf 89' lang='lat'>17</span> <span class='ocrx_word' id='word_1_466' title='bbox 2014 4234 2203 4303; x_wconf 85' lang='grc' dir='ltr'>πατέρα</span> <span class='ocrx_word' id='word_1_467' title='bbox 2241 4233 2331 4300; x_wconf 69' lang='grc' dir='ltr'>μὲν</span> <span class='ocrx_word' id='word_1_468' title='bbox 2370 4232 2425 4283; x_wconf 80' lang='lat' dir='ltr'>a‘-‘</span> <span class='ocrx_word' id='word_1_469' title='bbox 2628 4219 2948 4302; x_wconf 82' lang='grc' dir='ltr'>ἀναιρεθῆναι</span> <span class='ocrx_word' id='word_1_470' title='bbox 2998 4232 3053 4282; x_wconf 67' lang='lat' dir='ltr'>a2&#39;</span> 
     </span>
    </p>

    <p class='ocr_par' dir='ltr' id='par_1_5' title="bbox 464 4317 3191 4759">
     <span class='ocr_line' id='line_1_39' title="bbox 471 4317 3191 4391; baseline 0 -20"><span class='ocrx_word' id='word_1_471' title='bbox 471 4321 534 4372; x_wconf 90' lang='lat'>18</span> <span class='ocrx_word' id='word_1_472' title='bbox 569 4319 818 4390; x_wconf 69' lang='grc' dir='ltr'>,ἀδελφῶν</span> <span class='ocrx_word' id='word_1_473' title='bbox 868 4319 968 4372; x_wconf 66' lang='lat'>⁸¹²:</span> <span class='ocrx_word' id='word_1_474' title='bbox 1035 4317 1267 4389; x_wconf 80' lang='grc' dir='ltr'>ἀδελφῶν</span> <span class='ocrx_word' id='word_1_475' title='bbox 1316 4321 1444 4386; x_wconf 79' lang='lat' dir='ltr'><strong>(sic,</strong></span> <span class='ocrx_word' id='word_1_476' title='bbox 1493 4337 1654 4388; x_wconf 81' lang='lat' dir='ltr'><strong>supra</strong></span> <span class='ocrx_word' id='word_1_477' title='bbox 1702 4341 1770 4372; x_wconf 82' lang='lat' dir='ltr'>m:</span> <span class='ocrx_word' id='word_1_478' title='bbox 1829 4339 1845 4372; x_wconf 91' lang='grc' dir='ltr'>ι</span> <span class='ocrx_word' id='word_1_479' title='bbox 1893 4321 1987 4386; x_wconf 74' lang='lat' dir='ltr'>m‘)</span> <span class='ocrx_word' id='word_1_480' title='bbox 2046 4322 2141 4372; x_wconf 78' lang='lat' dir='ltr'>V¹z</span> <span class='ocrx_word' id='word_1_481' title='bbox 2210 4319 2484 4391; x_wconf 64' lang='grc' dir='ltr'>ἀδελφῶβμ</span> <span class='ocrx_word' id='word_1_482' title='bbox 2524 4325 2595 4373; x_wconf 87' lang='lat' dir='ltr'>B:</span> <span class='ocrx_word' id='word_1_483' title='bbox 2652 4321 2857 4391; x_wconf 70' lang='grc' dir='ltr'>ἀδελφῷ</span> <span class='ocrx_word' id='word_1_484' title='bbox 2906 4324 3001 4375; x_wconf 88' lang='grc' dir='ltr'>ΗΟ</span> <span class='ocrx_word' id='word_1_485' title='bbox 3060 4320 3191 4388; x_wconf 81' lang='grc' dir='ltr'>(παί-</span> 
     </span>
     <span class='ocr_line' id='line_1_40' title="bbox 465 4406 3191 4478; baseline 0 -18"><span class='ocrx_word' id='word_1_486' title='bbox 465 4406 572 4460; x_wconf 84' lang='grc' dir='ltr'>δων</span> <span class='ocrx_word' id='word_1_487' title='bbox 625 4407 858 4478; x_wconf 81' lang='grc' dir='ltr'>ἀδελφῶν</span> <span class='ocrx_word' id='word_1_488' title='bbox 915 4407 1066 4478; x_wconf 84' lang='grc' dir='ltr'>πατρί</span> <span class='ocrx_word' id='word_1_489' title='bbox 1111 4407 1262 4474; x_wconf 82' lang='lat' dir='ltr'><strong>Casp.</strong></span> <span class='ocrx_word' id='word_1_490' title='bbox 1311 4408 1381 4473; x_wconf 92' lang='lat' dir='ltr'>O)</span> <span class='ocrx_word' id='word_1_491' title='bbox 1844 4407 1906 4461; x_wconf 76' lang='lat'>19</span> <span class='ocrx_word' id='word_1_492' title='bbox 1961 4413 2053 4477; x_wconf 83' lang='grc' dir='ltr'>τῆς</span> <span class='ocrx_word' id='word_1_493' title='bbox 2110 4426 2157 4460; x_wconf 74' lang='lat' dir='ltr'>v.</span> <span class='ocrx_word' id='word_1_494' title='bbox 2204 4425 2248 4460; x_wconf 83' lang='lat' dir='ltr'>c.</span> <span class='ocrx_word' id='word_1_495' title='bbox 2300 4409 2457 4460; x_wconf 73' lang='lat' dir='ltr'>Va¹²z</span> <span class='ocrx_word' id='word_1_496' title='bbox 2521 4415 2626 4460; x_wconf 86' lang='grc' dir='ltr'>τῶν</span> <span class='ocrx_word' id='word_1_497' title='bbox 2670 4410 2767 4459; x_wconf 84' lang='lat' dir='ltr'>V¹:</span> <span class='ocrx_word' id='word_1_498' title='bbox 2832 4409 3048 4461; x_wconf 77' lang='lat' dir='ltr'><strong>fortasse</strong></span> <span class='ocrx_word' id='word_1_499' title='bbox 3101 4413 3191 4477; x_wconf 79' lang='grc' dir='ltr'>τῆς</span> 
     </span>
     <span class='ocr_line' id='line_1_41' title="bbox 464 4494 3189 4566; baseline 0 -18"><span class='ocrx_word' id='word_1_500' title='bbox 464 4499 614 4562; x_wconf 86' lang='grc' dir='ltr'>(τῶν)</span> <span class='ocrx_word' id='word_1_501' title='bbox 938 4496 1008 4548; x_wconf 74' lang='lat'>20</span> <span class='ocrx_word' id='word_1_502' title='bbox 1060 4496 1259 4548; x_wconf 86' lang='grc' dir='ltr'>τούτων</span> <span class='ocrx_word' id='word_1_503' title='bbox 1297 4494 1424 4548; x_wconf 66' lang='lat'>13²5</span> <span class='ocrx_word' id='word_1_504' title='bbox 1461 4515 1536 4566; x_wconf 85' lang='grc' dir='ltr'>γρ.</span> <span class='ocrx_word' id='word_1_505' title='bbox 1575 4499 1662 4550; x_wconf 81' lang='lat' dir='ltr'>Es</span> <span class='ocrx_word' id='word_1_506' title='bbox 1699 4495 1866 4549; x_wconf 86' lang='lat' dir='ltr'>Lond.</span> <span class='ocrx_word' id='word_1_507' title='bbox 1905 4501 1975 4551; x_wconf 89' lang='lat' dir='ltr'>O:</span> <span class='ocrx_word' id='word_1_508' title='bbox 2032 4495 2198 4565; x_wconf 81' lang='grc' dir='ltr'>τούτῳ</span> <span class='ocrx_word' id='word_1_509' title='bbox 2238 4496 2387 4548; x_wconf 79' lang='lat' dir='ltr'>Va¹²:</span> <span class='ocrx_word' id='word_1_510' title='bbox 2442 4500 2594 4548; x_wconf 82' lang='grc' dir='ltr'>τοῦτο</span> <span class='ocrx_word' id='word_1_511' title='bbox 2632 4500 2679 4548; x_wconf 88' lang='grc' dir='ltr'><strong>Κ</strong></span> <span class='ocrx_word' id='word_1_512' title='bbox 2984 4497 3046 4548; x_wconf 78' lang='grc'>21</span> <span class='ocrx_word' id='word_1_513' title='bbox 3104 4498 3189 4565; x_wconf 83' lang='grc' dir='ltr'>ἐμ.-</span> 
     </span>
     <span class='ocr_line' id='line_1_42' title="bbox 465 4589 3190 4671; baseline 0 -17"><span class='ocrx_word' id='word_1_514' title='bbox 465 4601 626 4654; x_wconf 75' lang='grc' dir='ltr'>ποδιεῖ</span> <span class='ocrx_word' id='word_1_515' title='bbox 657 4605 706 4654; x_wconf 85' lang='grc' dir='ltr'>Η</span> <span class='ocrx_word' id='word_1_516' title='bbox 743 4619 820 4670; x_wconf 90' lang='grc' dir='ltr'>γρ.</span> <span class='ocrx_word' id='word_1_517' title='bbox 858 4604 945 4655; x_wconf 81' lang='lat' dir='ltr'>Es</span> <span class='ocrx_word' id='word_1_518' title='bbox 1193 4598 1376 4668; x_wconf 77' lang='grc' dir='ltr'>νομοὺς</span> <span class='ocrx_word' id='word_1_519' title='bbox 1415 4600 1580 4654; x_wconf 89' lang='lat' dir='ltr'><strong>Loud.</strong></span> <span class='ocrx_word' id='word_1_520' title='bbox 1620 4602 1665 4652; x_wconf 94' lang='lat' dir='ltr'>O</span> <span class='ocrx_word' id='word_1_521' title='bbox 1937 4600 2005 4653; x_wconf 80' lang='lat'>24</span> <span class='ocrx_word' id='word_1_522' title='bbox 2060 4601 2194 4652; x_wconf 82' lang='grc' dir='ltr'>κατὰ</span> <span class='ocrx_word' id='word_1_523' title='bbox 2238 4599 2389 4670; x_wconf 89' lang='grc' dir='ltr'>λόγον</span> <span class='ocrx_word' id='word_1_524' title='bbox 2426 4616 2527 4652; x_wconf 89' lang='lat' dir='ltr'>om.</span> <span class='ocrx_word' id='word_1_525' title='bbox 2566 4604 2611 4653; x_wconf 93' lang='grc' dir='ltr'>Ο</span> <span class='ocrx_word' id='word_1_526' title='bbox 2862 4601 2927 4654; x_wconf 82' lang='grc'>26</span> <span class='ocrx_word' id='word_1_527' title='bbox 2967 4589 3190 4671; x_wconf 77' lang='grc' dir='ltr'>ζηλωτυ-</span> 
     </span>
     <span class='ocr_line' id='line_1_43' title="bbox 464 4685 2873 4759; baseline 0.001 -17"><span class='ocrx_word' id='word_1_528' title='bbox 464 4689 578 4742; x_wconf 87' lang='grc' dir='ltr'>πίαν</span> <span class='ocrx_word' id='word_1_529' title='bbox 619 4694 666 4742; x_wconf 87' lang='lat' dir='ltr'>V</span> <span class='ocrx_word' id='word_1_530' title='bbox 952 4685 1438 4759; x_wconf 80' lang='grc' dir='ltr'>ἐπιβουλευσαμένην</span> <span class='ocrx_word' id='word_1_531' title='bbox 1476 4690 1523 4741; x_wconf 89' lang='grc' dir='ltr'><strong>Ο</strong></span> <span class='ocrx_word' id='word_1_532' title='bbox 1773 4688 1835 4740; x_wconf 81' lang='grc'>27</span> <span class='ocrx_word' id='word_1_533' title='bbox 1876 4688 1962 4757; x_wconf 79' lang='grc' dir='ltr'>τὰ]</span> <span class='ocrx_word' id='word_1_534' title='bbox 2002 4691 2089 4741; x_wconf 80' lang='grc' dir='ltr'>καὶ</span> <span class='ocrx_word' id='word_1_535' title='bbox 2125 4689 2181 4741; x_wconf 80' lang='lat' dir='ltr'>a²</span> <span class='ocrx_word' id='word_1_536' title='bbox 2464 4688 2532 4742; x_wconf 78' lang='lat'>28</span> <span class='ocrx_word' id='word_1_537' title='bbox 2582 4689 2791 4742; x_wconf 82' lang='grc' dir='ltr'>παιδίων</span> <span class='ocrx_word' id='word_1_538' title='bbox 2828 4695 2873 4744; x_wconf 95' lang='grc' dir='ltr'><strong>Ο</strong></span> 
     </span>
    </p>
   </div>
   <div class='ocr_carea' id='block_1_4' title="bbox 465 4773 3048 4918">
    <p class='ocr_par' dir='ltr' id='par_1_6' title="bbox 465 4773 3048 4918">
     <span class='ocr_line' id='line_1_44' title="bbox 465 4773 3048 4849; baseline 0.002 -23"><span class='ocrx_word' id='word_1_539' title='bbox 465 4773 621 4826; x_wconf 76' lang='grc' dir='ltr'>αὑτοῦ</span> <span class='ocrx_word' id='word_1_540' title='bbox 659 4779 706 4826; x_wconf 84' lang='lat' dir='ltr'>V</span> <span class='ocrx_word' id='word_1_541' title='bbox 980 4775 1046 4827; x_wconf 79' lang='lat'>29</span> <span class='ocrx_word' id='word_1_542' title='bbox 1093 4774 1406 4828; x_wconf 77' lang='grc' dir='ltr'>πιστεύσουσι</span> <span class='ocrx_word' id='word_1_543' title='bbox 1451 4777 1712 4830; x_wconf 82' lang='lat' dir='ltr'><strong>Schwartz</strong></span> <span class='ocrx_word' id='word_1_544' title='bbox 1925 4795 1979 4830; x_wconf 83' lang='grc' dir='ltr'>τε</span> <span class='ocrx_word' id='word_1_545' title='bbox 2018 4793 2065 4828; x_wconf 78' lang='lat' dir='ltr'>v,</span> <span class='ocrx_word' id='word_1_546' title='bbox 2102 4793 2145 4828; x_wconf 91' lang='lat' dir='ltr'>c.</span> <span class='ocrx_word' id='word_1_547' title='bbox 2184 4775 2325 4828; x_wconf 81' lang='lat' dir='ltr'>VB²=</span> <span class='ocrx_word' id='word_1_548' title='bbox 2374 4775 2427 4828; x_wconf 86' lang='grc' dir='ltr'>δε</span> <span class='ocrx_word' id='word_1_549' title='bbox 2466 4777 2561 4828; x_wconf 80' lang='lat' dir='ltr'>V¹=</span> <span class='ocrx_word' id='word_1_550' title='bbox 2619 4775 2671 4829; x_wconf 84' lang='grc' dir='ltr'>δὲ</span> <span class='ocrx_word' id='word_1_551' title='bbox 2708 4777 2809 4830; x_wconf 85' lang='lat' dir='ltr'>a¹‘’:</span> <span class='ocrx_word' id='word_1_552' title='bbox 2847 4778 2906 4849; x_wconf 84' lang='grc' dir='ltr'>δὴ</span> <span class='ocrx_word' id='word_1_553' title='bbox 2950 4783 3048 4832; x_wconf 86' lang='grc' dir='ltr'>ΗΟ</span> 
     </span>
     <span class='ocr_line' id='line_1_45' title="bbox 465 4861 1302 4918; baseline -0.002 -2"><span class='ocrx_word' id='word_1_554' title='bbox 465 4861 538 4916; x_wconf 86' lang='grc'>30</span> <span class='ocrx_word' id='word_1_555' title='bbox 573 4865 1006 4918; x_wconf 72' lang='grc' dir='ltr'>κατασκευάσωσι</span> <span class='ocrx_word' id='word_1_556' title='bbox 1043 4865 1302 4917; x_wconf 80' lang='lat' dir='ltr'><strong>Schwartz</strong></span> 
     </span>
    </p>
   </div>
  </div>
 </body>
</html>
