3684 5567
1466 293 1747 351 ΒΙΒΛΙΟΝ
1786 294 2044 351 ΤΡΙΤΟΝ
2095 298 2156 349 14
3039 296 3156 358 111

558 472 654 536 καὶ
697 474 735 557 ἡ
782 471 952 557 πέψις
1004 475 1349 557 πλεοναχῶς
1400 473 1497 536 καὶ
1550 473 1587 555 ἡ
1634 472 1880 546 ἀπεψία,
1940 472 2068 554 περὶ
2122 472 2338 535 τούτων
2383 470 2564 533 εἰπεῖν
2615 468 2868 551 εὐλόγως
2923 489 3054 551 προ·
3083 482 3136 524 ¹5

563 574 764 649 έθετο,
820 576 915 639 καὶ
960 578 1188 658 πρῶτον
1244 574 1347 657 μὲν
1400 574 1581 657 λέγει,
1634 574 1728 637 διὰ
1784 575 1950 637 τίνων
2003 574 2070 637 τὸ
2125 574 2340 658 θερμὸν
2392 573 2496 642 τὰς
2539 572 2664 637 κατ’
2719 572 2858 635 αὐτὸ
2903 593 3045 651 γινο-

558 676 733 760 μένας
776 678 837 740 ἐν
881 683 968 763 τῷ
1017 676 1381 761 ὑποκειμένῳ
1426 681 1671 739 ποιεῖται
1717 677 2069 760 μεταβολάς,
2122 676 2222 739 καί
2261 697 2432 760 φησιν
2477 677 2688 740 οἰκεῖον
2736 676 2838 758 μὲν
2885 672 3049 757 ἔργον

558 779 703 843 εἶναι
752 784 839 866 τῷ
896 782 1103 865 θερμῷ
1157 782 1261 864 τὴν
1314 780 1512 864 πέψιν,
1576 778 1717 843 εἶναι
1772 780 1837 842 δὲ
1893 786 1996 862 τῆς
2047 778 2280 862 πέψεως
2331 778 2459 861 εἴδη
2514 802 2577 841 τε
2631 780 2723 841 καὶ
2769 776 3049 861 διαφορὰς
3077 792 3133 834 2⁰

486 902 517 951 5
556 882 832 948 πέπανσιν
878 882 1118 966 ὄπτησιν
1172 882 1405 967 ἕψησιν,
1464 888 1567 967 τῆς
1619 883 1685 944 δὲ
1737 882 2105 967 ψυχρότητος
2157 883 2367 945 οἰκεῖον
2421 878 2583 964 ἔργον
2638 882 2741 964 μὲν
2798 880 3046 963 ἀπεψίαν

553 985 725 1063 εἶναι,
786 987 998 1071 ταύτης
1049 986 1114 1048 δὲ
1157 984 1284 1070 εἴδη
1338 986 1508 1049 πάλιν
1566 986 1663 1048 καὶ
1716 986 1996 1070 διαφορὰς
2050 983 2325 1068 ὠμότητα
2380 987 2667 1066 μώλυνσιν
2722 985 3038 1047 στάτευσιν.

556 1085 647 1173 ἐφ’
689 1089 773 1159 οἷς
818 1090 995 1151 εἰπὼν
1044 1088 1129 1151 ὅτι
1178 1090 1259 1172 μὴ
1306 1088 1489 1153 οἰκεῖα
1536 1088 1639 1171 μὲν
1684 1090 1862 1150 ταῦτα
1906 1088 1978 1149 τὰ
2021 1086 2276 1170 ὀνόματα
2319 1092 2436 1155 τοῖς
2482 1086 2616 1151 καθ’
2669 1089 2749 1149 ὧν
2795 1084 3042 1170 εἴρηται,
3075 1101 3129 1143 25

563 1196 643 1274 τῷ
697 1192 763 1255 δὲ
816 1194 897 1277 μὴ
954 1192 1184 1255 κεῖσθαι
1242 1192 1471 1275 ἑκάστῳ
1524 1191 1714 1254 αὐτῶν
1770 1190 1953 1273 ὄνομα
2015 1189 2225 1251 οἰκεῖον
2281 1189 2396 1252 ἀπὸ
2449 1194 2564 1251 τῶν
2620 1188 3048 1272 ὠνομασμένων

555 1294 775 1378 ἀνάγκη
822 1294 1161 1379 μεταφέρειν
1216 1294 1287 1358 τὰ
1334 1292 1588 1377 ὀνόματα
1640 1294 1737 1358 καὶ
1781 1294 1878 1355 ἐπὶ
1931 1292 2003 1354 τὰ
2048 1291 2220 1374 ὅμοια
2270 1294 2390 1360 τοῖς
2441 1292 2900 1374 ὠνομασμένοις,
2955 1292 3042 1355 διὸ

451 1416 512 1463 10
548 1397 622 1461 οὖ
668 1402 883 1461 ταῦτα
926 1398 1101 1461 ἀλλὰ
1146 1397 1304 1481 [τὰ]
1350 1400 1635 1461 τοιαῦτα
1682 1394 1689 1481 Ι
1737 1397 1874 1482 χρὴ
1929 1394 2238 1477 νομίζειν
2283 1394 2460 1457 εἶναι
2513 1393 2595 1457 τὰ
2637 1394 3009 1479 εἰρημένα,
3055 1400 3147 1459 215

548 1500 703 1584 λέγει
741 1524 803 1563 τε
847 1501 945 1564 καὶ
990 1501 1257 1585 ὁρίζεται,
1304 1500 1359 1563 τί
1396 1505 1512 1564 τῶν
1556 1485 1876 1583 εἰρημένων
1920 1498 2161 1562 ἕκαστόν
2193 1498 2364 1578 ἐστιν,
2411 1500 2510 1563 καί
2549 1503 2776 1583 πρῶτον
2823 1498 2879 1560 τί
2917 1499 3038 1561 ἐστι

554 1602 723 1687 πέψις
754 1603 926 1686 λέγει,
971 1604 1065 1667 καὶ
1112 1603 1207 1666 ἐπὶ
1250 1602 1472 1671 τούτοις
1500 1602 1557 1665 τί
1580 1603 1733 1666 ἐστιν
1765 1602 2002 1683 ἀπεψία,
2048 1604 2174 1687 ἥτις
2202 1604 2353 1666 ἐστὶν
2384 1600 2744 1685 ἀντικειμένη
2775 1606 2848 1683 τῇ
2881 1604 3043 1683 κοινῇ

552 1704 740 1790 πέψει.
830 1705 967 1787 μεθ’
1022 1705 1060 1769 ἃ
1104 1706 1235 1790 περὶ
1280 1707 1621 1774 πεπάνσεως
1676 1709 1922 1769 ποιεῖται
1973 1706 2071 1768 τὸν
2114 1704 2280 1787 λόγον
2327 1706 2438 1768 ὑπὸ
2482 1706 2586 1788 τὴν
2633 1704 2800 1789 πέψιν
2845 1702 3046 1789 οὔσης,
3099 1720 3128 1761 5

552 1810 650 1871 καὶ
706 1810 851 1891 μετὰ
903 1809 1000 1872 τὸν
1054 1810 1182 1894 περὶ
1236 1809 1445 1892 ταύτης
1496 1808 1663 1890 λόγον
1717 1809 1848 1891 περὶ
1903 1807 2204 1893 ὠμότητος
2257 1808 2439 1890 λέγει,
2495 1808 2534 1890 ἢ
2581 1804 2728 1871 οὖσα
2781 1806 2892 1869 ὑπὸ
2936 1807 3040 1890 τὴν

456 1931 517 1980 15
555 1912 803 1997 ἀπεψίαν
858 1912 1165 1973 ἀντίκειται
1218 1916 1291 1994 τῇ
1347 1910 1569 1996 ἑψήσει.
1666 1910 1759 1994 ἐφ’
1816 1911 1904 1980 οἷς
1963 1912 2020 1974 τί
2069 1911 2219 1974 ἐστιν
2284 1909 2524 1995 ὄπτησις
2575 1912 2788 1985 εἰπών,
2849 1910 2890 1993 ἢ
2943 1912 3040 1973 καὶ

554 2013 700 2098 αὐτὴ
746 2014 915 2099 πέψις
957 2016 1043 2082 τίς
1088 2014 1228 2090 ἐστι,
1272 2012 1425 2097 λέγει
1468 2015 1597 2098 περὶ
1639 2015 2020 2095 στατεύσεως,
2067 2015 2106 2098 ἢ
2151 2018 2268 2077 τῶν
2312 2014 2422 2077 ὑπὸ
2468 2015 2570 2097 τὴν
2603 2011 2850 2099 ἀπεψίαν
2896 2011 3042 2077 οὖσα
3067 2030 3127 2072 10

553 2122 627 2201 τῇ
675 2117 918 2200 ὀπτήσει
970 2117 1293 2180 ἀντίκειται.
1384 2117 1465 2179 ὧν
1526 2119 1631 2200 τὴν
1688 2118 1791 2200 μὲν
1852 2116 2022 2201 πέψιν
2074 2117 2232 2181 εἶπεν
2289 2115 2434 2180 εἶναι
2489 2116 2857 2180 τελείωσιν
2914 2118 3043 2180 ὑπὸ

544 2223 665 2283 τοῦ
718 2224 1017 2305 φυσικοῦ
1069 2222 1182 2283 καὶ
1244 2220 1523 2283 οἰκείου
1574 2221 1844 2304 θερμοῦ
1897 2226 2028 2283 τῶν
2075 2218 2578 2302 ἀντικειμένων
2635 2219 3044 2303 παθητικῶν

540 2321 929 2405 (ἀντικείμενα
978 2324 1044 2386 δὲ
1096 2322 1169 2407 ἧν
1215 2323 1489 2407 ἀλλήλοις
1544 2323 1839 2408 παθητικὰ
1892 2326 1931 2406 ἡ
1977 2324 2038 2387 ἐν
2084 2326 2304 2407 ἑκάστῃ
2362 2324 2472 2406 ὕλῃ
2529 2321 2772 2407 ξηρότης
2825 2345 2887 2385 τε
2939 2324 3035 2386 καὶ
3067 2340 3120 2381 ιε

439 2446 507 2494 20
544 2424 813 2510 ὑγρότης·
859 2430 1039 2489 ταῦτα
1081 2424 1189 2510 γὰρ
1235 2426 1307 2489 τὰ
1336 2426 1668 2507 πεσσόμενα
1714 2428 1811 2489 καὶ
1842 2426 2150 2511 ὁριζόμενα
2181 2427 2293 2489 ὑπὸ
2323 2430 2424 2489 τοῦ
2457 2426 2730 2510 θερμοῦ),
2779 2425 3039 2511 ἀπεψία

538 2530 611 2593 δὲ
653 2527 939 2592 ἀτέλεια
982 2527 1065 2591 δι’
1119 2526 1396 2592 ἔνδειαν
1442 2535 1567 2613 τῆς
1608 2529 1878 2597 οἰκείας
1918 2528 2388 2613 θερμότητος,
2435 2528 2466 2591 ὃ
2511 2526 2812 2614 ψυχρότης
2856 2526 3027 2591 ἐστίν.

543 2632 623 2695 ὧν
666 2632 776 2717 γὰρ
819 2632 983 2701 τέλος
1026 2634 1065 2715 ἡ
1110 2632 1295 2716 πέψις,
1340 2632 1561 2702 τούτοις
1605 2635 1643 2717 ἡ
1690 2634 1910 2717 ἀπεψία
1954 2633 2205 2697 ἀτέλεια.

712 2733 895 2799 Πάλιν
940 2734 1217 2799 πέπανσιν
1275 2737 1377 2819 μὲν
1418 2736 1578 2801 εἶπεν
1632 2736 1801 2822 πέψιν
1855 2740 1952 2800 καὶ
1995 2738 2286 2801 τελείωσιν
2343 2740 2448 2820 τῆς
2503 2736 2562 2798 ἐν
2609 2740 2727 2803 τοῖς
2771 2752 3038 2818 περικαρ-
3066 2750 3122 2793 20

540 2838 692 2907 πίοις
746 2844 991 2923 τροφῆς,
1047 2838 1343 2908 τελείωσις
1396 2840 1460 2902 δὲ
1504 2840 1726 2908 τούτοις
1778 2841 1841 2902 τὸ
1895 2838 2178 2903 δύνασθαι
2231 2839 2291 2908 ἐξ
2343 2839 2533 2901 αὐτῶν
2585 2837 2844 2919 γίνεσθαι
2897 2835 3037 2899 ἀλλο

436 2960 501 3009 25
538 2946 791 3006 τοιοῦτον
820 2942 1123 3025 (λέγεσθαι
1155 2941 1312 3004 εἶπεν
1358 2943 1455 3005 καὶ
1483 2940 1663 3005 ἅλλα
1708 2943 1979 3006 πέπονα
2018 2944 2163 3007 κατὰ
2194 2946 2295 3027 τὴν
2338 2945 2479 3026 πρὸς
2511 2942 2656 3005 αὐτὰ
2687 2940 3032 3025 ἀναφοράν),

541 3045 870 3129 ὠμότητα
912 3044 979 3108 δὲ
1022 3044 1268 3128 ἀπεψίαν
1311 3046 1410 3107 καὶ
1456 3046 1787 3109 ἀτέλειαν
1831 3052 1938 3131 τῆς
1980 3047 2040 3109 ἐν
2071 3051 2158 3132 τῷ
2191 3047 2551 3131 περικαρπίῳ
2596 3050 2835 3129 τροφῆς.
2932 3042 3027 3128 ἐφ’
3065 3059 3119 3101 25

537 3148 624 3217 οἷς
667 3146 906 3223 ἔδειξεν,
962 3146 1047 3211 ὅτι
1093 3150 1207 3210 πᾶν
1262 3147 1327 3209 τὸ
1370 3147 1787 3232 πεπαινόμενον
1844 3150 2151 3232 ἀναγκαῖον
2201 3148 2208 3235 Ι
2257 3147 2415 3234 ἔχειν
2463 3151 2544 3232 μὴ
2609 3146 2782 3231 μόνον
2839 3145 3000 3230 ὑγρό-
3045 3153 3140 3211 216

532 3274 696 3335 τητα,
730 3251 881 3315 ἀλλὰ
908 3251 1005 3313 καὶ
1036 3248 1337 3334 ξηρότητα.
1388 3249 1482 3335 ἐφ’
1515 3250 1601 3319 οἷς
1632 3250 1884 3336 ὡρίσατο
1915 3252 2018 3336 τὴν
2050 3251 2252 3337 ἕψησιν
2285 3251 2491 3336 πέψιν
2524 3251 2654 3313 ὑπὸ
2700 3254 2821 3334 τῆς
2853 3249 2913 3312 ἐν
2945 3254 3030 3335 τῷ

536 3354 858 3440 περιέχοντι
887 3353 1049 3416 ὕδατι
1094 3352 1528 3437 θερμότητος
1564 3358 1683 3417 τοῦ
1714 3354 1775 3417 ἐν
1806 3355 1968 3439 αὐτῷ
2002 3356 2362 3440 ὑπάρχοντος
2405 3356 2737 3437 ἀορίστου
2783 3354 2948 3437 ὑγρο
2971 3357 3034 3429 ὕ,

429 3474 498 3524 30
535 3457 568 3520 ὅ
598 3457 749 3521 ἐστιν
781 3458 819 3540 ἢ
851 3458 1076 3538 πνεῦμά
1105 3478 1159 3517 τι
1189 3455 1227 3538 ἢ
1263 3456 1436 3539 ὕδωρ.
1482 3456 1848 3540 προσέθηκεν
1880 3459 1944 3520 δὲ
1975 3461 2070 3522 καὶ
2099 3457 2184 3541 ἐφ’
2215 3459 2297 3521 ὧν
2327 3459 2366 3540 ἡ
2399 3458 2604 3541 ἕψησις
2633 3461 3032 3541 κατηγορεῖται
3086 3474 3113 3516 5

539 3560 858 3645 κοινότερον
890 3559 1135 3644 ἕψεσθαι
1164 3558 1509 3641 λεγομένων.
1587 3560 1835 3643 ὡρίσατο
1869 3562 1932 3623 δὲ
1963 3564 2058 3623 καὶ
2099 3562 2202 3644 τὴν
2237 3564 2526 3644 μώλυνσιν
2557 3561 2662 3643 τὴν
2707 3560 3026 3624 ἐναντίαν

538 3663 786 3747 ἑψήσει
830 3663 1130 3748 ἀπεψίαν
1176 3661 1384 3743 εἶναι,
1430 3663 1557 3726 ἐπεὶ
1602 3664 1667 3726 δὲ
1711 3667 2053 3748 πλεοναχῶς
2097 3666 2136 3747 ἡ
2179 3664 2401 3749 ἕψησις,
2446 3664 2543 3727 καὶ
2587 3664 2692 3747 τὴν
2737 3666 3028 3746 μώλυνσιν

535 3770 939 3851 τοσαυταχῶς,
985 3766 1203 3847 ἑκάστῃ
1235 3766 1483 3850 διαφορᾷ
1513 3768 1781 3851 ἑψήσεως
1812 3767 2022 3837 οἰκείας
2052 3768 2202 3835 τινὸς
2232 3766 2624 3849 ἀντικειμένης
2653 3766 3022 3849 μωλύνσεως.
3055 3786 3110 3827 ιο

534 3868 668 3951 μεθ’
723 3868 763 3933 ἃ
805 3870 862 3932 τί
901 3870 1053 3931 ἐστιν
1098 3866 1337 3951 ὄπτησις
1380 3868 1570 3937 εἶπεν,
1624 3870 1711 3931 ὅτι
1753 3870 1863 3954 γὰρ
1908 3869 2110 3953 πέψις
2155 3871 2284 3933 ὑπὸ
2331 3868 2772 3954 θερμότητος
2819 3870 3035 3956 ξηρᾶς

430 3988 495 4039 35
532 3973 646 4036 καὶ
692 3971 1082 4056 ἀλλοτρίας.
1157 3971 1285 4033 ὑπὸ
1332 3970 1539 4055 ξηρᾶς
1583 3972 1657 4035 δὲ
1687 3972 1845 4035 εἶπεν
1889 3973 2147 4055 γίνεσθαι
2191 3973 2628 4056 θερμότητος
2671 3974 2822 4051 τότε,
2869 3974 3033 4038 ὅταν

535 4072 905 4159 ξηρότερον
936 4075 1209 4156 γίνηται
1239 4074 1313 4137 τὸ
1342 4072 1777 4159 πεσσόμενον
1822 4075 2061 4144 οὕτως.
2136 4075 2238 4159 τὴν
2283 4076 2348 4138 δὲ
2377 4080 2451 4159 τῇ
2485 4078 2566 4143 ὡς
2607 4075 2847 4159 ὀπτήσει
2877 4080 3031 4161 λεγο·
3061 4094 3114 4137 15

436 4263 631 4273 ——

428 4381 459 4434 2
502 4383 729 4452 πρῶτον]
790 4381 907 4447 110,
928 4380 1069 4433 27-
1087 4382 1203 4447 111,
1223 4380 1289 4434 22
1309 4406 1375 4427 =
1396 4382 1556 4436 Arist.
1603 4384 1807 4438 Meteon
1845 4386 1933 4452 IV,
1961 4384 2007 4439 2.
2035 4382 2561 4440 3791110—380210
2877 4386 2910 4443 5
2958 4387 3134 4463 ἕψησιν

427 4486 625 4539 semper
660 4474 710 4523 V
937 4468 989 4521 δὲ
1036 4470 1172 4522 coni.
1209 4472 1324 4538 Sp.:
1380 4488 1433 4523 τε
1478 4470 1600 4524 libri
1848 4472 1878 4525 6
1925 4472 2163 4543 διαφορὰς
2199 4476 2270 4528 Sa
2307 4477 2420 4541 Sp.=
2477 4474 2716 4545 διαφορᾶς
2750 4474 2844 4529 B²=
2902 4476 3134 4552 διαφοραὶ

424 4559 583 4613 VFB¹
782 4557 847 4611 10
882 4558 947 4609 τὰ
982 4558 1079 4610 del.
1117 4560 1205 4625 Sp.
1244 4557 1367 4611 cf.1.
1396 4574 1441 4611 ο.
1468 4558 1713 4621 37912163
1752 4561 1822 4615 ib.
1861 4560 1947 4630 εἰρ.
1988 4561 2096 4632 είόη
2295 4562 2356 4615 15
2394 4560 2426 4630 ἢ
2465 4578 2521 4614 a:
2559 4562 2592 4631 ἡ
2634 4564 2768 4615 vict.
2968 4566 3032 4619 18
3068 4568 3127 4621 ἐκ

424 4652 529 4699 τῶν
564 4647 727 4701 Arist.
922 4645 989 4699 23
1024 4645 1195 4715 πάλιν]
1236 4646 1508 4711 111,23-
1531 4648 1689 4713 112‚4
1709 4672 1775 4692 =
1798 4648 1958 4702 Arist.
1997 4652 2203 4703 Meteor.
2231 4650 2320 4716 lv,
2347 4649 2396 4701 3.
2423 4650 2950 4705 380211—3811222

424 4734 489 4787 25
522 4732 750 4805 λέγεσθαι
773 4733 870 4799 (δὲ)
895 4736 1029 4787 coni.
1052 4736 1143 4801 Sp.
1280 4736 1469 4788 πέπονα
1494 4739 1607 4803 Sp.:
1644 4737 1839 4789 πέπανα
1879 4738 1998 4791 libri
2165 4736 2312 4810 πρὸς]
2350 4738 2416 4794 εἰς
2441 4741 2482 4790 Β
2650 4739 2716 4791 32
2756 4738 2980 4807 μώλυσιν
3004 4746 3052 4793 V

422 4820 488 4876 35
524 4822 674 4894 ξηρᾶς
709 4823 796 4874 καὶ
820 4820 1082 4893 ἀλλοτρίας
1106 4838 1233 4875 corr.
1262 4824 1323 4877 S¹
1362 4826 1477 4891 Sp.:
1519 4823 1643 4895 ξηρὰ
1668 4826 1755 4878 καὶ
1780 4825 2012 4895 ἀλλότρια
2049 4826 2169 4879 iibri
2347 4826 2414 4878 36
2465 4825 2727 4896 ξηρότερον
2765 4829 2922 4882 S¹GF
2948 4828 3131 4897 (Arist.

422 4908 674 4979 381028)=
715 4906 863 4979 ξηρὸν
904 4909 1093 4964 vBS²a
1118 4912 1209 4979 Sp.
