3684 5567
1438 254 1721 314 BIBAION
1767 254 2024 313 ΤΡΙΤΟΝ
2071 257 2207 311 5-6
3099 254 3184 320 89

567 426 689 491 ἀλλ’
744 426 905 493 ἔσται
951 428 1044 492 ἐπ’
1098 429 1293 493 αὐτῶν
1339 429 1563 514 ἀληθὲς
1606 430 1672 492 τὸ
1718 429 1778 499 ἐξ
1823 429 2162 500 ὑποθέσεως
2207 430 2549 513 ἀναγκαῖον,
2604 430 2670 493 τὸ
2709 430 2762 493 εἰ
2807 430 2874 493 τὸ
2920 428 3076 490 ὕστε-

570 553 687 614 ρον,
735 528 898 596 ἔσται
942 530 1002 600 ἐξ
1048 532 1301 614 ἀνάγκης
1346 532 1443 594 καὶ
1489 533 1554 593 τὸ
1598 536 1827 616 πρῶτον
1874 531 2070 596 αὐτοῦ.
2159 532 2479 616 ἀπορήσειε
2523 531 2574 595 δ’
2626 531 2695 595 ἄν
2738 556 2842 603 τις,
2887 532 2938 594 εἰ
2980 528 3077 591 ἐπὶ

565 636 683 695 τῶν
728 634 925 717 κύκλῳ
977 634 1293 718 γινομένων
1349 633 1445 696 καὶ
1499 634 1992 718 ἀνακαμπτύντων
2037 637 2207 698 πάλιν
2263 634 2495 718 ἀληθὴς
2549 634 2873 697 ἀκολουθία
2916 634 2956 715 ἡ
2990 630 3078 693 ‘el
3105 646 3160 688 ιθ

566 736 632 798 τὸ
663 740 916 819 πρῶτον,
950 738 1043 799 καὶ
1075 738 1141 800 τὸ
1173 734 1459 820 ὕστερον’.
1525 736 1564 819 ἢ
1596 737 1691 799 ἐπὶ
1722 741 1838 799 τῶν
1873 736 2209 820 ὡρισμένως
2237 736 2551 819 γινομένων
2584 737 2696 799 ὑπὸ
2727 740 2845 799 τῶν
2877 735 3074 817 κύκλῳ

494 856 523 903 5
567 837 921 918 κινουμένων
966 839 1200 922 ἀληθὴς
1250 840 1289 921 ἡ
1335 838 1571 921 τοιαύτη
1619 839 1961 901 ἀκολουθία.
2053 838 2104 900 εἰ
2155 838 2260 920 γὰρ
2316 839 2524 922 τροπαὶ
2571 838 2922 922 χειμεριναί,
2977 836 3072 899 καὶ

566 939 861 1024 ἰσημεριά,
907 941 1002 1003 καὶ
1050 942 1103 1003 εἰ
1146 941 1445 1026 ἰσημερία,
1492 942 1589 1004 καὶ
1634 942 1840 1025 τροπαὶ
1887 940 2136 1023 θεριναί,
2181 941 2278 1003 καὶ
2322 941 2374 1003 εἰ
2417 941 2622 1025 τροπαὶ
2667 940 2908 1024 θεριναί,
2958 939 3073 1022 ἰση·
3104 951 3156 995 15

567 1040 757 1124 μερία,
803 1043 901 1105 καὶ
932 1044 983 1105 εἰ
1012 1043 1181 1125 αὕτη,
1228 1044 1432 1127 τροπαὶ
1465 1044 1807 1127 χειμεριναί,
1854 1042 2004 1106 ἀλλὰ
2035 1041 2184 1125 (καὶ)
2207 1042 2265 1104 ἐἰ
2295 1044 2542 1128 χειμών,
2587 1042 2682 1104 καὶ
2727 1040 2851 1125 ἔαρ,
2896 1041 2993 1104 καὶ
3024 1040 3078 1101 εἰ

568 1140 692 1228 ἔαρ,
718 1142 911 1228 θέρος,
943 1146 1039 1207 καὶ
1070 1146 1124 1207 εἰ
1156 1144 1345 1227 θέρος,
1381 1144 1739 1228 μετόπωρον,
1784 1147 1882 1208 καὶ
1914 1145 1966 1207 εἰ
1999 1144 2360 1228 μετόπωρον,
2405 1147 2652 1228 χειμών,
2696 1144 2867 1205 πάλιν
2897 1141 2991 1204 καὶ
3021 1140 3076 1201 εἰ

564 1245 661 1307 ἐπὶ
704 1249 823 1308 τῶν
877 1249 1125 1331 πρώτων
1181 1246 1478 1331 ῥηθέντων
1530 1250 1569 1331 ἡ
1619 1245 1774 1315 τάξις
1828 1246 2123 1330 ὡρισμένη
2181 1247 2276 1308 καὶ
2332 1246 2562 1309 ἑστῶσα
2617 1247 2714 1309 καὶ
2758 1242 2893 1307 οὔτε
2940 1243 3074 1304 ὑπο·
3099 1257 3158 1299 2⁰

462 1368 525 1413 10
562 1349 843 1412 λείπουσά
886 1371 1028 1411 ποτε
1072 1346 1208 1412 οὔτε
1252 1350 1766 1434 προλαμβάνουσα,
1820 1347 1908 1410 ὅτι
1954 1353 2056 1430 τῆς
2100 1346 2320 1410 τούτων
2366 1346 2564 1416 οὐσίας
2608 1372 2672 1409 τε
2716 1346 2812 1409 καὶ
2857 1342 3072 1411 τάξεως

559 1450 715 1512 αἰτία
770 1448 919 1533 μόνη
980 1452 1019 1533 ἡ
1073 1455 1189 1513 τῶν
1246 1453 1493 1536 πρώτων
1556 1452 1777 1534 κίνησις
1836 1449 2158 1531 σωμάτων,
2221 1448 2457 1520 οὐδενὸς
2515 1450 2594 1519 εἰς
2648 1449 2829 1531 αὐτὴν
2892 1443 3072 1508 ἄλλου

560 1556 968 1621 συντελοῦντος
1010 1553 1132 1636 (διὸ
1179 1556 1275 1616 καὶ
1319 1554 1417 1615 τὸν
1462 1553 1673 1637 χρόνον
1719 1550 1872 1615 ἔστιν
1918 1549 2014 1612 ἐπὶ
2059 1550 2277 1613 τούτων
2325 1552 2616 1636 ὁρίζοντας
2659 1551 2863 1633 λέγειν,
2931 1544 3074 1609 πύτε

560 1654 620 1724 ἐξ
672 1654 926 1737 ἀνάγκης
980 1652 1194 1737 ἔσται),
1258 1654 1405 1738 θέρη
1450 1678 1515 1718 τε
1572 1656 1670 1718 καὶ
1729 1656 2044 1736 μετόπωρα
2097 1655 2192 1716 καὶ
2256 1659 2546 1738 χειμῶνες
2600 1650 2799 1717 οὐκέθ’
2857 1649 3074 1733 ὁμοίως
3099 1664 3154 1707 25

564 1754 767 1841 ἔχουσι
812 1757 877 1820 τὸ
922 1757 1273 1841 ὡρισμένον,
1328 1758 1513 1819 καίτοι
1556 1756 1827 1840 γινόμενα
1881 1754 2080 1839 κύκλῳ
2139 1758 2232 1818 καὶ
2279 1754 2537 1836 ἑπόμενα
2590 1761 2664 1839 τῇ
2709 1756 2932 1837 κινήσει
2973 1752 3070 1815 καὶ

458 1876 519 1925 15
558 1858 704 1921 αὐτὰ
748 1863 865 1921 τῶν
912 1860 1133 1937 ἀιδίων,
1188 1858 1276 1921 ὅτι
1319 1862 1502 1921 ταῦτα
1546 1860 1643 1921 καὶ
1690 1858 1803 1921 ὑπὸ
1849 1862 1951 1940 τῆς
2001 1855 2008 1942 Ι
2058 1858 2198 1941 ὕλης
2241 1859 2386 1941 πρὸς
2429 1858 2494 1920 τὸ
2539 1857 2799 1940 γίνεσθαι
2845 1876 3032 1939 συνερ-
3079 1859 3176 1916 169

548 1964 737 2042 ,γεῖται
783 1962 1129 2045 πασχούσης
1174 1962 1287 2024 ὑπὸ
1340 1965 1443 2043 τῆς
1490 1960 1723 2023 ἐκείνων
1770 1960 2082 2042 κινήσεως,
2143 1962 2270 2044 ἥτις
2313 1959 2442 2022 ἐπεὶ
2489 1959 2570 2042 μὴ
2616 1958 2805 2041 πάντῃ
2852 1956 3071 2039 ὁμοίως

558 2057 659 2145 [ᾖ]
688 2062 907 2126 -ἕπεται
963 2061 1113 2125 κατὰ
1166 2063 1237 2125 τὰ
1290 2063 1459 2146 πάθη
1504 2065 1627 2131 ταῖς
1672 2062 1908 2126 ἐκείνων
1961 2063 2223 2147 κινήσεσί
2261 2086 2324 2124 τε
2384 2062 2477 2124 καὶ
2532 2064 2898 2144 περιφοραῖς,
2956 2058 3092 2142 οὐχ’

562 2164 781 2246 ὁμοίως
835 2170 955 2232 τοῖς
1006 2162 1141 2227 καθ’
1200 2164 1445 2228 ἕκαστον
1501 2166 1763 2248 ὥρισται.
1855 2163 1939 2228 ἔτι
1997 2166 2062 2229 δὲ
2119 2167 2336 2248 μᾶλλον
2391 2165 2456 2227 τὸ
2515 2164 2782 2247 ἀόριστον
2837 2162 2898 2225 ἐν
2954 2164 3071 2227 τοῖς
3125 2176 3153 2217 ι’»

557 2265 843 2329 πλειόνων
890 2266 1187 2349 δεομένοις
1218 2266 1643 2349 συνεργούντων
1686 2266 1884 2335 αὐτοῖς
1927 2268 2073 2351 πρὸς
2117 2266 2182 2328 τὸ
2225 2264 2390 2341 εἶναι,
2437 2266 2521 2328 ὧν
2568 2264 2691 2328 ἐστι
2735 2266 2833 2327 καὶ
2877 2265 2916 2346 ἡ
2948 2268 3062 2327 τῶν

453 2387 520 2434 20
558 2368 728 2451 ζῴων
772 2368 1011 2451 γένεσις.
1102 2370 1191 2432 διὸ
1237 2368 1455 2450 ἀληθὲς
1501 2365 1593 2431 ἐπ’
1650 2368 1842 2431 αὐτῶν
1890 2368 2176 2444 καθόλου,
2229 2367 2318 2431 ὅτι
2363 2368 2541 2430 ἀίδιον
2588 2366 2832 2429 ἕκαστον
2877 2367 3070 2429 αὐτῶν

553 2470 681 2534 κατ’
738 2470 893 2540 εἶδος
945 2472 1181 2553 (τούτου
1236 2471 1344 2554 γὰρ
1398 2470 1553 2533 αἰτία
1611 2472 1649 2553 ἡ
1696 2477 1812 2533 τῶν
1869 2470 2045 2534 θείων
2089 2471 2438 2555 περιφορά),
2495 2474 2601 2553 τῆς
2653 2469 2718 2532 δὲ
2763 2473 2880 2531 τῶν
2924 2466 3059 2532 καθ’
3099 2484 3154 2526 10

553 2571 771 2636 ἕκαστα
813 2573 1118 2655 γενέσεως,
1165 2571 1259 2656 ἐφ’
1310 2573 1393 2635 ὧν
1438 2574 1505 2635 τὸ
1552 2576 1819 2636 πλεῖστον
1867 2574 2101 2637 δύναται
2145 2576 2183 2657 ἡ
2230 2577 2348 2636 τῶν
2395 2576 2706 2657 προσεχῶς
2749 2577 3066 2657 ποιητικῶν

553 2674 737 2753 αἰτία,
782 2675 889 2739 οὐκ
934 2676 1030 2738 ἐπὶ
1083 2676 1302 2738 τούτων
1350 2674 1571 2759 ἀληθὲς
1622 2676 1686 2737 τὸ
1723 2675 1806 2738 ἐἰ
1851 2676 1918 2738 τὸ
1962 2680 2214 2759 πρῶτον,
2261 2674 2322 2745 ἐξ
2364 2675 2620 2757 ἀνάγκης
2671 2674 2736 2736 τὸ
2783 2671 3068 2758 δστερον’,

556 2776 777 2860 ἀληθὲς
822 2778 886 2841 δὲ
930 2779 996 2841 τὸ
1032 2774 1115 2856 ς,εἰ
1144 2778 1210 2840 τὸ
1246 2778 1503 2861 ὕστερον,
1548 2777 1609 2847 ἐξ
1654 2778 1909 2862 ἀνάγκης
1952 2779 2050 2843 καὶ
2080 2779 2144 2842 τὸ
2173 2778 2287 2861 πρὸ
2333 2773 2571 2841 αὐτοῦ’.

449 3036 514 3085 25
553 3016 660 3082 VI.
752 3017 1021 3087 Λέξεως
1065 3018 1394 3103 ἐξήγησις
1446 3018 1525 3081 ἐκ
1568 3023 1689 3083 τοῦ
1736 3021 1974 3103 τρίτου
2021 3018 2187 3103 Περὶ
2233 3024 2463 3104 ψυχῆς
2502 3016 3148 3102 Ἀριστοτέλους,ιὸ

660 3118 739 3182 δι’
796 3120 873 3203 ἧς
920 3118 1213 3196 ἔδειξεν,
1262 3120 1366 3183 ὅτι
1413 3122 1501 3204 μὴ
1550 3123 1839 3191 πλείους
1884 3125 2016 3184 τῶν
2064 3122 2267 3185 πέντε
2311 3122 2488 3185 εἰσὶν
2534 3120 2962 3203 αἰσθήσεων.

714 3287 853 3353 “El
900 3292 1031 3375 γὰρ
1089 3293 1347 3360 παντὸς
1408 3292 1486 3356 οὖ
1550 3292 1739 3356 ἐστιν
1795 3292 2131 3376 αἴσθησις
2189 3292 2359 3375 ἁφή,
2420 3294 2532 3355 καὶ
2577 3295 2690 3354 νῦν
2736 3290 3067 3373 αἴσθησιν

554 3390 823 3477 ἔχομεν
867 3392 1120 3474 (πάντα
1165 3394 1288 3476 γὰρ
1342 3393 1463 3478 (τὰ)
1506 3399 1623 3457 τοῦ
1671 3395 1892 3457 ἁπτοῢ
1943 3390 1986 3480 ᾗ
2045 3394 2260 3457 ἁπτὸν
2322 3394 2510 3477 πάθη
2562 3399 2648 3479 τῇ
2705 3395 2846 3478 ἁφῇ
2907 3394 3154 3477 ἣμῖνεο

554 3496 785 3577 σθητά
839 3494 1091 3578 ἐστιν),
1148 3496 1415 3581 ἀνάγκη
1471 3520 1542 3559 τε
1596 3496 1793 3581 εἴπερ
1851 3497 2167 3560 ἐκλείπει
2219 3519 2321 3564 τις
2375 3495 2739 3580 αἴσθησις,
2799 3498 2912 3559 καὶ
2968 3497 3068 3559 αἰ-

446 3616 514 3665 30
550 3594 1021 3681 αἰσθητήριύν
1075 3620 1137 3659 τι
1190 3600 1354 3681 ἡμῖν
1414 3598 1799 3662 ἐκλείπειν·
1867 3601 1980 3663 καὶ
2035 3600 2212 3663 ὅσων
2260 3599 2381 3681 μὲν
2435 3597 2635 3661 αὐτοὶ
2685 3598 3068 3683 ἁπτόμενοι

552 3697 1103 3783 αἰσθανόΙμεθα,
1162 3704 1244 3782 τῇ
1292 3701 1436 3785 ἁφῇ
1484 3702 1792 3785 αἰσθητά
1837 3701 2054 3778 ἐστιν,
2101 3702 2181 3784 ἢν
2228 3703 2670 3786 τυγχάνομεν
2716 3699 3026 3786 ἔχοντες·
3076 3707 3172 3765 170

552 3801 680 3865 ὅσα
726 3802 801 3864 δὲ
845 3803 958 3865 διὰ
1011 3806 1145 3864 τῶν
1206 3802 1486 3883 μεταξύ,
1544 3805 1659 3866 καὶ
1714 3805 1805 3887 μὴ
1863 3804 2089 3867 αὐτῶν
2144 3805 2531 3886 ἁπτόμενοι
2586 3808 2730 3873 τοῖς
2783 3805 3060 3880 ἁπλοῖς,

550 3905 729 3987 λέγω
762 3904 907 3990 οἷον
947 3904 1106 3990 ἀέρι
1144 3926 1217 3966 τε
1262 3906 1377 3968 καὶ
1423 3904 1661 3968 ύδατι”
1698 3906 1814 3976 ἕως
1852 3911 1952 3968 τοῦ
1990 3903 2025 3930 “
2045 3904 2197 3988 μηδ’
2233 3904 2473 3989 ἕτερόν
2520 3906 2666 3969 ἐστι
2710 3911 2911 3989 σῶμα
2954 3912 3069 3972 καὶ
3121 3924 3149 3966 5

457 4054 648 4061 ..—.——--—
703 4054 810 4059 --.—
839 4053 1004 4058 -——
1057 4054 1114 4057 —-
1151 4054 1207 4057 -

448 4134 473 4185 1
514 4132 758 4204 δΙθέσεωσ
782 4136 831 4185 V
992 4135 1026 4185 4
1060 4132 1123 4185 τὸ
1161 4147 1261 4186 om.
1288 4132 1378 4202 Sp.
1537 4134 1569 4204 ἡ
1608 4138 1657 4187 V
1824 4135 1858 4187 5
1895 4133 2125 4204 τοιαύτη]
2169 4152 2233 4205 τη
2272 4135 2328 4187 in
2351 4134 2428 4187 lit.
2455 4140 2504 4187 V
2669 4137 2702 4188 7
2743 4137 2829 4189 καὶ
2865 4136 2982 4189 add.
3009 4137 3099 4207 Sp.

444 4222 477 4275 8
512 4220 659 4274 πάλιν
697 4220 809 4289 καὶ]
847 4236 1032 4275 sensus
1068 4222 1361 4289 postularet
1398 4219 1550 4286 ἀλλᾶς
1595 4221 1816 4275 fortasse
1854 4222 2050 4275 excidit
2087 4222 2284 4289 aliquid
2475 4222 2538 4274 12
2577 4226 2664 4276 καὶ
2690 4223 2809 4277 S²az
2848 4224 2944 4276 κᾶν
2963 4226 3170 4279 VS¹GF

444 4310 531 4377 Sp.
701 4308 763 4361 13
797 4307 878 4377 τε]
903 4307 955 4362 δὲ
984 4310 1121 4361 Vict.
1150 4312 1237 4377 Sp.
1406 4308 1467 4361 16
1506 4309 1695 4379 πάντῃ]
1734 4312 1938 4362 πάντων
1977 4328 2008 4360 a
2033 4313 2120 4377 Sp.
2290 4309 2350 4361 17
2389 4307 2421 4379 ᾗ
2460 4310 2626 4363 delevi
2653 4310 2706 4381 (ἦ
2729 4314 2800 4378 V)
2966 4312 3032 4365 18
3067 4322 3173 4372 τοῖς
3247 4375 3258 4385 ,

446 4395 555 4451 (38²
576 4397 688 4465 Sp.:
718 4395 791 4453 οἶς
813 4398 1003 4450 VFS¹a
1163 4394 1230 4451 25
1268 4398 1329 4449 ἐκ
1366 4401 1455 4448 τοῦ
1492 4395 1685 4466 τρίτου]
1725 4397 1787 4449 de
1824 4412 1909 4449 an.
1938 4398 2031 4460 111,
2065 4400 2108 4449 1.
2135 4396 2650 4450 4241224—425213
2830 4400 2896 4453 28
2942 4401 3006 4452 τὰ
3050 4401 3172 4453 add.

443 4484 581 4536 vict.
621 4500 685 4537 ex
724 4484 885 4535 Arist.
924 4484 987 4535 cf.
1029 4482 1151 4547 90,8
1333 4482 1475 4552 πάθη
1514 4500 1613 4536 om.
1652 4502 1685 4535 a
1850 4483 1919 4537 30
1954 4483 2198 4538 ἐκλείπειν
2237 4488 2328 4538 GB
2368 4486 2530 4537 Viet.:
2571 4484 2816 4538 ἐκλὲίπειν
2854 4489 2929 4539 sic
2969 4492 3042 4541 V:
3083 4490 3166 4540 ἐκ·

444 4570 598 4623 λίπειν
634 4570 743 4623 FS:
801 4568 1025 4623 ἐκλιπεῖν
1063 4589 1095 4622 a
1132 4571 1221 4638 Sp.
1373 4570 1516 4623 αυτοὶ
1565 4572 1647 4637 (ut
1685 4588 1735 4639 p.
1762 4570 1920 4635 90‚21
1965 4576 2018 4623 et
2054 4572 2215 4623 Arist.
2254 4572 2389 4637 TW)
2427 4574 2522 4623 Sa:
2579 4569 2749 4624 αὐτῶν
2799 4574 2954 4626 Arist.
3003 4576 3169 4644 vulg.=

444 4656 568 4725 αὐτῆ
602 4657 685 4708 13²:
724 4656 901 4710 αὑτοῖσ
924 4662 989 4721 V,
1013 4658 1077 4711 cf.
1102 4658 1251 4721 90‚·21
1389 4658 1659 4727 απτόμενοι
1683 4661 1732 4709 V
1865 4658 1948 4711 32.
1977 4658 2044 4710 33
2082 4658 2258 4716 ἁπλοῖς
2282 4657 2579 4728 διαστήμασι
2603 4658 2735 4728 λέγω
2761 4659 2814 4712 δὲ
2851 4661 2955 4715 οἷον
2977 4665 3110 4716 vict.

445 4744 511 4797 33
547 4742 703 4813 λέγω]
742 4763 787 4795 ω
824 4744 885 4796 in
922 4744 999 4796 lit.
1029 4749 1091 4796 V:
1132 4744 1265 4813 λέγω
1303 4740 1353 4796 δ’
1394 4746 1555 4798 Arist.
1699 4762 1755 4797 τε
1793 4760 1894 4797 om.
1935 4746 2096 4797 Arist.
2257 4744 2357 4803 ἕως
2392 4745 2509 4815 τοῦ]
2547 4746 2581 4797 1.
2609 4762 2652 4798 c.
2679 4746 2890 4799 425a11
3041 4747 3167 4820 prqss'

446 4830 609 4900 ἕτερόν
645 4834 716 4884 Fz
766 4829 838 4900 μὴ
878 4829 1077 4901 δέτερόν
1122 4834 1199 4884 sio
1236 4836 1301 4883 V:
1339 4829 1617 4902 μηθέτερον
1654 4834 1796 4885 BSaz
1836 4831 1968 4884 ὥστε
2005 4832 2048 4884 εἰ
2083 4832 2152 4902 μή
2193 4850 2238 4884 τι
2276 4831 2442 4902 ἕτερον
2482 4834 2617 4889 vict.
2656 4833 2747 4901 Sp.
2793 4850 2860 4887 ex
2898 4838 3058 4889 Arist.
