3684 5567
1432 279 1711 336 BIBAION
1751 278 2113 336 ΔΕΥΤΕΡΟΝ
2165 283 2188 333 1
3089 280 3171 341 45

584 456 657 540 ιβ.
737 452 857 519 Ὅτι
893 454 960 516 οὐ
992 454 1275 516 δείκνυται
1322 454 1415 516 διὰ
1446 458 1547 516 τοῦ
1582 452 2001 516 συστέλλεσθαι
2045 452 2116 515 τὰ
2164 455 2408 535 σώματα
2454 451 2537 518 εἰς
2568 448 2747 512 ἑαυτὰ
2791 450 2855 509 τὸ
2889 450 3064 530 σῶμα

849 560 1069 643 χωρεῖν
1113 557 1209 619 διὰ
1252 559 1546 637 σώματος.

584 684 655 742 ιγ.
750 660 901 747 Πρὸς
944 660 1079 727 τοὺς
1123 658 1192 721 ἐκ
1236 664 1351 720 τῶν
1398 662 1693 741 τριγώνων
1738 658 1810 720 τὰ
1857 658 2136 741 σχήματα
2183 658 2278 720 καὶ
2323 656 2394 718 τὰ
2439 654 2566 737 εἴδη
2613 658 2728 716 τῶν
2775 652 3065 734 σωμάτων
3119 668 3148 709 5

850 761 1195 845 συγκεῖσθαι
1239 760 1527 842 λέγοντας,
1576 759 1643 823 οὐ
1690 759 1761 823 τὰ
1809 763 2073 842 σώματα.

488 886 517 933 5
596 866 667 927 ιδ.
758 862 835 929 Εἰ
876 865 948 928 τὰ
992 863 1155 928 κοινὰ
1200 865 1463 948 νοήματα
1507 862 1575 925 οὐ
1621 868 1821 944 σῶμα,
1870 861 1993 926 οὐδ’
2050 862 2118 925 ἂν
2164 864 2228 925 τὸ
2276 863 2466 925 κοινὸν
2511 865 2705 941 σῶμα,
2753 864 2926 942 σῶμα
2972 856 3066 941 εἴη

850 964 991 1030 ὥστ’
1046 963 1171 1027 οὐδ’
1226 965 1468 1047 ὁρισμὸς
1511 964 1691 1027 αὐτοῦ
1735 967 2010 1045 σώματος
2055 965 2294 1048 ὁρισμὸς
2338 962 2516 1027 ἔσται.
3096 975 3148 1017 1⁰

594 1094 660 1135 ιε.
756 1069 894 1137 Πῶς
937 1066 1181 1149 λέγομεν
1227 1067 1330 1149 τὴν
1376 1065 1557 1150 αὐτὴν
1602 1066 1841 1147 δύναμιν
1887 1067 2010 1149 ἅμα
2055 1073 2170 1129 τῶν
2216 1066 2486 1129 ἐναντίων
2531 1064 2696 1127 εἶναι.

584 1195 653 1241 ιτ.
749 1170 884 1239 Πῶς
928 1170 1043 1254 οὐχ
1088 1169 1307 1251 ὁμοίως
1358 1173 1484 1237 ταῖς
1540 1172 1952 1253 στοχαστικαῖς
2002 1168 2231 1252 τέχναις
2285 1170 2378 1231 καὶ
2435 1168 2608 1231 ἄλλαι
2661 1168 2860 1251 τέχναι
2903 1165 3064 1235 τέλος
3095 1181 3148 1224 15

852 1272 1043 1343 ἕξουσι
1096 1273 1162 1335 τὸ
1208 1272 1396 1333 πάντα
1450 1272 1515 1333 τὸ
1573 1269 1709 1353 παρ’
1764 1270 1943 1339 αὐτὰς
1997 1276 2182 1333 ποιεῖν
2237 1272 2381 1355 πρὸς
2425 1272 2490 1333 τὸ
2537 1274 2635 1332 τοῦ
2684 1268 3062 1353 προκειμένου

448 1397 513 1444 10
852 1375 1173 1459 τυγχάνειν.

580 1483 652 1550 ιζ.
730 1474 854 1541 Ὅτι
899 1476 1025 1551 οὔκ,
1071 1477 1125 1540 εἰ
1169 1473 1321 1539 ἔστιν
1366 1480 1468 1538 τοῦ
1516 1479 1597 1544 ὡς
1644 1476 2087 1558 ὑπεκκαύματος
2131 1476 2312 1557 πυρὸς
2357 1475 2388 1537 ὃ
2435 1478 2530 1537 καὶ
2577 1474 2865 1559 στοιχεῖόν
2911 1472 3063 1535 ἐστιν

849 1578 909 1661 [ὃ
954 1579 1079 1659 καὶ]
1128 1574 1477 1661 θερμότερόν
1523 1600 1574 1639 τι
1622 1576 1765 1640 ἄλλο
1809 1582 1944 1661 πῦρ,
1991 1578 2086 1641 διὰ
2128 1578 2341 1661 ταύτην
2387 1580 2490 1660 τὴν
2537 1577 2720 1639 αἰτίαν
2768 1576 2917 1658 μίξει
2960 1579 3063 1637 τοῦ
3091 1590 3146 1631 2⁰

848 1681 1107 1744 ἐναντίου
1154 1684 1409 1742 τοιοῦτον
1457 1678 1645 1742 ἐκεῖνο
1688 1677 1858 1740 εἶναι.

583 1808 661 1868 ιη.
754 1783 894 1868 Περὶ
939 1787 1041 1846 τοῦ
1087 1783 1192 1865 τὴν
1238 1782 1409 1865 φύσιν
1457 1782 1649 1865 ἀρχὴν
1696 1784 1981 1865 κινήσεως
2027 1779 2191 1843 εἶναι.

448 1906 511 1956 15
574 1888 653 1951 ιθ.
728 1882 851 1951 Ὅτι
896 1886 949 1949 εἰ
996 1887 1028 1948 ὁ
1072 1883 1293 1968 κόσμος
1336 1884 1536 1957 α’ίδιος,
1589 1885 1654 1945 τὸ
1702 1884 1766 1945 δὲ
1812 1882 2025 1966 κόσμῳ
2071 1882 2217 1946 εἶναι
2262 1882 2422 1967 αὐτῷ
2469 1885 2508 1967 ἡ
2557 1884 2708 1953 τάξις
2755 1884 2927 1958 ἐστίν,
2973 1880 3063 1966 εἴη

852 1987 919 2051 ἂν
967 1990 1027 2051 ἐν
1072 1992 1147 2071 τῇ
1195 1988 1382 2070 οἰκείᾳ
1426 1986 1596 2069 οὐσίᾳ
1644 1986 1821 2049 αὐτοῦ
1871 1986 1966 2047 καὶ
2012 1990 2201 2048 τοῦτο.
2379 2012 2386 2019 ·
3094 2002 3148 2043 ετ»

600 2117 655 2156 κ.
745 2092 885 2159 Πῶς
930 2092 994 2153 τὸ
1043 2090 1403 2174 μεταβάλλον
1449 2087 1534 2157 εἴς
1578 2112 1630 2150 τι
1676 2086 1809 2151 καθ’
1871 2088 1942 2170 ἣν
1989 2086 2115 2173 ἔχει
2168 2086 2421 2173 δύναῙμιν
2467 2094 2632 2171 τηρεῖ
2674 2090 2775 2173 τὴν
2823 2090 3060 2173 δύναμιν
3137 2098 3168 2152 6

847 2195 944 2257 καὶ
992 2192 1136 2275 μετὰ
1183 2193 1247 2255 τὸ
1296 2192 1674 2275 μεταβάλλειν
1720 2191 1801 2259 εἰς
1849 2190 1880 2253 ὃ
1930 2190 2300 2275 μετέβαλλεν.

558 2323 653 2363 κα.
730 2294 854 2361 Ὅτι
904 2297 985 2379 μὴ
1033 2294 1181 2357 κατὰ
1226 2295 1602 2379 συμβεβηκὸς
1646 2296 1683 2376 ἡ
1733 2293 1973 2377 πρόνοια
2021 2294 2168 2357 κατὰ
2207 2292 2601 2378 Ἀριστοτέλη.

442 2425 513 2470 20
569 2404 661 2487 κβ.
746 2398 1049 2483 Ἐξήγησις
1092 2398 1303 2466 λέξεως
1348 2397 1416 2459 ἐκ
1460 2401 1561 2461 τοῦ
1609 2397 1888 2481 δευτέρου
1937 2396 2078 2480 Περὶ
2123 2396 2402 2477 γενέσεως
2458 2399 2552 2459 καὶ
2605 2398 2832 2481 φθορᾶς
2875 2398 3069 2467 ἄλλως
3120 2416 3149 2457 5

850 2499 1075 2587 ἔχουσα
1122 2498 1279 2583 παρὰ
1326 2501 1429 2583 τὴν
1476 2499 1536 2562 ἐν
1582 2504 1671 2583 τῷ
1717 2500 1799 2569 εἰς
1845 2500 1986 2562 αὐτὸ
2037 2500 2428 2583 ὑπομνήματι.

572 2631 659 2690 κγ.
752 2604 894 2689 Περὶ
938 2609 1041 2686 τῆς
1100 2602 1409 2686 ἡρακλείας
1453 2603 1645 2666 λίθου.

567 2712 656 2773 κδ.
748 2706 976 2777 Λέξεως
1020 2705 1291 2789 ἐξήγησις
1323 2706 1389 2767 ἐκ
1432 2709 1535 2768 τοῦ
1570 2705 1844 2789 δευτέρου
1881 2705 2020 2789 Περὶ
2067 2711 2262 2790 ψυχῆς
2311 2703 2434 2789 μετ’
2471 2706 2656 2787 ὀλίγον
2701 2711 2807 2789 τῆς
2853 2706 3060 2791 ἀρχῆς.
3095 2721 3146 2763 ιο

572 2836 653 2875 κε.
734 2807 955 2893 Ἀλλης
999 2807 1211 2877 λέξεως
1256 2808 1324 2870 ἐκ
1370 2812 1471 2871 τοῦ
1519 2807 1695 2870 αὐτοῦ
1744 2807 2033 2891 ἐξήγησις.

440 2934 511 2983 25
564 2936 653 2983 κς.
743 2909 956 2995 (Ἀλλη
1003 2910 1072 2974 ἐκ
1116 2915 1217 2972 τοῦ
1263 2910 1439 2973 αὐτοῦ
1487 2910 1654 2978 λέξις.

565 3022 654 3089 κζ.
732 3012 923 3098 Ἀλλη
969 3014 1035 3077 ἐκ
1079 3017 1181 3075 τοῦ
1228 3012 1405 3075 αὐτοῦ
1452 3011 1647 3095 λέξις.)

549 3143 645 3201 κη.
718 3114 845 3181 Ὅτι
890 3116 971 3199 μὴ
1020 3118 1059 3199 ἠ
1108 3116 1217 3198 ὕλη
1261 3114 1443 3197 γένος.

551 3337 601 3401 Ι.
677 3334 817 3401 Ὅτι
859 3336 1107 3400 ἕπεται
1137 3340 1282 3405 τοῖς
1311 3337 1427 3399 καὶ
1473 3336 1545 3398 τὸ
1593 3334 1892 3418 μέγεθος
1936 3338 2045 3399 καὶ
2079 3336 2193 3399 τὸν
2227 3336 2479 3421 χρόνον
2526 3336 2594 3406 ἐξ
2639 3338 3054 3421 ἀδιαιρέτων
3097 3345 3168 3401 84

553 3440 947 3504 συντιθεῖσι
995 3440 1069 3502 τὸ
1114 3440 1335 3502 πάντα
1386 3437 1465 3500 τὰ
1518 3438 1900 3522 κινούμενα
1952 3438 2126 3501 κατὰ
2177 3442 2297 3501 τοῦ
2352 3440 2656 3523 ἀμεροῦς
2712 3441 3066 3527 ἰσοταχῶς
3119 3459 3150 3501 ο

444 3562 515 3612 30
1625 3539 2000 3603 κινεῖσθαι.

709 3692 956 3758 Ἓπεται
1001 3696 1089 3778 τῷ
1138 3695 1233 3756 καὶ
1279 3694 1344 3755 τὸ
1392 3692 1641 3776 μέγεθος
1684 3694 1777 3755 καὶ
1824 3694 1922 3755 τὸν
1967 3694 2179 3776 χρόνον
2233 3692 2295 3762 ἐξ
2340 3692 2677 3777 ἀδιαιρέτων
2725 3698 3066 3778 συγκεῖσθαι
3096 3714 3151 3756 ιο

553 3798 738 3880 λέγειν
790 3799 855 3859 τὸ
903 3799 1087 3859 πάντα
1141 3796 1211 3857 τὰ
1264 3796 1575 3877 κινούμενα
1630 3796 1777 3858 κατὰ
1831 3800 1934 3858 τοῦ
1989 3797 2242 3879 ἀμεροῦς
2299 3796 2592 3880 ἰσοταχῶς
2646 3798 2954 3861 κινεῖσθαι·
3015 3803 3069 3864 εἰ

677 3929 960 3936 -.-—-——
1155 3928 1253 3935 -u

448 4002 471 4053 1
515 3998 583 4054 δι’
622 4002 777 4053 αὐτοῦ
816 4018 845 4052 ε
1048 4000 1078 4052 2
1117 4000 1197 4052 διὰ
1235 3998 1471 4068 σώματος
1508 4006 1693 4069 χωρεῖν
1732 4000 1815 4051 tit.
2019 4000 2050 4051 3
2087 4002 2206 4057 τοὺς
2245 3998 2606 4059 Πλατωνικοὺς
2642 4004 2762 4059 τοὺς
2797 4004 2856 4055 ἐκ
2895 4004 2974 4055 tit.

445 4088 497 4142 5.
535 4088 565 4141 6
615 4089 674 4141 οὐ
700 4118 765 4125 -
790 4086 947 4155 ἔσται]
987 4089 1051 4139 τὰ
1088 4086 1149 4155 δὴ
1186 4088 1415 4155 νοήματα
1459 4085 1519 4137 οὐ
1557 4086 1770 4154 σώματα
1806 4084 1924 4137 οὐδ’
1962 4085 2023 4137 ἂν
2059 4086 2117 4138 τὸ
2157 4086 2324 4139 κοινὸν
2364 4088 2441 4157 εἴη
2480 4094 2644 4155 σῶμα,
2692 4089 2858 4160 νόημά
2895 4108 2949 4142 τε
2987 4089 3044 4142 ὃν
3081 4098 3172 4144 τοῦ

444 4178 615 4227 κοινοῦ
643 4174 651 4243 Ι
682 4174 919 4243 σώματος
956 4170 1057 4226 οὐδ’
1092 4173 1291 4244 ὁρισμὸς
1330 4174 1424 4225 οὒκ
1464 4174 1568 4226 ἔστι
1605 4174 1841 4241 σώματος
1880 4172 2083 4244 ὁρισμός
2121 4174 2202 4226 tit.
2230 4192 2261 4226 a
2287 4174 2376 4241 Sp.
2553 4176 2586 4228 8
2625 4176 2710 4227 καὶ
2749 4177 2800 4227 αἱ
2837 4176 2983 4229 ἄλλαι
3020 4179 3102 4229 tit.

446 4262 478 4315 9
514 4262 581 4314 τὰ
615 4257 739 4333 παρ’
763 4263 843 4313 tit.
1028 4262 1087 4313 11
1131 4261 1243 4328 οὐκ,
1284 4262 1325 4313 εἰ
1362 4280 1394 4313 a
1428 4262 1543 4329 Sp.:
1583 4262 1679 4313 οὐκ
1718 4265 1781 4313 V:
1824 4262 1868 4313 εἰ
1903 4262 1984 4313 tit.
2170 4260 2231 4312 12
2270 4260 2296 4313 ὃ
2335 4263 2421 4313 καὶ
2458 4278 2556 4314 om.
2584 4265 2664 4315 tit.
2691 4264 2779 4331 Sp.
2953 4264 3017 4316 13
3054 4265 3176 4317 εἶναι

445 4364 546 4402 om.
584 4350 668 4401 tit.
882 4347 1122 4421 ὑπάρχειν
1161 4349 1323 4419 ἀρχὴν
1362 4350 1611 4418 κινήσεως
1647 4350 1729 4400 tit.
1951 4348 2012 4401 15
2051 4348 2093 4400 el
2131 4364 2230 4401 om.
2267 4350 2350 4401 tit.
2554 4350 2707 4408 ἀίδιος
2744 4352 2847 4403 ἐστι
2883 4350 2940 4403 τὸ
2978 4352 3060 4403 tit.

450 4435 514 4487 19
547 4430 907 4506 Ἀριστοτέλην
946 4454 977 4487 a
1014 4434 1105 4503 Sp.
1319 4436 1387 4487 20
1437 4434 1631 4506 φθορᾶς
1666 4434 2048 4505 Ἀριστοτέλους
2084 4435 2252 4495 ἄλλως
2289 4438 2368 4488 tit.
2577 4438 2640 4490 21
2700 4438 2822 4490 αὐτὸ
2868 4440 2949 4489 tit.
2989 4456 3022 4490 a
3058 4440 3174 4505 Sp.:

445 4522 589 4591 αὐτῷ
623 4526 673 4573 V
888 4522 955 4575 22
990 4520 1137 4575 λίθου
1174 4520 1254 4575 διὰ
1290 4524 1339 4574 τί
1384 4522 1517 4576 ἕλκει
1560 4522 1645 4576 τὸν
1685 4522 1885 4593 σίδηρον
1921 4526 2001 4575 tit.
2041 4523 2130 4589 Sp.
2335 4522 2401 4575 23
2439 4523 2609 4596 ψυχῆς
2637 4521 3019 4595 Ἀριστοτέλους
3057 4522 3172 4593 μετ’

442 4610 552 4662 tit.:
610 4608 780 4681 ψυχῆς
826 4610 1091 4681 εἰρημένης
1136 4607 1255 4677 μετ’
1299 4612 1433 4663 vict.
1635 4611 1797 4681 ἀρχῆς
1847 4610 2110 4680 εἰρημένης
2160 4612 2239 4663 tit.
2438 4611 2504 4663 24
2560 4612 2619 4663 ἐκ
2656 4616 2748 4663 τοῦ
2785 4612 2939 4664 αὐτοῦ
2987 4610 3176 4671 λέξεως

444 4712 573 4749 corr.
619 4698 675 4749 in
712 4695 895 4756 λέξεως
934 4698 993 4748 ἐκ
1029 4702 1119 4749 τοῦ
1159 4696 1314 4749 αὐτοῦ
1353 4701 1400 4748 V
1582 4696 1737 4768 ἄλλης
1784 4697 1969 4757 λέξεως
2005 4697 2064 4749 ἐκ
2100 4702 2192 4749 τοῦ
2240 4697 2472 4769 δευτέρου
2517 4705 2622 4749 τῶν
2667 4700 2779 4769 περὶ
2827 4700 2996 4769 ψυχῆς
3029 4696 3177 4771 Ἀρι·-

448 4784 707 4843 στοτάλους
744 4784 973 4857 ἐξήγησις
1010 4786 1089 4837 tit.
1270 4785 1337 4837 26
1374 4785 1492 4836 add.
1534 4786 1667 4837 vict.
1869 4784 1930 4837 27
1973 4785 2090 4837 add.
2129 4785 2216 4853 Sp.
2397 4786 2464 4839 28
2501 4788 2588 4837 καὶ
2623 4785 2704 4854 τὸ]
2745 4788 2876 4839 κατὰ
2913 4806 2945 4839 a

450 4872 517 4927 32
556 4874 687 4928 κατὰ
722 4876 811 4927 τοῦ
850 4874 1065 4944 ἀμεροῦς
1102 4872 1318 4926 B²HS²u
1358 4872 1471 4943 Sp.=
1510 4872 1568 4927 τὸ
1606 4874 1786 4946 ἀμερὲς
1823 4874 2100 4927 VGB¹S¹F
