3684 5567
520 246 641 311 128
1016 242 1345 314 [ΑΠΟΡΙΩΝ
1385 242 1503 299 ΚΑΙ
1546 242 1809 299 ΑΥΣΕΩΝ
1849 240 2131 299 BIBAION
2172 240 2545 299 ΤΕΤΑΡΤΟΝ
2585 244 2746 313 7-9]

625 419 685 481 αἱ
732 423 847 481 τῶν
896 419 1260 493 ἀκολάστων,
1314 418 1483 482 αὗται
1530 418 1595 480 δὲ
1642 421 1721 486 ὥς
1764 420 1945 481 κακὸν
1991 424 2188 501 κακῷ,
2231 420 2315 482 ὧν
2362 420 2426 481 δὲ
2472 416 2578 482 οὐκ
2623 416 2776 482 ἔστιν
2824 417 3137 503 ὑπερβολή,
3191 434 3220 475 τι

622 520 791 585 αὗται
840 520 907 585 ἂν
955 522 1071 585 εἶεν
1118 527 1299 585 πᾶσαι
1344 525 1426 591 ὥς
1474 522 1693 604 ἀγαθὸν
1740 526 1905 605 κακῷ
1955 525 2026 605 τῇ
2075 522 2232 604 λύπη
2281 520 2547 586 ἐναντίαι.

626 761 794 826 VIII.
874 760 1013 827 Ὅτι
1058 764 1097 846 ἡ
1146 764 1355 847 ἀρετὴ
1404 762 1562 827 οὔτε
1607 762 1806 846 γένος
1851 762 2012 827 οὔτε
2057 762 2236 826 ὅλον.

798 931 952 998 Οὔτε
996 934 1158 1015 γένος
1205 934 1339 1017 μέν,
1397 933 1485 997 ὅτι
1540 934 1605 997 τὸ
1658 934 1822 1015 γένος
1875 935 1943 997 οὐ
1990 936 2410 1018 συναναιρεῖται
2465 933 2548 996 ἑνὶ
2600 936 2717 995 τῶν
2763 933 2934 997 εἰδῶν
2981 934 3135 997 ἀναι·
3163 950 3219 991 ιο

556 1052 586 1100 5
631 1035 915 1119 ρουμένῳ,
962 1037 1002 1120 ἡ
1049 1038 1113 1100 δὲ
1160 1036 1336 1120 ἀρετὴ
1372 1041 1797 1119 συναναιρεῖται
1842 1042 1946 1120 μιᾷ
1990 1034 2137 1117 (εἴτε
2179 1035 2290 1120 γὰρ
2331 1034 2857 1099 ἀντακολουθοῦσιν
2903 1037 2962 1099 αἱ
3010 1037 3136 1120 ἀρε-

623 1138 717 1199 ταὶ
762 1140 1073 1221 ἀλλήλαις,
1130 1140 1469 1221 ἡστινοσοῦν
1514 1139 1939 1223 ἀναιρουμένης
1993 1140 2308 1223 ἀναιρεῖται
2363 1141 2458 1201 καὶ
2513 1140 2550 1219 ἡ
2599 1138 2812 1220 ἀρετή,
2867 1135 3027 1201 ἔσται
3071 1161 3138 1221 γε

622 1240 807 1309 οὕτως
860 1242 957 1305 καὶ
1012 1241 1075 1303 ἕν
1132 1265 1185 1303 τι
1239 1247 1354 1303 τῶν
1410 1242 1580 1303 εἰδῶν
1641 1240 1825 1305 τάλλα
1881 1239 2008 1324 εἴδη
2056 1244 2464 1324 συναναιροῦν,
2529 1238 2561 1301 ὃ
2608 1239 2744 1301 οὐδὲ
2797 1238 2939 1303 αὐτὸ
2987 1240 3138 1323 ὑγιὲς
3168 1256 3221 1299 15

624 1339 769 1405 εἶναι
822 1346 1009 1419 δοκεῖ,
1070 1341 1189 1406 εἴτε
1244 1343 1323 1425 μὴ
1382 1344 1910 1417 ἀντακολουθοῦσι,
1969 1328 2308 1427 φρονήσεως
2363 1340 2787 1425 ἀναιρουμένης
2842 1342 3136 1425 ἀναιροῖτο

622 1441 691 1504 ἂν
739 1446 777 1527 ἡ
826 1446 1003 1529 ἀρετὴ
1050 1450 1135 1529 τῷ
1180 1446 1327 1507 κατὰ
1373 1447 1469 1508 τὸν
1518 1447 1695 1530 ὀρθὸν
1740 1445 1910 1529 λόγον
1956 1446 2015 1507 ἐν
2047 1449 2258 1515 πάσαις
2303 1444 2504 1512 αὐταῖς
2546 1444 2612 1505 τὸ
2658 1442 2824 1519 εἶναι,
2871 1444 2903 1505 ὁ
2949 1441 3000 1506 δ’
3043 1446 3135 1527 ὀρ·

522 1565 583 1611 lo
622 1544 726 1614 θὸς
772 1544 941 1629 λόγος
998 1548 1114 1610 ἀπὸ
1167 1547 1569 1631 φρονήσεως),
1628 1550 1761 1611 ὅλον
1807 1550 1874 1612 δὲ
1925 1549 2032 1612 οὐκ
2080 1547 2148 1611 ἂν
2205 1547 2298 1630 εἴη
2353 1549 2392 1630 ἡ
2440 1548 2650 1629 ἀρετή,
2716 1544 2804 1607 ὅτι
2848 1547 2913 1607 τὸ
2961 1547 3218 1631 μέροςεο

620 1647 727 1709 οὐκ
772 1648 1105 1733 ἐπιδέχεται
1150 1650 1247 1712 τὸν
1294 1655 1397 1712 τοῦ
1443 1649 1581 1713 ὅλου
1626 1650 1795 1733 λόγον
1851 1651 1910 1714 ἐν
1959 1656 2076 1720 τοῖς
2122 1648 2629 1733 ἀνομοιομερέσιν,
2683 1645 3021 1731 διαφέρουσι
3068 1649 3132 1712 δὲ

626 1750 898 1831 ἀλλήλων
936 1754 1011 1829 ,αἱ
1059 1754 1259 1836 ἀρεταὶ
1312 1754 1410 1815 καὶ
1465 1754 1561 1815 τὸν
1615 1758 1721 1836 τῆς
1774 1755 1986 1837 ἀρετῆς
2043 1752 2412 1837 ἐπιδέχονται
2463 1748 2652 1832 λόγον.
2743 1750 2782 1832 ἢ
2829 1749 2890 1812 ἐν
2935 1750 3023 1819 οἷς
3069 1752 3132 1814 τὸ

624 1853 727 1934 μὲν
772 1852 1004 1937 πρῶτόν
1050 1854 1191 1931 ἐστι,
1238 1856 1303 1917 τὸ
1350 1856 1415 1918 δὲ
1446 1856 1733 1939 δεύτερον,
1782 1860 1864 1925 ὡς
1902 1854 2318 1940 ἀναιρουμένου
2364 1856 2466 1916 τοῦ
2499 1854 2736 1937 πρώτου
2789 1850 2796 1937 Ι
2845 1854 3088 1936 ἀναιρεῖ·
3133 1860 3238 1916 246

623 1954 763 2017 σθαι
807 1956 873 2017 τό
919 1980 981 2019 τε
1027 1958 1215 2021 κοινὸν
1262 1959 1358 2021 καὶ
1402 1958 1474 2020 τὰ
1518 1958 1668 2021 ἄλλα
1712 1959 1783 2021 τὰ
1829 1956 1955 2042 μετ’
2011 1957 2175 2033 αὐτό,
2230 1962 2408 2020 ταῦτα
2454 1961 2569 2018 τῶν
2616 1958 2934 2040 πολλαχῶς
2977 1958 3136 2035 λεγο-

522 2076 581 2125 15
623 2056 812 2140 μένων
868 2058 991 2122 ἐστὶ
1047 2064 1162 2122 τῶν
1217 2059 1320 2146 ἀφ’
1377 2062 1505 2131 ἑνὸς
1559 2062 1597 2144 ἦ
1654 2062 1797 2145 πρὸς
1859 2060 1920 2122 ἓν
1975 2058 2330 2141 λεγομένων,
2394 2058 2535 2120 ὥστ’
2591 2059 2644 2120 εἰ
2697 2058 2795 2122 καὶ
2854 2060 2892 2140 ἡ
2953 2057 3132 2142 ἀρετὴ

622 2166 756 2243 μιᾶς
797 2184 944 2230 τινος
978 2163 1397 2248 ἀναιρουμένης
1442 2164 1753 2247 ἀναιροῖτο,
1806 2161 1902 2247 εἴη
1948 2161 2018 2226 ἂν
2063 2164 2160 2226 καὶ
2203 2163 2352 2245 αὕτη
2397 2166 2514 2223 τῶν
2561 2161 2746 2229 οὕτως
2789 2160 3136 2243 λεγομένων.
3191 2175 3220 2218 5

620 2262 657 2345 ἢ
708 2265 925 2344 μᾶλλον
974 2264 1177 2348 ῥητέον
1234 2267 1331 2328 τὸν
1388 2267 1667 2329 δοκοῦντα
1719 2266 2072 2349 συνωνύμως
2126 2271 2241 2326 τῶν
2298 2265 2523 2348 ἀρετῶν
2579 2263 2712 2347 ὅρον
2766 2268 2872 2346 τῆς
2925 2263 3138 2346 ἀρετῆς

623 2368 1074 2450 κατηγορεῖσθαι
1127 2367 1449 2452 κοινότερον
1502 2368 1647 2431 εἶναι
1701 2368 1799 2431 καὶ
1853 2366 1959 2430 οὐκ
2013 2365 2155 2430 ἴδιον
2210 2372 2313 2450 τῆς
2367 2366 2509 2450 ὅλης
2566 2367 2776 2449 ἀρετῆς
2830 2365 2903 2449 ἧς
2963 2363 3134 2427 αὗται

621 2466 791 2550 μέρη.
882 2467 973 2552 εἴη
1031 2468 1081 2533 δ’
1139 2469 1208 2534 ἄν
1264 2471 1454 2554 ἐκείνῃ
1510 2473 1678 2551 λόγος
1730 2471 1769 2553 ἢ
1825 2472 2018 2554 πάσης
2072 2473 2306 2553 λογικῆς
2360 2474 2556 2553 ψυχῆς
2607 2467 2721 2537 ἕξις
2773 2468 3012 2552 ἀρίστη,
3067 2467 3133 2535 ὃς

514 2588 581 2635 20
618 2568 790 2650 λόγος
844 2569 912 2633 οὐ
968 2572 1309 2655 καθεκάστῃ
1364 2578 1479 2635 τῶν
1538 2574 1759 2657 ἀρετῶν
1812 2572 2150 2657 ἐφαρμόζει.
2243 2576 2406 2637 δοκεῖ
2455 2572 2519 2636 δὲ
2573 2572 2669 2634 καὶ
2717 2568 3127 2654 Ἀριστοτέλης
3155 2587 3210 2628 ιο

626 2670 761 2734 ὅλον
807 2695 859 2735 τι
906 2673 1091 2757 λέγειν
1136 2676 1240 2758 τὴν
1286 2674 1505 2739 τέλειον
1550 2676 1764 2760 ἀρετὴν
1810 2674 1933 2739 ἀλλ’
1989 2677 2058 2739 οὐ
2103 2676 2286 2758 γένος.

791 2775 963 2861 [Περὶ
1007 2782 1112 2859 τῆς
1156 2778 1401 2862 ἀπορίας
1444 2779 1656 2862 ταύτης
1701 2781 1797 2842 καὶ
1841 2779 1904 2842 ἐν
1948 2784 2069 2848 τοῖς
2114 2778 2374 2863 ὑστέροις
2417 2775 2654 2861 εἴρηταί
2689 2774 2799 2860 w]

618 3032 725 3097 IX.
802 3028 943 3097 Ὅτι
991 3034 1081 3117 μὴ
1128 3036 1383 3104 πάντες
1424 3036 1489 3098 οἱ
1537 3036 2053 3119 ἁμαρτάνοντες
2111 3036 2358 3118 ἀγνοίᾳ
2408 3039 2527 3098 τοῦ
2574 3033 2752 3098 κακὰ
2798 3031 2980 3097 εἶναι
3025 3032 3136 3095 καὶ
3165 3047 3218 3090 15

1134 3138 1445 3222 βλαβερὰ
1490 3138 1528 3201 ἃ
1573 3139 2026 3221 πράττουσιν,
2077 3138 2624 3221 ἁμαρτάνουσιν.

511 3327 576 3377 25
786 3302 951 3391 (Ὅτι
998 3309 1079 3391 μὴ
1127 3308 1333 3377 πάντες
1365 3310 1419 3372 οἱ
1460 3310 1887 3393 ἁμαρτάνοντες
1931 3309 2134 3392 ἀγνοίᾳ
2177 3312 2280 3371 τοῦ
2326 3308 2480 3371 κακὰ
2523 3307 2672 3371 εἶναι
2715 3309 2810 3372 καὶ
2856 3307 3134 3393 βλαβερά,

617 3410 656 3473 ἂ
700 3409 1096 3494 πράττουσιν,>
1142 3411 1559 3496 ἁμαρτάνουσι,
1616 3413 1791 3495 δῆλον
1847 3410 1914 3473 ἐκ
1971 3414 2088 3472 τῶν
2130 3410 2532 3494 πεπεισμένων
2579 3408 2666 3473 ὅτι
2711 3410 3132 3493 ἁμαρτάνουσι,
3159 3425 3216 3468 2⁰

618 3514 714 3576 καὶ
764 3514 846 3597 μὴ
895 3512 1257 3597 ἀντεχόντων
1314 3514 1512 3583 αὑτοῖς
1558 3514 1652 3577 διὰ
1701 3513 1986 3597 μαλακίαν
2043 3514 2140 3575 καὶ
2187 3513 2560 3596 ἀνασκησίαν.
2649 3513 2732 3575 ῶν
2779 3513 2890 3575 εἰσι
2929 3514 3026 3577 καὶ
3071 3514 3128 3576 οἱ

618 3619 920 3684 νοσοῦντες
974 3616 1069 3678 καὶ
1124 3616 1197 3679 τὰ
1254 3616 1582 3701 βλάπτοντα
1640 3616 1851 3685 αὑτοὺς
1907 3616 2276 3699 πράττοντες,
2339 3614 2446 3678 οὐκ
2503 3613 2860 3700 ἀγνοοῦνῖτες
2914 3618 3090 3680 ὁποῖά
3134 3622 3240 3679 247

616 3717 802 3781 ἐστιν·
854 3718 942 3781 ὅτι
984 3718 1091 3802 γὰρ
1137 3718 1243 3781 οὐκ
1289 3719 1611 3801 ἀγνοοῦσιν,
1656 3718 1854 3786 αὑτοῖς
1899 3718 2257 3794 ἐπικαλοῦσι,
2302 3719 2435 3787 τοὺς
2481 3718 2564 3801 μὴ
2609 3718 2682 3781 τὰ
2728 3718 2906 3802 ὅμοια
2951 3720 3132 3805 ἁμαρ-

510 3838 577 3889 30
614 3820 889 3890 τάνοντας
932 3820 1357 3899 ἐπικαλοῦνται,
1406 3819 1676 3906 εὔχονται
1721 3824 1840 3889 τοῖς
1883 3822 2042 3890 θεοῖς
2091 3821 2236 3906 ὑπὲρ
2281 3825 2382 3884 τοῦ
2429 3822 2662 3885 κάλλιον
2694 3826 2998 3905 φρονῆσαι.
3067 3822 3129 3886 ἐν

512 4134 535 4187 l
580 4133 671 4187 alt.
710 4132 763 4186 δὲ
804 4132 872 4185 V¹
910 4132 966 4183 in
1006 4146 1108 4200 mg.
1357 4132 1389 4184 3
1428 4128 1543 4185 οὔτε
1580 4132 1723 4201 γένος
1758 4134 1837 4183 Ba
1875 4134 1991 4198 Sp.:
2047 4128 2108 4182 οὺ
2145 4132 2284 4199 γένος
2321 4134 2369 4180 V
2633 4132 2668 4182 4
2707 4135 2832 4183 ante
2869 4130 2986 4184 οὔτε
3021 4130 3240 4185 titulum

507 4222 663 4273 iterat
712 4224 792 4274 Ba
828 4222 917 4287 Sp.
1156 4218 1295 4288 οὔτε]
1356 4217 1413 4272 οὒ
1457 4219 1561 4271 Βῗει
1601 4222 1689 4287 Sp.
1941 4220 1989 4271 6.
2029 4218 2060 4271 7
2117 4237 2172 4289 γε
2217 4216 2385 4272 οὕτωσ
2422 4222 2486 4269 V:
2541 4236 2597 4271 τε
2633 4220 2712 4271 Ba
2748 4220 2866 4287 Sp.:
2921 4218 3138 4271 fortasse
3185 4217 3240 4271 δὲ

507 4304 671 4365 οὕτως
882 4308 913 4359 7
960 4306 1107 4359 εἰδῶν
1154 4304 1319 4363 οὕτως
1367 4304 1527 4358 τᾶλλα
1562 4310 1642 4359 Ba
1689 4310 1778 4374 Sp.
1992 4305 2027 4357 8
2063 4306 2444 4378 ἀναιρουμένης]
2491 4325 2554 4377 ης
2590 4322 2632 4359 s.
2671 4322 2718 4358 v.
2758 4308 2816 4358 in
2850 4305 2930 4359 lit.
2970 4310 3016 4359 V

507 4394 539 4447 9
576 4393 651 4463 ἐν]
691 4394 815 4447 εἶναι
853 4396 989 4447 coni.
1027 4398 1117 4461 Sp.
1156 4396 1289 4447 bene
1508 4394 1573 4446 10
1609 4394 2010 4464 ἀποφρονήσεωσ
2049 4399 2095 4446 V
2309 4394 2404 4447 ουκ
2443 4393 2528 4463 ἂν]
2567 4413 2632 4447 uz
2671 4394 2731 4446 ἂν
2769 4395 2828 4447 in
2864 4394 2940 4446 lit.
2980 4397 3028 4445 V

506 4482 605 4551 εἴη]
644 4502 675 4551 η
718 4482 837 4535 add.
882 4498 925 4533 v.
954 4498 997 4534 c.
1028 4486 1073 4533 V
1292 4481 1353 4533 17
1410 4485 1501 4550 τῆς
1548 4482 1730 4550 ἀρετῆς
1768 4482 1886 4533 coll.
1925 4488 2046 4549 post
2081 4478 2469 4552 κατηγορεῖσθαι
2503 4485 2586 4535 Ba
2622 4484 2712 4549 Sp.
2934 4481 2996 4533 19
3054 4478 3154 4552 εἴη]
3199 4498 3232 4552 η

506 4570 623 4623 add.
662 4586 709 4621 v.
749 4586 792 4623 c.
833 4574 881 4619 'V
1096 4568 1261 4637 ἐκείνη
1301 4586 1332 4619 a
1546 4568 1615 4618 20
1651 4566 1708 4620 οὺ
1748 4570 1958 4635 punctis
1997 4573 2146 4622 notat
2183 4572 2253 4621 B:
2293 4585 2394 4622 om.
2431 4586 2465 4621 a
2679 4570 2737 4622 21
2783 4567 2974 4622 τελείαν
3011 4570 3099 4634 Sp.

507 4656 573 4708 22
611 4674 658 4709 τι
695 4674 727 4708 a
751 4658 869 4724 Sp.:
906 4672 984 4708 τισ
1021 4656 1061 4723 (ι
1098 4658 1153 4709 in
1192 4655 1293 4723 lit.)
1324 4659 1370 4708 V
1551 4654 1633 4708 25.
1662 4654 1729 4707 ‘26
1768 4652 2238 4727 ὅτι-πράττουσιν
2275 4656 2392 4709 add.
2421 4659 2500 4708 Ba
2528 4659 2617 4723 Sp.
2799 4656 2864 4707 27
2903 4654 3238 4725 ἀνασκησίαν]

506 4741 828 4813 ἀναισθησίαν
863 4745 992 4798 Vict.
1028 4746 1117 4810 Sp.
1332 4744 1400 4795 ⁶28
1436 4742 1618 4800 αὐτοὺς
1654 4746 1742 4809 Sp.
1959 4743 2030 4795 30
2065 4742 2416 4796 ἐπικαλοῦνται
2452 4744 2557 4797 B²a
2593 4747 2709 4811 Sp.z
2758 4743 3079 4797 ἐπικαλοῦσιν
3118 4747 3165 4794 V

507 4829 705 4903 ἔχονται
742 4848 774 4883 a
