3684 5567
548 266 670 331 116
1154 261 1461 319 ΑΠΟΡῙΩΝ
1500 260 1625 317 ΚΑΙ
1662 260 1930 317 ΛΥΣΕΩΝ
1970 258 2257 317 ΒῙΒΛΙΟΝ
2296 259 2552 317 ΊῬῙΤΟΝ
2599 264 2660 315 15

654 436 775 501 ἴσον
821 437 1104 501 δύνασθαι
1147 441 1237 521 τῷ
1282 438 1542 520 δυνάμει,
1595 434 1757 501 ἔσται
1803 435 1870 498 τὸ
1915 436 2092 499 οἱονεὶ
2138 435 2351 519 ἀμερὲς
2397 437 2638 519 δυνάμει
2683 436 2914 521 ἀμερές.
3001 436 3054 497 εἰ
3097 435 3163 497 δὲ

650 544 843 617 τοῦτο,
889 540 1055 603 οὐδὲν
1102 538 1262 603 ἔσται
1308 540 1597 625 ἐνεργείᾳ,
1645 539 1677 601 ὃ
1724 535 1886 601 ἔσται
1931 536 2172 622 ἀμερές,
2229 536 2292 601 εἴ
2323 560 2391 620 γε
2438 539 2617 621 μηδὲν
2664 544 2781 601 τῶν
2827 537 3067 620 δυνάμει
3110 558 3162 598 τι

651 639 833 705 ὄντων
878 642 1000 705 ἐστὶ
1044 646 1213 705 τοῦτο
1266 642 1297 705 ὃ
1344 642 1601 716 δύναται,
1654 642 1807 705 ὥστε
1855 640 1992 703 οὐδὲ
2033 642 2098 703 τὸ
2145 642 2321 705 οἱονεὶ
2373 641 2376 725 k
2426 641 2639 724 ἀμερὲς
2683 639 2896 724 ἀμερές
2947 640 3118 702 ἐστιν.
3164 645 3268 700 225

650 742 772 805 ἀλλ’
814 744 866 805 εἰ
913 745 995 828 μὴ
1043 742 1321 829 ἐνεργείᾳ,
1368 744 1519 807 ἀλλὰ
1564 744 1808 827 δυνάμει
1854 744 1920 804 τὸ
1964 744 2142 806 οἱονεὶ
2184 744 2400 828 ἀμερὲς
2443 744 2655 828 ἀμερές
2699 744 2874 817 ἐστιν,
2919 740 3064 805 ἄλλο
3108 764 3163 803 τι

578 866 607 913 5
648 843 711 907 ὃν
758 846 996 929 δυνάμει
1052 846 1222 909 τοῦτό
1268 847 1442 911 ἐστιν.
1531 846 1589 909 τί
1629 844 1730 908 οῦν
1786 842 1850 907 ὄν
1897 846 2016 908 ἐστι
2071 847 2312 929 δυνάμει
2365 846 2609 931 ἀμερές;
2675 847 2770 909 καὶ
2815 846 2868 908 εἰ
2913 842 3162 927 μέγεθός

648 948 771 1011 ἐστι
815 949 881 1011 τὸ
928 950 1102 1012 οἱονεὶ
1146 949 1375 1033 ἀμερές,
1422 950 1489 1013 ἐκ
1532 949 1597 1011 δὲ
1626 948 1845 1011 τούτων
1875 948 1942 1009 τὸ
1976 947 2223 1029 μέγεθος
2255 948 2354 1031 (ἐκ
2384 949 2492 1033 γὰρ
2523 951 2638 1011 τῶν
2669 946 2846 1009 οἱονεὶ
2875 944 3160 1029 ἀμερῶν),
3213 962 3242 1003 5

644 1048 805 1113 ἔσται
863 1054 976 1113 πᾶν
1030 1050 1279 1133 μέγεθος
1323 1052 1391 1115 ἐκ
1447 1052 1714 1135 μεγεθῶν
1771 1050 2140 1133 συγκείμενον
2187 1053 2282 1114 καὶ
2337 1051 2730 1135 διαιρούμενον
2786 1050 2869 1117 εἰς
2911 1048 3158 1132 μεγέθη,

643 1152 798 1215 οὕτω
844 1153 909 1215 δὲ
954 1154 1048 1216 καὶ
1094 1153 1187 1216 ἐπ’
1243 1153 1483 1239 ἄπειρον
1530 1156 1567 1237 ἡ
1614 1153 1765 1237 τομὴ
1820 1152 2248 1237 προελεύσεται.
2339 1152 2424 1217 ἔτι
2469 1151 2572 1237 <εἰ>
2617 1153 2681 1215 τὸ
2727 1153 2902 1215 οἱονεὶ
2946 1152 3160 1235 ἀμερὲς

645 1254 753 1338 ῦλη
800 1260 901 1317 τοῦ
942 1258 1216 1340 ἀμεροῦς,
1264 1261 1424 1321 πᾶσα
1470 1254 1521 1319 δ’
1565 1257 1673 1339 ὕλη
1719 1258 1872 1327 τινὸς
1910 1260 2059 1321 κατά
2089 1282 2210 1321 τινα
2258 1257 2586 1341 μεταβολὴν
2633 1276 2672 1315 -κ
2717 1274 2758 1315 x
2802 1276 2843 1317 x·
2887 1254 2954 1317 τὸ
2983 1255 3157 1318 οἱονεὶ
3187 1270 3241 1313 ιο

544 1376 605 1423 10
644 1358 859 1441 ἀμερὲς
905 1360 1119 1443 ἀμερὲς
1166 1356 1349 1435 ἔσται,
1403 1360 1529 1422 ἐπεὶ
1576 1359 1685 1443 ὕλη
1734 1364 1832 1422 τοῦ
1887 1361 2139 1445 ἀμεροῦς
2181 1361 2246 1423 τὸ
2294 1360 2468 1422 οἱονεὶ
2521 1356 2754 1441 ἀμερές,
2809 1355 2952 1419 ἄλλο
2997 1354 3159 1422 ἔσται

642 1464 746 1523 τοῦ
792 1462 1062 1545 ἀμεροῦς.
1155 1462 1206 1523 εἰ
1250 1462 1315 1525 δὲ
1360 1466 1560 1538 τοῦτο,
1618 1462 1747 1543 ἤτοι
1802 1464 2210 1547 συντιθέμενον
2263 1464 2495 1541 ποιήσει
2549 1461 2615 1523 τὸ
2668 1461 2882 1544 ἀμερὲς
2937 1461 2973 1544 ἢ
3021 1464 3158 1524 διαι-

647 1564 947 1646 ρούμενον,
996 1563 1201 1628 ἕπεταί
1242 1588 1305 1627 τε
1351 1568 1521 1629 πάλιν
1568 1570 1653 1649 τῷ
1686 1565 1872 1647 λέγειν
1917 1568 2000 1635 εἰς
2041 1567 2234 1650 ἀμερῆ
2281 1564 2424 1628 αὐτὸ
2456 1564 2802 1647 διαιρεῖσθαι
2846 1563 2912 1625 τὸ
2959 1562 3025 1627 ἐκ
3053 1568 3160 1647 τῆς

640 1670 757 1727 τῶν
806 1666 1043 1751 ἀμερῶν
1092 1666 1429 1735 συνθέσεως
1471 1668 1731 1750 γίνεσθαι
1778 1669 1851 1731 τὰ
1897 1669 2138 1753 μεγέθη.
2195 1683 2198 1734 Ι
3185 1682 3238 1724 ¹⁵

530 1922 561 1973 2
600 1922 782 1991 ἀμερεσ
821 1926 869 1973 V
1072 1922 1104 1974 3
1142 1922 1345 1976 ὃυναται
1386 1928 1429 1975 V
1636 1923 1749 1977 οὐδε
1792 1928 1835 1976 V
2035 1925 2185 1977 οἱονεὶ
2219 1928 2262 1977 F
2300 1926 2436 1977 coni.
2474 1927 2586 1991 Sp.=
2625 1923 2727 1975 οἷον
2765 1924 2886 1976 libri
3081 1924 3114 1975 4
3149 1918 3259 1977 ἀλλ’

529 2007 605 2061 ὅτι
638 2028 671 2061 a
848 2009 879 2062 5
918 2008 975 2061 ὄν
1012 2010 1115 2063 ἐστι
1137 2014 1328 2065 VFSa:
1368 2010 1422 2063 ὃν
1459 2010 1597 2064 ἔσται
1633 2016 1701 2065 B:
1743 2012 2034 2064 Eotatviet.
2215 2014 2246 2065 6
2283 2014 2376 2084 γὰρ
2414 2012 2579 2065 delevi
2758 2010 2792 2063 8
2829 2010 2870 2063 εἰ
2907 2011 3022 2063 add.
3050 2010 3191 2063 Diels

528 2096 559 2148 9
597 2094 754 2163 (τοῦτ’
795 2096 918 2150 αὐτὸ
956 2096 1188 2167 γίγνεται,
1228 2102 1361 2153 κατά
1405 2116 1515 2152 τινα
1552 2098 1860 2169 μεταβολὴν)
1896 2099 1953 2152 τὸ
1991 2100 2250 2153 Schwartz
2469 2101 2532 2153 10
2567 2099 2786 2153 fortasse
2821 2099 2952 2163 (καὶ)
2989 2097 3095 2150 ἐπεὶ

530 2202 587 2252 11
631 2200 674 2253 ει
708 2205 752 2254 Β
794 2203 954 2255 vien:
992 2189 1025 2272 ἦ
1066 2209 1130 2256 v=
1168 2204 1201 2273 ἡ
1241 2206 1370 2259 GFS
