3684 5567
549 1381 1092 1452 ΑΛΕΞΑΝΔΡΟΥ
1158 1380 1692 1450 ΑψΡοΔιΣιΕΩΣ
1760 1381 2117 1448 ΦΥΣιΚΩΝ
2186 1377 2602 1448 ΣΧοΛΙΚΩΝ
2666 1377 3021 1444 ΑΠΟΡΙΩΝ
3064 1345 3263 1452 ερὲῃῖοι.

1252 1501 1390 1568 KAl
1437 1501 1752 1568 ΛΥΣΕΩΝ
1799 1501 2131 1569 BIBAION
2184 1498 2509 1566 ΠΡΩΤΟΝ
3104 1467 3145 1504 ¹⁰·
3168 1453 3215 1495 ¹¹

1606 1621 2031 1688 ΚΕΦΑΛΑΙΑ
2080 1621 2087 1709 ι

593 1942 648 1981 α.
738 1917 844 1982 Διά
891 1919 1056 1980 τίνων
1103 1917 1173 1980 ἄν
1217 1941 1300 1985 τις
1347 1919 1634 2000 συστήσαι
1681 1917 1744 1978 τὸ
1791 1921 2021 2000 πρῶτον
2067 1915 2245 1979 αἴτιον
2298 1915 2443 1978 κατὰ
2483 1913 2876 1998 Ἀριστοτέλη.
3138 1916 3159 1972 l

480 2041 510 2089 5
603 2022 655 2105 β.
747 2021 888 2105 Περὶ
933 2019 1250 2106 χρώματός
1293 2044 1436 2084 τινα.

604 2149 687 2206 γ.,
746 2122 932 2188 Τίνων
980 2124 1227 2208 ὁρισμοί.

605 2229 654 2290 ὃ.
749 2225 996 2312 Σχόλιον
1065 2227 1124 2289 ἐν
1180 2225 1430 2310 διαλόγῳ
1493 2227 1624 2310 περὶ
1686 2229 1810 2301 τοῦ,
1876 2227 1930 2288 εἰ
1982 2226 2166 2288 πάντα
2231 2226 2437 2307 γίνοιτο
2494 2223 2631 2287 καθ’
2686 2223 3057 2308 εἱμαρμένην,

850 2330 1214 2414 ἀναιρεῖσθαι
1259 2331 1326 2392 τὸ
1373 2330 1610 2392 δυνατὸν
1657 2331 1753 2391 καὶ
1798 2327 2204 2413 ἐνδεχόμενον.

608 2457 654 2496 ε.
746 2434 853 2496 Διὰ
899 2437 954 2498 τί
993 2436 1032 2517 ἡ
1064 2433 1302 2516 αὔξησις
1343 2433 1492 2496 κατὰ
1537 2435 1601 2494 τὸ
1645 2431 1798 2502 εἶδος
1845 2431 2039 2514 μόνον,
2086 2431 2205 2494 ἀλλ’
2248 2431 2381 2516 οὐχὶ
2429 2432 2524 2495 καὶ
2556 2431 2702 2494 κατὰ
2748 2433 2851 2514 τὴν
2898 2430 3057 2513 ὕλην.
3091 2443 3144 2484 10

453 2557 516 2603 10
604 2559 654 2606 ς.
751 2535 886 2605 Πῶς
929 2537 981 2600 εἰ
1027 2539 1246 2616 μᾶλλον
1301 2537 1366 2598 τὸ
1426 2536 1580 2619 ὕδωρ
1637 2536 1794 2619 ὕδωρ
1848 2535 1995 2598 κατὰ
2051 2537 2115 2598 τὸ
2170 2537 2391 2619 ψυχρὸν
2464 2536 2501 2618 ἢ
2548 2535 2694 2598 κατὰ
2748 2535 2813 2597 τὸ
2871 2531 3061 2618 ὑγρόν,

859 2641 896 2722 ἡ
946 2641 1048 2721 μὲν
1094 2641 1175 2710 εἰς
1219 2641 1286 2704 τὸ
1333 2640 1550 2723 θερμὸν
1597 2639 1776 2702 αὐτοῦ
1828 2639 1897 2702 ἐκ
1939 2643 2041 2702 τοῦ
2087 2643 2319 2723 ψυχροῦ
2376 2638 2669 2723 μεταβολὴ
2724 2637 2791 2700 οὔ
2836 2636 3065 2720 φθείρει

851 2741 1014 2816 αὐτό,
1059 2745 1098 2826 ἡ
1145 2743 1210 2806 δὲ
1256 2743 1324 2806 ἐκ
1367 2747 1468 2806 τοῦ
1515 2743 1689 2825 ὑγροῦ
1735 2743 1818 2812 εἰς
1862 2744 1927 2806 τὸ
1976 2744 2207 2827 στερεὸν
2254 2743 2502 2826 φθείρει.
3094 2755 3147 2796 15

610 2851 659 2918 ζ.
752 2845 892 2915 Πῶς
935 2845 1042 2910 οὐκ
1087 2847 1315 2909 ἐναντία
1364 2847 1430 2909 τὸ
1489 2845 1636 2928 μέγα
1688 2847 1784 2909 καὶ
1835 2847 1903 2909 τὸ
1960 2845 2191 2930 μικρόν,
2254 2845 2317 2908 εἴ
2349 2869 2412 2928 γε
2458 2845 2542 2914 εἰς
2596 2843 2821 2908 ἐναντία
2876 2844 2977 2925 μὲν
3025 2844 3063 2924 ἡ

853 2949 1170 3035 μεταβολή,
1215 2950 1281 3012 τὸ
1329 2949 1394 3012 δὲ
1437 2945 1769 3035 αὐῘΕόμενον
1815 2950 1911 3013 καὶ
1952 2949 2289 3032 μειούμενον
2336 2949 2421 3018 εἰς
2465 2953 2645 3011 ταῦτα
2697 2947 3063 3032 μεταβάλλει.
3140 2955 3172 3008 2

456 3061 518 3121 1‘5
609 3077 668 3136 η.
761 3051 915 3135 Πρὸς
959 3055 1024 3115 τὸ
1072 3053 1153 3136 μὴ
1201 3051 1346 3115 εἶναι
1391 3054 1455 3115 τὸ
1501 3051 1654 3122 εἶδος
1697 3053 1758 3114 ἐν
1805 3057 1879 3134 τῇ
1928 3053 2037 3134 ὕλῃ
2086 3055 2165 3121 ὡς
2212 3051 2705 3136 ἐν.ὑποκειμένῳ.

601 3156 659 3219 θ.
753 3155 886 3225 Πῶς
932 3155 1068 3241 οὐχὶ
1113 3161 1190 3239 τῇ
1237 3155 1426 3239 εὐεξίᾳ
1471 3158 1510 3239 ἡ
1557 3155 1724 3225 νόσος
1767 3156 2075 3218 ἀντίκειται
2121 3159 2338 3238 μᾶλλον
2386 3159 2491 3238 τῆς
2536 3153 2826 3239 καχεξίας.
3112 3171 3141 3212 5

628 3283 664 3322 ι.
755 3257 894 3328 Πῶς
938 3259 990 3322 εἰ
1036 3259 1289 3344 τέσσαρα
1345 3258 1414 3321 τὰ
1459 3257 1641 3332 αἴτια,
1696 3259 1802 3322 οὐκ
1858 3257 2010 3321 ἔστιν
2065 3261 2161 3322 καὶ
2219 3259 2279 3321 ἐν
2334 3263 2453 3326 τοῖς
2498 3259 2680 3326 θείοις
2734 3259 2797 3320 τὸ
2845 3259 3067 3320 ὑποκεί-

861 3385 1029 3444 μενον
1078 3361 1207 3446 ὅλη.

584 3489 659 3529 ια.
750 3465 888 3534 Πῶς
931 3463 1154 3550 εἴρηται
1198 3465 1258 3528 ἐν
1303 3469 1422 3534 τοῖς
1467 3467 1597 3549 περὶ
1643 3471 1866 3550 ψυχῆς·
1920 3468 1996 3529 τὸ
2041 3467 2163 3549 γὰρ
2212 3470 2392 3552 ζῷον
2437 3467 2511 3528 τὸ
2557 3463 2865 3528 καθόλου
2912 3465 3067 3550 ἤτοι
3096 3483 3151 3524 10

457 3589 524 3636 20
862 3569 1067 3632 οὐδέν
1111 3569 1337 3648 ἐστιν,
1385 3569 1422 3652 ἢ
1472 3569 1778 3652 ὕστερον.

597 3673 671 3757 ιβ.
763 3671 902 3740 Πῶς
946 3670 1068 3735 οἷόν
1114 3694 1177 3734 τε
1207 3671 1332 3755 ἅμα
1373 3673 1470 3734 τὸν
1516 3672 1686 3735 αὐτὸν
1719 3673 1969 3756 ἥδεσθαι
2017 3674 2112 3735 καὶ
2146 3673 2475 3760 λυπεῖσθαι,
2520 3673 2574 3736 εἰ
2612 3673 2836 3736 ἐναντία
2867 3679 3065 3736 ταῦτα.

593 3799 662 3857 ιγ.
741 3771 870 3840 Ὅτι
917 3775 998 3858 μὴ
1031 3775 1248 3858 ὁμοίως
1293 3777 1442 3838 κατά
1483 3799 1547 3838 τε
1589 3776 1692 3844 τὰς
1735 3774 1916 3844 ἄλλας
1954 3776 2204 3859 αἱρέσεις
2247 3778 2343 3840 καὶ
2388 3774 2513 3840 κατ’
2548 3773 2886 3862 Ἐπίκουρον
2918 3779 3068 3842 εἰσοί-
3097 3795 3149 3837 ιτ»

855 3900 1014 3960 γεται
1058 3877 1132 3941 τὰ
1176 3881 1484 3962 χρώματα,
1533 3881 1615 3947 ὥς
1657 3876 1851 3962 ἔλεγεν
1898 3875 2273 3962 Κηνσωρῖνος
2318 3880 2349 3941 ὁ
2389 3877 2843 3964 Ἀκαδημαικός.

601 3983 670 4045 ιὸ.
745 3977 870 4046 ’Ότι
913 3977 1048 4044 καθ’
1103 3979 1201 4050 οὓς
1249 3979 1421 4064 μόνον
1477 3982 1542 4043 τὸ
1587 3983 1763 4044 καλὸν
1807 3982 2028 4064 ἀγαθόν
2083 3982 2264 4056 ἐστιν,
2320 3982 2485 4045 οὐδὲν
2541 3985 2595 4045 οἱ
2641 3984 2768 4047 θεοὶ
2814 3989 2933 4052 τοῖς
2978 3986 3068 4048 ἀν-

459 4105 524 4154 25
865 4085 1127 4168 θρώποις
1170 4083 1522 4170 παρέχουσιν
1568 4083 1808 4167 ἀγαθόν.

461 4344 484 4395 l
526 4343 830 4416 ἀφροδισέως
855 4345 922 4406 V,
962 4340 1050 4394 sed
1087 4342 1222 4394 idem
1260 4342 1384 4394 iude
1421 4358 1454 4394 a
1488 4341 1622 4395 libro
1659 4341 1886 4395 secundo
1911 4341 2238 4412 ἀφροδισιέως
2417 4343 2692 4416 σχολικῶν]
2732 4344 2855 4397 inde
2881 4345 3068 4398 alibro
3096 4361 3174 4398 se-

457 4432 630 4484 cundo
655 4430 871 4503 σχολίων
891 4434 940 4482 V
1103 4431 1138 4482 4
1163 4430 1400 4500 συστήσαι
1425 4429 1482 4482 τὸ
1504 4429 1574 4482 13²
1599 4431 1713 4498 Sp.:
1743 4430 2042 4499 συστήσαιτο
2069 4431 2187 4483 libri
2357 4427 2696 4502 Ἀριστοτέλην
2722 4451 2754 4484 a
2780 4433 2867 4500 Sp.
3036 4433 3067 4484 5
3102 4432 3173 4484 τί-

457 4539 562 4571 νων
585 4519 703 4572 εἰσιν
730 4519 777 4571 οἱ
801 4518 992 4587 ὁρισμοὶ
1017 4518 1200 4570 titulus
1228 4519 1386 4586 capiti
1415 4519 1567 4570 tertio
1595 4517 1859 4586 praefixus
2020 4518 2051 4571 8
2088 4537 2141 4570 τε
2168 4520 2253 4570 καὶ
2278 4519 2359 4571 tit.
2526 4520 2591 4573 10
2616 4517 2751 4588 ὕδωρ
2779 4520 2933 4572 semel
2961 4539 2992 4571 a
3018 4521 3103 4588 Sp.

458 4607 492 4675 ἡ
524 4607 656 4660 vict.
695 4623 726 4658 a
761 4607 876 4675 Sp.:
932 4604 992 4658 οὒ
1025 4605 1174 4658 codd.
1341 4607 1393 4658 ll
1448 4607 1491 4658 εἰ
1536 4607 1625 4673 μὲν
1667 4625 1700 4658 a
1866 4607 1926 4660 13
1972 4606 2179 4658 ἐναντίω
2214 4626 2246 4658 a
2403 4607 2460 4659 τό
2504 4626 2556 4660 τε
2596 4608 2721 4678 μέγα
2757 4609 2837 4661 tit.
2997 4610 3082 4660 καὶ
3118 4609 3175 4662 τὸ

461 4708 561 4746 om.
597 4712 630 4746 a
819 4695 882 4747 14
918 4711 1078 4746 ταυτα
1120 4697 1163 4744 V
1345 4693 1408 4747 15
1447 4713 1517 4764 μη
1555 4697 1604 4746 V
1788 4695 1851 4747 17
1889 4695 2103 4764 τέτταρα
2139 4713 2171 4745 a
2346 4693 2499 4753 θείοις
2544 4697 2740 4764 σώμασι
2776 4696 2857 4748 tit.
3040 4697 3103 4749 18
3142 4698 3175 4768 ἡ

463 4778 556 4850 ὅλη
595 4782 731 4834 vict.
767 4781 854 4850 Sp.
1030 4779 1090 4832 19
1128 4779 1252 4848 τοῖς]
1291 4781 1369 4850 τῷ
1403 4793 1436 4833 α
1481 4783 1562 4834 tit.
1600 4781 1686 4850 Sp.
1868 4783 1929 4834 21
1971 4785 2049 4852 τε]
2086 4787 2168 4836 τὰι
2205 4785 2279 4835 sic
2316 4787 2365 4834 V
2543 4783 2609 4835 22
2648 4784 2853 4849 αἱρέσεις
2891 4800 2988 4836 om.
3026 4787 3107 4837 tit.

463 4868 528 4921 24
569 4869 653 4927 οὒς
689 4870 768 4922 tit.
808 4888 840 4921 a
865 4869 978 4936 Sp.:
1020 4866 1079 4920 οὗ
1117 4871 1165 4918 V

572 4977 718 5027 Suppl.
747 4978 877 5016 Arist.
906 4977 946 5016 11
975 4973 1003 5016 2
1057 4978 1178 5016 Alex.
1209 4978 1369 5026 scripta
1401 4978 1576 5016 minora.
2094 4973 2099 4978 ’
2742 4961 2769 5022 1
