3684 5567
570 259 653 324 98
1536 256 1838 314 Anoplex
1879 256 1926 313 K
1937 256 2002 312 Al
2040 257 2306 313 Arxmx

680 436 795 495 τῶν
842 432 1195 516 ἐγγενέσθαι,
1238 432 1359 497 οὐδ’
1394 432 1464 497 ἂν
1508 434 1699 517 ἐκείνη
1744 435 1926 518 κρίνοι
1967 432 2038 497 ἂν
2083 432 2174 517 [ἐν
2217 431 2290 519 ἡ]
2335 434 2602 497 τάναντία
2631 438 2716 519 τῷ
2763 434 2846 517 μὴ
2890 432 3164 502 δέξασθαι

674 536 943 600 τάναντία
984 537 1109 619 ἅμα
1136 537 1259 599 οἶόν
1286 560 1351 600 τε
1378 536 1551 601 εἶναι·
1598 538 1725 600 ἐπεὶ
1768 534 1821 597 δ’
1855 536 1918 598 ἐν
1949 536 2052 619 μὲν
2083 541 2170 621 τῷ
2201 537 2566 621 αἰσθητηρίφ
2609 536 2682 599 τὰ
2725 537 2888 619 πάθη
2931 536 3161 617 γίνεται,

674 638 713 721 ἡ
758 640 825 701 δὲ
866 647 982 703 τῶν
1036 641 1097 703 ἐν
1140 641 1327 725 τούτῳ
1370 640 1686 723 γινομένων
1738 638 1920 723 κρίσις
1971 641 2032 703 ἐν
2081 644 2162 723 τῇ
2215 642 2457 723 δυνάμει
2507 640 2608 723 (οὐ
2651 639 2760 722 γὰρ
2803 639 2924 701 οἷόν
2967 662 3032 701 τε.
3073 636 3158 701 ἔτι
3211 654 3242 695 5

672 744 841 804 τοῦτο
886 744 957 805 τὰ
1002 744 1167 828 πάθη
1214 744 1497 829 δέχεσθαι
1539 744 1613 805 τὰ
1656 743 1960 825 σωματικὰ
2003 740 2068 805 ὃν
2101 744 2464 827 ἀσώματον),
2509 743 2674 806 οὐδὲν
2719 745 3042 805 κεκώλυται
3085 741 3154 803 τὰ

602 862 635 911 5
674 842 735 905 ἐν
779 850 863 930 τῷ
908 848 1273 931 αἰσθητηρίῳ
1317 845 1587 929 γινόμενα
1628 844 1755 910 κατ’
1804 844 1948 908 ἄλλο
1991 847 2088 909 καὶ
2130 844 2258 908 κατ’
2299 843 2444 907 ἄλλο
2489 844 2661 928 μέρος
2703 845 2829 927 ἅμα
2869 844 3076 928 κρίνειν
3119 845 3158 925 ἡ

674 947 911 1032 δύναμις
951 952 989 1033 ἡ
1038 952 1251 1019 παντὸς
1290 948 1489 1011 αὐτοῦ.
1578 951 1617 1032 ἡ
1662 950 1771 1031 γὰρ
1818 947 2088 1033 αἴσθησις
2137 947 2319 1032 κρίσις
2361 948 2484 1011 ἐστὶ
2529 954 2633 1032 τῆς
2675 948 3020 1030 αἰσθητικῆς
3061 949 3156 1009 δυ-
3181 962 3238 1003 10

668 1052 899 1133 νάμεως
926 1058 1043 1116 τῶν
1073 1052 1369 1135 αἰσθητῶν
1403 1052 1499 1115 διὰ
1526 1056 1643 1114 τῶν
1672 1050 1922 1136 [αὐτῶν]
1965 1052 2028 1115 ἐν
2066 1058 2152 1137 τῷ
2187 1052 2550 1135 αἰσθητηρίῳ
2593 1050 2906 1133 γινομένων
2949 1050 3156 1113 παθῶν

664 1152 739 1215 δι’
794 1156 1005 1232 αὐτῶν,
1057 1155 1272 1238 γίνεται
1315 1156 1381 1217 δὲ
1423 1155 1609 1223 οὕτως
1650 1155 1689 1237 ἡ
1736 1154 1884 1237 αὐτὴ
1929 1156 2026 1218 καὶ
2071 1156 2176 1238 μία
2217 1156 2456 1237 δύναμις
2497 1154 2710 1217 πολλαί
2745 1175 2872 1222 πως
2915 1153 3038 1235 ἅμα
3079 1178 3157 1235 γι·

662 1256 876 1341 νομένη
929 1263 1013 1344 τῷ
1067 1265 1185 1322 τῶν
1240 1255 1377 1321 καθ’
1434 1257 1675 1321 ἕκαστον
1738 1256 1914 1341 μέρος
1971 1262 2073 1321 τοῦ
2133 1259 2516 1342 αἰσθητηρίου
2573 1258 2784 1319 παθῶν
2843 1256 3154 1339 γινομένων
3184 1272 3238 1314 15

568 1378 629 1426 ιο
664 1360 788 1443 ἅμα
832 1367 1013 1425 ποιεῖν
1056 1362 1345 1444 αἰσθητὴν
1390 1360 1591 1444 κρίσιν.
1658 1382 1699 1441 η
1738 1358 1848 1443 γὰρ
1891 1360 2160 1443 κρίνουσα
2205 1360 2441 1443 δύναμις
2484 1362 2552 1424 τὸ
2579 1362 2730 1423 κατά
2769 1383 2826 1422 τι
2869 1358 2932 1421 ἓν
2979 1358 3154 1443 μέρος

658 1467 762 1526 τοῦ
804 1464 1187 1550 αἰσθητηρίου
1215 1463 1507 1547 γινόμενον
1554 1464 1743 1531 πάθος
1784 1461 1934 1545 αὐτὴ
1981 1464 2158 1547 κρίνει
2198 1465 2294 1528 καὶ
2339 1464 2412 1528 τὰ
2446 1464 2593 1527 κατὰ
2635 1465 2820 1525 πάντα
2864 1461 2936 1525 τὰ
2981 1460 3154 1545 μύρια

662 1564 786 1649 ἅμα
832 1566 947 1649 [δ’]
992 1566 1169 1631 αὐτοῦ
1209 1568 1481 1650 γινόμενα
1524 1568 1710 1651 πάθη,
1755 1590 1793 1649 η
1838 1564 1989 1649 αὐτὴ
2034 1568 2130 1629 καὶ
2175 1566 2280 1649 μία
2327 1569 2425 1631 καὶ
2467 1566 2682 1630 πολλαί
2717 1588 2844 1635 πως
2883 1565 3152 1649 γινομένη
3179 1580 3238 1622 20

658 1668 807 1731 κατὰ
850 1672 954 1754 τὴν
998 1676 1113 1734 τῶν
1160 1676 1351 1754 μερῶν
1397 1674 1499 1733 τοῦ
1546 1669 1932 1755 αἰσθητηρίου
1977 1670 2128 1733 καθὸ
2171 1672 2390 1755 πάσχει
2441 1671 2734 1754 διαίρεσιν,
2801 1672 2884 1737 ὡς
2935 1668 3150 1749 ἐγίνετο

658 1774 755 1835 καὶ
796 1774 863 1863 τὸ
910 1778 1151 1857 σημεῖον
1204 1774 1265 1837 ἓν
1314 1772 1379 1836 ὃν
1422 1772 1612 1835 πολλὰ
1664 1772 1813 1835 κατὰ
1865 1773 1932 1835 τὸ
1977 1774 2203 1856 πλῆθος
2255 1778 2371 1836 τῶν
2422 1778 2706 1856 γραμμῶν
2759 1770 3150 1855 διαιρούμενον

555 1894 615 1942 15
654 1876 735 1938 ὧν
781 1874 874 1960 [ἡ]
918 1877 1139 1960 ἑκάστη
1182 1876 1377 1961 πέρας.

652 2080 731 2145 Χ.
821 2079 991 2166 Περὶ
1034 2082 1395 2166 θαλάσσης
1438 2082 1515 2145 ἐκ
1556 2088 1689 2145 τῶν
1734 2079 2401 2166 Μετεωρολογικῶν.
3171 2096 3225 2138 εε

809 2236 1182 2321 Προθέμενος
1213 2238 1271 2302 ἐν
1300 2244 1389 2324 τῷ
1422 2237 1679 2323 δευτέρῳ
1704 2242 1819 2301 τῶν
1838 2236 2387 2322 Μετεωρολοιγικῶν
2415 2240 2594 2302 εἰπεῖν
2627 2241 2759 2324 περὶ
2789 2238 3106 2321 θαλάσσης,
3151 2245 3252 2303 188

646 2340 746 2410 τίς
774 2364 837 2405 τε
864 2342 903 2425 ἡ
935 2342 1140 2427 φύσις
1170 2342 1387 2426 αὐτῆς
1428 2344 1545 2406 καὶ
1575 2342 1687 2405 διὰ
1730 2341 1879 2404 τίνα
1919 2342 2155 2405 αἰτίαν
2185 2347 2517 2406 τοσοῦτον
2563 2344 2868 2429 ἁλμυρὸν
2901 2342 3149 2411 ὕδατός

649 2444 797 2509 ἐστι
840 2446 1146 2529 πλῆθος,
1190 2450 1418 2531 πρῶτον
1462 2446 1565 2515 τὰς
1609 2447 1740 2529 περὶ
1770 2446 1952 2529 αὐτῆς
1981 2446 2602 2531 προκαταβεβλημένας
2639 2444 2808 2515 δόξας
2836 2446 3146 2530 παρέθετο,

540 2567 607 2615 2ο
646 2548 729 2612 ὦν
772 2550 812 2633 ἡ
862 2550 965 2633 μὲν
1012 2554 1126 2613 τῶν
1182 2550 1471 2631 θεολόγων
1526 2549 1716 2633 πηγὰς
1768 2548 1986 2617 οἰκείας
2039 2548 2232 2631 ἔλεγεν
2285 2547 2443 2634 ἔχειν
2497 2550 2602 2632 τὴν
2649 2550 2974 2628 θάλασσαν,
3027 2554 3143 2612 τῶν
3195 2564 3224 2607 s

646 2652 711 2716 δὲ
754 2656 1014 2736 φυσικῶν
1068 2654 1123 2715 οἱ
1167 2654 1271 2736 μὲν
1315 2652 1495 2736 αὐτὴν
1550 2652 1836 2735 γεγονέναι
1883 2650 2080 2735 ἔλεγον
2135 2652 2204 2715 ἐκ
2257 2658 2362 2735 τῆς
2413 2657 2633 2738 πολλῆς
2685 2652 2994 2739 ὑγρότητος
3037 2658 3141 2737 τῆς

641 2756 772 2841 περὶ
817 2757 921 2839 τὴν
964 2762 1072 2841 γῆν
1114 2756 1474 2841 ἀναχθείσης
1526 2756 1638 2819 ὑπὸ
1694 2760 1797 2839 τῆς
1849 2754 2023 2841 [ἀπὸ]
2070 2760 2173 2819 τοῦ
2215 2757 2380 2840 ἡλίου
2425 2758 2708 2839 κίνησεώς
2759 2780 2823 2819 τε
2869 2756 2964 2819 καὶ
3009 2756 3138 2840 θερ-

641 2857 910 2943 μότητος,
942 2859 1393 2943 ὑπολειφθείσης
1422 2860 1487 2921 δὲ
1516 2860 1746 2944 ταύτης,
1783 2861 1854 2943 ἣν
1893 2864 2183 2942 καλοῦμεν
2215 2860 2534 2935 θάλασσαν,
2579 2862 2632 2923 οἱ
2664 2861 2728 2923 δὲ
2767 2862 3138 2945 θερμαινο-
3166 2875 3220 2917 1⁰

647 2961 862 3043 μένης
906 2963 1045 3045 φασὶ
1089 2966 1210 3045 τῆς
1260 2966 1388 3045 γῆς
1432 2961 1543 3024 ὑπὸ
1590 2968 1693 3046 τῆς
1735 2962 2022 3045 κινήσεως
2064 2968 2166 3026 τοῦ
2209 2964 2375 3046 ἡλίου
2420 2965 2636 3048 ἱδρῶτα
2689 2964 3027 3048 ἐκκριθῆναι
3072 2964 3138 3025 τὸ

538 3082 602 3131 25
640 3064 799 3149 ὕδωρ
842 3070 1040 3141 τοῦτο,
1098 3064 1129 3129 ὃ
1184 3068 1441 3128 καλεῖται
1494 3066 1771 3129 θάλαττα.
1861 3066 1957 3129 διὰ
2011 3070 2180 3130 τοῦτο
2233 3067 2340 3151 γὰρ
2397 3068 2494 3129 καὶ
2549 3066 2805 3151 ἁλμυρὸν
2862 3067 2927 3129 τὸ
2983 3066 3138 3150 ὕδωρ

642 3167 806 3243 εἶναι,
852 3166 941 3231 ὅτι
983 3168 1078 3231 καὶ
1126 3168 1157 3229 ὁ
1200 3169 1395 3251 ἱδρώς.
1470 3170 1527 3231 οἱ
1570 3168 1637 3231 δὲ
1678 3174 1785 3252 τῆς
1830 3168 2226 3255 ἁλμυρότητος
2269 3172 2373 3253 τὴν
2417 3176 2524 3254 γῆν
2573 3170 2666 3233 καὶ
2711 3171 2814 3253 τὴν
2859 3168 3138 3255 ποιότητα
3165 3185 3220 3228 15

642 3272 749 3353 τὴν
794 3270 1002 3355 ταύτης
1046 3272 1359 3335 αἰτιῶνται.
1425 3273 1489 3335 τὸ
1537 3272 1645 3356 γὰρ
1686 3273 1839 3357 ὕδωρ
1887 3272 2016 3357 ῥέον
2063 3271 2140 3337 δι’
2182 3271 2364 3355 αὐτῆς
2405 3274 2699 3343 τοιούτους
2745 3274 2878 3343 τοὺς
2905 3274 3135 3359 χυμοὺς

638 3374 939 3457 λαμβάνει,
986 3375 1221 3445 ὁποίους
1268 3374 1335 3438 ἂν
1382 3372 1500 3461 ἔχῃ
1547 3376 1643 3439 καὶ
1688 3378 1725 3459 ἡ
1771 3381 1868 3459 γῆ,
1916 3374 1984 3440 δι’
2039 3376 2111 3460 ἧς
2155 3376 2328 3439 δίεισί
2364 3398 2426 3439 τε
2469 3378 2566 3439 καὶ
2611 3378 2915 3461 διηθεῖται.
2985 3373 3122 3459 μεθ’

638 3476 676 3539 ἃ
720 3476 931 3554 δείξας,
986 3476 1075 3541 ὅτι
1120 3479 1201 3562 μὴ
1249 3476 1377 3565 ἔχει
1422 3479 1610 3563 πηγὰς
1653 3480 1867 3547 οἰκείας
1911 3503 1948 3563 η·
1995 3480 2265 3543 θάλασσα
2317 3482 2402 3563 τῷ
2450 3483 2563 3543 πᾶν
2611 3481 2712 3561 μὲν
2765 3482 2831 3543 τὸ
2876 3485 3122 3565 πηγαῖον

532 3597 597 3645 30
637 3580 812 3663 ὕδωρ,
857 3580 908 3642 εἰ
955 3581 1057 3663 μὲν
1088 3578 1413 3662 αὐτόματον
1457 3578 1525 3666 ᾗ,
1570 3582 1842 3668 ἀπορρεῖν
1892 3605 1953 3645 τε
1998 3584 2113 3645 ἀπὸ
2157 3588 2273 3646 τῶν
2304 3587 2526 3665 πηγῶν,
2572 3582 2678 3667 ἀφ’
2733 3584 2813 3646 ὧν
2859 3582 3121 3668 ἄρχεται,
3156 3598 3213 3639 2⁰

634 3683 730 3746 καὶ
779 3684 1183 3767 μεθίστασθαι,
1235 3688 1301 3749 τὸ
1346 3685 1399 3749 δ’
1458 3684 1593 3749 ὅσον
1640 3686 1746 3749 οὐκ
1790 3688 2035 3771 ἀπορρεῖ
2073 3684 2459 3770 χειρόκμητον
2505 3685 2650 3749 εἶναι
2695 3688 2790 3749 καὶ
2835 3685 2941 3749 οὐκ
2985 3684 3129 3749 αὐτὸ

635 3786 807 3869 φύσει
852 3788 1119 3868 (τοιαῦτα
1163 3788 1269 3872 γὰρ
1314 3788 1387 3851 τὰ
1430 3788 1701 3873 φρέατα),
1758 3790 1862 3873 τὴν
1908 3790 1973 3853 δὲ
2018 3790 2316 3853 θάλασσαν
2371 3790 2518 3874 μήτε
2564 3794 2678 3852 τῶν
2723 3791 3128 3873 χειροκμήτων

632 3888 777 3953 εἶναι
824 3890 973 3973 μήτε
1015 3894 1130 3953 τῶν
1176 3892 1509 3977 φερομένων
1558 3916 1619 3955 τε
1663 3893 1757 3955 καὶ
1804 3892 2241 3976 μεθισταμένων
2287 3916 2328 3955 -sr-
2369 3914 2412 3953 ᾶε
2459 3914 2516 3954 κ.
2607 3892 2699 3953 διὰ
2729 3891 2837 3976 γὰρ
2880 3896 2984 3975 τῆς
3029 3892 3129 3955 θα·
3157 3908 3212 3951 25

631 3994 853 4077 λάσσης
897 3996 1145 4079 κινήσεις
1178 4018 1240 4059 τε
1270 3996 1366 4059 καὶ
1399 3996 1881 4080 ἀντιπεριστάσεις
1922 3998 1982 4058 αἱ
2029 3996 2132 4079 μὲν
2172 3996 2419 4079 γίνονται
2461 3999 2562 4059 τοῦ
2611 3992 2618 4081 Ι
2667 3994 2841 4060 αὐτοῦ
2887 3996 3093 4064 ὕδατος
3135 4002 3234 4061 189

524 4114 589 4163 35
630 4096 1037 4182 μεταρρέοντος
1087 4097 1151 4183 (δ
1197 4098 1490 4182 γινόμενον
1546 4100 1606 4163 ἐν
1650 4102 1811 4183 πάσῃ
1859 4100 2131 4183 θαλάσση
2177 4102 2422 4185 φανερὸν
2469 4102 2609 4184 ἡμῖν
2652 4100 2860 4182 γίνεται
2903 4098 2964 4161 ἐν
3008 4102 3128 4168 τοῖς

526 4268 547 4319 1
590 4266 870 4337 ἐγγενέσθαι
896 4268 1062 4324 G²S²a
1086 4268 1199 4337 Sp.:
1238 4272 1289 4324 lv
1314 4274 1498 4342 γενέσει
1519 4276 1793 4329 VBFG¹S¹
1937 4276 1990 4328 ἐν
2014 4272 2048 4345 ᾗ
2076 4274 2484 4343 circumscripsi:
2523 4273 2742 4341 fortasse
2767 4271 2896 4343 αἰντὴ
3039 4272 3072 4325 2
3107 4274 3232 4325 εἶναι

520 4356 730 4422 scripsi:
769 4374 819 4409 τι
844 4357 963 4409 libri
1105 4356 1137 4410 5
1174 4358 1368 4428 fiVict.
1395 4364 1456 4413 S:
1494 4380 1526 4431 η
1556 4365 1620 4413 V:
1656 4362 1690 4429 ἢ
1718 4379 1751 4413 a
1891 4362 1921 4413 7
1962 4361 2128 4415 αὒτῶν
2154 4362 2319 4416 delevi
2466 4362 2532 4415 10
2567 4360 2835 4435 αἰσθητὴν]
2871 4360 3091 4414 fortasse
3115 4361 3230 4432 (τὴν

516 4444 643 4505 τῶν)
680 4442 936 4513 αἰσθητῶν
1084 4444 1146 4497 12
1184 4442 1234 4497 δ’
1276 4448 1437 4501 delevi
1580 4450 1796 4503 fortasse
1834 4448 1977 4521 αὐτῷ’
2125 4450 2185 4503 13
2225 4448 2450 4521 διαίρεσιν
2489 4449 2562 4505 (3⁹
2597 4451 2757 4503 Vict.:
2795 4448 2995 4517 διαιρεῖν
3037 4448 3157 4502 libri

520 4529 582 4581 15
621 4529 693 4583 ὧν
720 4530 1005 4585 Schwartz:
1045 4532 1117 4584 ὧν
1145 4532 1178 4603 ἠ
1209 4534 1353 4587 libri:
1393 4534 1449 4587 ὂν
1480 4536 1615 4590 Vict.
1761 4537 1821 4588 17
1865 4536 1917 4588 ἐν
1954 4540 2030 4608 τῷ
2057 4536 2297 4608 δευτέρῳ]
2324 4539 2484 4591 Arist.
2509 4540 2627 4592 Met.
2652 4539 2718 4603 11,
2747 4536 2880 4589 1—3
2917 4536 3226 4603 (353n31—

516 4615 615 4669 359
632 4618 759 4686 1226)
894 4620 953 4671 19
981 4625 1093 4689 πρῶ
1120 4620 1207 4673 τὸν
1228 4626 1274 4673 V
1400 4622 1464 4673 22
1491 4620 1791 4697 ἀναχθείσης
1817 4622 2100 4676 Schwartz:
2127 4624 2414 4697 ἐνεχθείσης
2437 4626 2558 4679 libri
2681 4628 2772 4677 τοῦ
2792 4625 2908 4692 Sp.:
2935 4623 3035 4676 ἀπὸ
3053 4628 3226 4695 τῆσῖῙε

512 4702 613 4757 ἀπὸ
636 4710 725 4757 τοῦ
751 4724 783 4757 a
908 4705 973 4757 29
1012 4706 1117 4777 ἔχει
1143 4708 1257 4773 Sp.:
1295 4708 1387 4778 ἔχῃ
1415 4709 1536 4762 libri
1668 4710 1737 4764 30
1774 4710 2005 4783 ἀπορρεῖν
2030 4712 2158 4781 Sp.:⁴
2183 4715 2390 4787 ἀπορρεῖ
2413 4714 2535 4767 libri
2657 4712 2720 4765 31
2763 4710 3090 4780 μεθίστασθαι
3107 4712 3225 4781 Sp.=

514 4788 805 4859 μεθίσταται
831 4792 951 4846 libri
1076 4796 1401 4867 χειρότμητον
1430 4800 1475 4847 V
1512 4798 1661 4863 (corr.
1685 4798 1771 4866 Sp.
1800 4816 1863 4852 ex
1893 4802 2074 4867 Arist.)
2206 4801 2301 4855 οὐκ
2339 4799 2462 4854 αὐτὸ
2489 4800 2634 4868 (αὐτο
2654 4798 2753 4869 V)]
2776 4798 2998 4853 fortasse
3027 4799 3086 4853 οὐ
3111 4802 3226 4854 στά-

513 4892 655 4947 σιμον
800 4878 867 4933 33
904 4884 1158 4935 excidisse
1194 4886 1398 4937 videtur
1432 4885 1526 4953 τὴν
1564 4885 1725 4937 αἰτίαν
1762 4886 2020 4939 ἀπέδωκεν
2057 4892 2147 4957 τῆς
2185 4887 2486 4958 φαινομένης
2522 4891 2614 4957 τῆς
2650 4883 2904 4958 θαλάσσης
2938 4887 3130 4959 ῥύσεως
