<?xml version="1.0" encoding="UTF-8"?>
<!DOCTYPE html PUBLIC "-//W3C//DTD XHTML 1.0 Transitional//EN"
    "http://www.w3.org/TR/xhtml1/DTD/xhtml1-transitional.dtd">
<html xmlns="http://www.w3.org/1999/xhtml" xml:lang="en" lang="en">
 <head>
  <title>
</title>
<meta http-equiv="Content-Type" content="text/html;charset=utf-8" />
  <meta name='ocr-system' content='tesseract 3.04.00' />
  <meta name='ocr-capabilities' content='ocr_page ocr_carea ocr_par ocr_line ocrx_word'/>
</head>
<body>
  <div class='ocr_page' id='page_1' title='image "./supplementumari00wissgoog_0135.png"; bbox 0 0 3684 5567; ppageno 0'>
   <div class='ocr_carea' id='block_1_1' title="bbox 1458 254 3206 321">
    <p class='ocr_par' dir='ltr' id='par_1_1' title="bbox 1458 254 3206 321">
     <span class='ocr_line' id='line_1_1' title="bbox 1458 254 3206 321; baseline -0.001 -10"><span class='ocrx_word' id='word_1_1' title='bbox 1458 254 1740 312; x_wconf 83' lang='grc' dir='ltr'>ΒΙΒΛΙΟΝ</span> <span class='ocrx_word' id='word_1_2' title='bbox 1776 254 2138 313; x_wconf 79' lang='grc' dir='ltr'>ΔΕΥΤΕΡΟΝ</span> <span class='ocrx_word' id='word_1_3' title='bbox 2177 258 2238 310; x_wconf 89' lang='grc'>21</span> <span class='ocrx_word' id='word_1_4' title='bbox 3127 258 3206 321; x_wconf 81' lang='grc'>67</span> 
     </span>
    </p>
   </div>
   <div class='ocr_carea' id='block_1_2' title="bbox 529 416 3184 1241">
    <p class='ocr_par' dir='ltr' id='par_1_2' title="bbox 529 416 3184 1241">
     <span class='ocr_line' id='line_1_2' title="bbox 600 416 3106 514; baseline 0 -24"><span class='ocrx_word' id='word_1_5' title='bbox 600 429 785 509; x_wconf 86' lang='grc' dir='ltr'>μένων</span> <span class='ocrx_word' id='word_1_6' title='bbox 840 435 1080 512; x_wconf 89' lang='grc' dir='ltr'>σημεῖον</span> <span class='ocrx_word' id='word_1_7' title='bbox 1128 428 1273 492; x_wconf 83' lang='grc' dir='ltr'>εἶναι</span> <span class='ocrx_word' id='word_1_8' title='bbox 1317 431 1524 493; x_wconf 82' lang='grc' dir='ltr'><strong>δοκεῖν.</strong></span> <span class='ocrx_word' id='word_1_9' title='bbox 1618 430 1653 513; x_wconf 79' lang='grc' dir='ltr'><strong>ἢ</strong></span> <span class='ocrx_word' id='word_1_10' title='bbox 1700 431 1807 514; x_wconf 83' lang='grc' dir='ltr'>γὰρ</span> <span class='ocrx_word' id='word_1_11' title='bbox 1855 431 1960 493; x_wconf 79' lang='grc' dir='ltr'>οὐκ</span> <span class='ocrx_word' id='word_1_12' title='bbox 2012 431 2109 493; x_wconf 85' lang='grc' dir='ltr'>ἐπὶ</span> <span class='ocrx_word' id='word_1_13' title='bbox 2165 431 2381 493; x_wconf 86' lang='grc' dir='ltr'>τούτων</span> <span class='ocrx_word' id='word_1_14' title='bbox 2427 432 2523 494; x_wconf 86' lang='grc' dir='ltr'>καὶ</span> <span class='ocrx_word' id='word_1_15' title='bbox 2569 435 2684 493; x_wconf 90' lang='grc' dir='ltr'>τῶν</span> <span class='ocrx_word' id='word_1_16' title='bbox 2737 416 2922 497; x_wconf 77' lang='grc' dir='ltr'>οὕτως</span> <span class='ocrx_word' id='word_1_17' title='bbox 2965 451 3106 511; x_wconf 88' lang='grc' dir='ltr'>γινο·</span> 
     </span>
     <span class='ocr_line' id='line_1_3' title="bbox 600 532 3184 618; baseline 0.001 -25"><span class='ocrx_word' id='word_1_18' title='bbox 600 532 787 615; x_wconf 88' lang='grc' dir='ltr'>μένων</span> <span class='ocrx_word' id='word_1_19' title='bbox 831 538 1260 617; x_wconf 70' lang='grc' dir='ltr'>κατηγοροῦμεν</span> <span class='ocrx_word' id='word_1_20' title='bbox 1304 535 1370 597; x_wconf 82' lang='grc' dir='ltr'>τὸ</span> <span class='ocrx_word' id='word_1_21' title='bbox 1416 534 1812 618; x_wconf 86' lang='grc' dir='ltr'>συμβεβηκός;</span> <span class='ocrx_word' id='word_1_22' title='bbox 3129 547 3184 588; x_wconf 84' lang='lat'>1⁰</span> 
     </span>
     <span class='ocr_line' id='line_1_4' title="bbox 776 633 3106 721; baseline -0.002 -21"><span class='ocrx_word' id='word_1_23' title='bbox 776 634 1084 705; x_wconf 84' lang='grc' dir='ltr'>Κάκεῖνος·</span> <span class='ocrx_word' id='word_1_24' title='bbox 1130 637 1236 700; x_wconf 80' lang='grc' dir='ltr'>οὐκ</span> <span class='ocrx_word' id='word_1_25' title='bbox 1276 633 1367 699; x_wconf 80' lang='grc' dir='ltr'>ἐπ’</span> <span class='ocrx_word' id='word_1_26' title='bbox 1411 636 1604 699; x_wconf 78' lang='grc' dir='ltr'>ἄλλων</span> <span class='ocrx_word' id='word_1_27' title='bbox 1652 637 1775 719; x_wconf 87' lang='grc' dir='ltr'>μέν.</span> <span class='ocrx_word' id='word_1_28' title='bbox 1867 638 1970 719; x_wconf 84' lang='grc' dir='ltr'>τὴν</span> <span class='ocrx_word' id='word_1_29' title='bbox 2015 642 2151 719; x_wconf 89' lang='grc' dir='ltr'>γοῦν</span> <span class='ocrx_word' id='word_1_30' title='bbox 2197 637 2380 721; x_wconf 89' lang='grc' dir='ltr'>τύχην</span> <span class='ocrx_word' id='word_1_31' title='bbox 2426 636 2570 699; x_wconf 85' lang='grc' dir='ltr'>κατὰ</span> <span class='ocrx_word' id='word_1_32' title='bbox 2617 636 2984 720; x_wconf 81' lang='grc' dir='ltr'>συμβεβηκὸς</span> <span class='ocrx_word' id='word_1_33' title='bbox 3027 634 3106 697; x_wconf 86' lang='grc' dir='ltr'>αἰ-</span> 
     </span>
     <span class='ocr_line' id='line_1_5' title="bbox 596 738 3106 824; baseline -0.001 -22"><span class='ocrx_word' id='word_1_34' title='bbox 596 740 719 803; x_wconf 83' lang='grc' dir='ltr'>τίαν</span> <span class='ocrx_word' id='word_1_35' title='bbox 754 740 898 804; x_wconf 79' lang='grc' dir='ltr'>εἶναι</span> <span class='ocrx_word' id='word_1_36' title='bbox 943 742 1203 823; x_wconf 87' lang='grc' dir='ltr'>λέγοντες</span> <span class='ocrx_word' id='word_1_37' title='bbox 1246 739 1293 822; x_wconf 86' lang='lat'><strong>†</strong></span> <span class='ocrx_word' id='word_1_38' title='bbox 1322 740 1427 802; x_wconf 84' lang='grc' dir='ltr'>οὐκ</span> <span class='ocrx_word' id='word_1_39' title='bbox 1458 738 1693 803; x_wconf 86' lang='grc' dir='ltr'>ἔλαττον</span> <span class='ocrx_word' id='word_1_40' title='bbox 1740 740 1920 824; x_wconf 81' lang='grc' dir='ltr'>αὐτὴν</span> <span class='ocrx_word' id='word_1_41' title='bbox 1967 742 2232 824; x_wconf 76' lang='grc' dir='ltr'>ὁρίζομεν</span> <span class='ocrx_word' id='word_1_42' title='bbox 2260 746 2378 803; x_wconf 90' lang='grc' dir='ltr'>-τοῦ</span> <span class='ocrx_word' id='word_1_43' title='bbox 2426 742 2676 807; x_wconf 83' lang='grc' dir='ltr'>σπανίως</span> <span class='ocrx_word' id='word_1_44' title='bbox 2719 738 2975 822; x_wconf 76' lang='grc' dir='ltr'>γίνεσθαι</span> <span class='ocrx_word' id='word_1_45' title='bbox 3022 742 3106 822; x_wconf 81' lang='grc' dir='ltr'>τῷ</span> 
     </span>
     <span class='ocr_line' id='line_1_6' title="bbox 529 844 963 927; baseline 0.002 -22"><span class='ocrx_word' id='word_1_46' title='bbox 529 862 558 911; x_wconf 88' lang='grc'>5</span> <span class='ocrx_word' id='word_1_47' title='bbox 599 844 963 927; x_wconf 83' lang='grc' dir='ltr'>ἀπροοράτῳ.</span> 
     </span>
     <span class='ocr_line' id='line_1_7' title="bbox 756 946 3179 1034; baseline -0.004 -23"><span class='ocrx_word' id='word_1_48' title='bbox 756 946 942 1011; x_wconf 79' lang='grc' dir='ltr'>Ἀλλὰ</span> <span class='ocrx_word' id='word_1_49' title='bbox 997 950 1140 1032; x_wconf 83' lang='grc' dir='ltr'>μήν,</span> <span class='ocrx_word' id='word_1_50' title='bbox 1200 946 1346 1034; x_wconf 87' lang='grc' dir='ltr'>ἔφην</span> <span class='ocrx_word' id='word_1_51' title='bbox 1405 949 1553 1031; x_wconf 83' lang='grc' dir='ltr'>ἐγώ,</span> <span class='ocrx_word' id='word_1_52' title='bbox 1619 948 1887 1031; x_wconf 81' lang='grc' dir='ltr'>τοιαύτης</span> <span class='ocrx_word' id='word_1_53' title='bbox 1941 947 2122 1031; x_wconf 80' lang='grc' dir='ltr'>οὔσης</span> <span class='ocrx_word' id='word_1_54' title='bbox 2183 954 2288 1032; x_wconf 83' lang='grc' dir='ltr'>τῆς</span> <span class='ocrx_word' id='word_1_55' title='bbox 2343 972 2405 1010; x_wconf 91' lang='grc' dir='ltr'>τε</span> <span class='ocrx_word' id='word_1_56' title='bbox 2461 946 2595 1011; x_wconf 77' lang='grc' dir='ltr'>καθ’</span> <span class='ocrx_word' id='word_1_57' title='bbox 2651 947 2792 1009; x_wconf 82' lang='grc' dir='ltr'>αὑτὸ</span> <span class='ocrx_word' id='word_1_58' title='bbox 2847 947 2942 1009; x_wconf 86' lang='grc' dir='ltr'>καὶ</span> <span class='ocrx_word' id='word_1_59' title='bbox 2993 949 3098 1027; x_wconf 80' lang='grc' dir='ltr'>τῆς</span> <span class='ocrx_word' id='word_1_60' title='bbox 3126 960 3179 1002; x_wconf 78' lang='lat'>15</span> 
     </span>
     <span class='ocr_line' id='line_1_8' title="bbox 594 1048 3104 1135; baseline -0.001 -23"><span class='ocrx_word' id='word_1_61' title='bbox 594 1050 741 1112; x_wconf 83' lang='grc' dir='ltr'>κατὰ</span> <span class='ocrx_word' id='word_1_62' title='bbox 787 1052 1156 1135; x_wconf 80' lang='grc' dir='ltr'>συμβεβηκὸς</span> <span class='ocrx_word' id='word_1_63' title='bbox 1200 1052 1468 1134; x_wconf 86' lang='grc' dir='ltr'>προνοίας</span> <span class='ocrx_word' id='word_1_64' title='bbox 1512 1050 1701 1115; x_wconf 84' lang='grc' dir='ltr'>οὐκέτ’</span> <span class='ocrx_word' id='word_1_65' title='bbox 1762 1050 1930 1133; x_wconf 87' lang='grc' dir='ltr'>οἶμαί</span> <span class='ocrx_word' id='word_1_66' title='bbox 1969 1072 2036 1114; x_wconf 92' lang='grc' dir='ltr'>σε</span> <span class='ocrx_word' id='word_1_67' title='bbox 2082 1052 2404 1135; x_wconf 77' lang='grc' dir='ltr'>δεήσεσθαι</span> <span class='ocrx_word' id='word_1_68' title='bbox 2449 1054 2681 1113; x_wconf 80' lang='grc' dir='ltr'>πολλῶν</span> <span class='ocrx_word' id='word_1_69' title='bbox 2727 1048 2912 1131; x_wconf 85' lang='grc' dir='ltr'>λόγων</span> <span class='ocrx_word' id='word_1_70' title='bbox 2960 1049 3104 1132; x_wconf 83' lang='grc' dir='ltr'>πρὸς</span> 
     </span>
     <span class='ocr_line' id='line_1_9' title="bbox 598 1148 3108 1241; baseline 0 -28"><span class='ocrx_word' id='word_1_71' title='bbox 598 1153 661 1214; x_wconf 84' lang='grc' dir='ltr'>τὸ</span> <span class='ocrx_word' id='word_1_72' title='bbox 710 1154 791 1236; x_wconf 89' lang='grc' dir='ltr'>μὴ</span> <span class='ocrx_word' id='word_1_73' title='bbox 839 1154 1110 1236; x_wconf 81' lang='grc' dir='ltr'>ἡγεῖσθαι</span> <span class='ocrx_word' id='word_1_74' title='bbox 1156 1156 1368 1223; x_wconf 83' lang='grc' dir='ltr'>ἱκανῶς</span> <span class='ocrx_word' id='word_1_75' title='bbox 1414 1148 1720 1241; x_wconf 76' lang='grc' dir='ltr'>ἔχειν’τὴν</span> <span class='ocrx_word' id='word_1_76' title='bbox 1763 1156 2048 1238; x_wconf 81' lang='grc' dir='ltr'>ἐρώτησιν</span> <span class='ocrx_word' id='word_1_77' title='bbox 2092 1156 2196 1237; x_wconf 86' lang='grc' dir='ltr'>τὴν</span> <span class='ocrx_word' id='word_1_78' title='bbox 2243 1155 2513 1223; x_wconf 78' lang='grc' dir='ltr'>ἀξιοῦσαν</span> <span class='ocrx_word' id='word_1_79' title='bbox 2559 1154 2662 1235; x_wconf 80' lang='grc' dir='ltr'>τὴν</span> <span class='ocrx_word' id='word_1_80' title='bbox 2709 1151 2978 1236; x_wconf 90' lang='grc' dir='ltr'>πρόνοιαν</span> <span class='ocrx_word' id='word_1_81' title='bbox 3023 1149 3108 1219; x_wconf 80' lang='grc' dir='ltr'>εἴς</span> 
     </span>
    </p>
   </div>
   <div class='ocr_carea' id='block_1_3' title="bbox 499 1256 3184 1445">
    <p class='ocr_par' dir='ltr' id='par_1_3' title="bbox 499 1256 3184 1445">
     <span class='ocr_line' id='line_1_10' title="bbox 520 1256 3184 1343; baseline 0.001 -26"><span class='ocrx_word' id='word_1_82' title='bbox 520 1286 525 1291; x_wconf 92' lang='grc'><em>·</em></span> <span class='ocrx_word' id='word_1_83' title='bbox 618 1278 679 1317; x_wconf 90' lang='grc' dir='ltr'>τε</span> <span class='ocrx_word' id='word_1_84' title='bbox 726 1257 827 1339; x_wconf 82' lang='grc' dir='ltr'>τὴν</span> <span class='ocrx_word' id='word_1_85' title='bbox 872 1256 1009 1319; x_wconf 80' lang='grc' dir='ltr'>καθ’</span> <span class='ocrx_word' id='word_1_86' title='bbox 1065 1257 1207 1320; x_wconf 82' lang='grc' dir='ltr'>αὑτὸ</span> <span class='ocrx_word' id='word_1_87' title='bbox 1254 1260 1351 1321; x_wconf 88' lang='grc' dir='ltr'>καὶ</span> <span class='ocrx_word' id='word_1_88' title='bbox 1398 1260 1501 1342; x_wconf 86' lang='grc' dir='ltr'>τὴν</span> <span class='ocrx_word' id='word_1_89' title='bbox 1548 1258 1695 1321; x_wconf 84' lang='grc' dir='ltr'>κατὰ</span> <span class='ocrx_word' id='word_1_90' title='bbox 1743 1258 2118 1343; x_wconf 88' lang='grc' dir='ltr'>συμβεβηκὸς</span> <span class='ocrx_word' id='word_1_91' title='bbox 2164 1258 2432 1341; x_wconf 84' lang='grc' dir='ltr'>διαίρεσιν</span> <span class='ocrx_word' id='word_1_92' title='bbox 2481 1256 2677 1339; x_wconf 89' lang='grc' dir='ltr'>μόνας.</span> <span class='ocrx_word' id='word_1_93' title='bbox 3127 1270 3184 1312; x_wconf 73' lang='lat'>²⁰</span> 
     </span>
     <span class='ocr_line' id='line_1_11' title="bbox 499 1356 3111 1445; baseline -0.001 -22"><span class='ocrx_word' id='word_1_94' title='bbox 499 1378 559 1423; x_wconf 89' lang='lat'>10</span> <span class='ocrx_word' id='word_1_95' title='bbox 758 1356 986 1443; x_wconf 83' lang='grc' dir='ltr'>Ὀρθῶς</span> <span class='ocrx_word' id='word_1_96' title='bbox 1030 1360 1233 1443; x_wconf 84' lang='grc' dir='ltr'>λέγεις,</span> <span class='ocrx_word' id='word_1_97' title='bbox 1281 1360 1467 1423; x_wconf 84' lang='grc' dir='ltr'>εἶπεν·</span> <span class='ocrx_word' id='word_1_98' title='bbox 1530 1362 1583 1423; x_wconf 83' lang='grc' dir='ltr'>εἰ</span> <span class='ocrx_word' id='word_1_99' title='bbox 1628 1364 1736 1445; x_wconf 91' lang='grc' dir='ltr'>γάρ</span> <span class='ocrx_word' id='word_1_100' title='bbox 1780 1385 1862 1430; x_wconf 88' lang='grc' dir='ltr'>τις</span> <span class='ocrx_word' id='word_1_101' title='bbox 1906 1361 2166 1445; x_wconf 72' lang='grc' dir='ltr'>γνωρίζει</span> <span class='ocrx_word' id='word_1_102' title='bbox 2223 1361 2327 1443; x_wconf 85' lang='grc' dir='ltr'>τὴν</span> <span class='ocrx_word' id='word_1_103' title='bbox 2375 1359 2679 1443; x_wconf 79' lang='grc' dir='ltr'>γινομένην</span> <span class='ocrx_word' id='word_1_104' title='bbox 2725 1358 2979 1442; x_wconf 82' lang='grc' dir='ltr'>ὠφελίαν</span> <span class='ocrx_word' id='word_1_105' title='bbox 3027 1357 3111 1428; x_wconf 76' lang='grc' dir='ltr'>εἷς</span> 
     </span>
    </p>
   </div>
   <div class='ocr_carea' id='block_1_4' title="bbox 488 1462 3214 3837">
    <p class='ocr_par' dir='ltr' id='par_1_4' title="bbox 599 1462 3187 1755">
     <span class='ocr_line' id='line_1_12' title="bbox 599 1462 3108 1550; baseline 0.002 -27"><span class='ocrx_word' id='word_1_106' title='bbox 599 1485 723 1524; x_wconf 88' lang='grc' dir='ltr'>τινα</span> <span class='ocrx_word' id='word_1_107' title='bbox 767 1462 833 1525; x_wconf 84' lang='grc' dir='ltr'>ἐκ</span> <span class='ocrx_word' id='word_1_108' title='bbox 878 1468 994 1526; x_wconf 87' lang='grc' dir='ltr'>τῶν</span> <span class='ocrx_word' id='word_1_109' title='bbox 1040 1464 1139 1548; x_wconf 85' lang='grc' dir='ltr'>ὑφ’</span> <span class='ocrx_word' id='word_1_110' title='bbox 1194 1466 1376 1527; x_wconf 87' lang='grc' dir='ltr'>αὑτοῦ</span> <span class='ocrx_word' id='word_1_111' title='bbox 1422 1465 1736 1547; x_wconf 80' lang='grc' dir='ltr'>γινομένων</span> <span class='ocrx_word' id='word_1_112' title='bbox 1783 1463 1966 1528; x_wconf 83' lang='grc' dir='ltr'>ἄλλου</span> <span class='ocrx_word' id='word_1_113' title='bbox 2012 1466 2215 1550; x_wconf 80' lang='grc' dir='ltr'>χάριν,</span> <span class='ocrx_word' id='word_1_114' title='bbox 2273 1466 2448 1547; x_wconf 78' lang='grc' dir='ltr'>δῆλον</span> <span class='ocrx_word' id='word_1_115' title='bbox 2495 1465 2561 1526; x_wconf 84' lang='grc' dir='ltr'>ἐκ</span> <span class='ocrx_word' id='word_1_116' title='bbox 2607 1469 2722 1525; x_wconf 89' lang='grc' dir='ltr'>τῶν</span> <span class='ocrx_word' id='word_1_117' title='bbox 2769 1464 3108 1547; x_wconf 83' lang='grc' dir='ltr'>προειρημέ-</span> 
     </span>
     <span class='ocr_line' id='line_1_13' title="bbox 599 1565 3187 1653; baseline -0 -28"><span class='ocrx_word' id='word_1_118' title='bbox 599 1588 710 1627; x_wconf 90' lang='grc' dir='ltr'>νων</span> <span class='ocrx_word' id='word_1_119' title='bbox 758 1565 843 1629; x_wconf 75' lang='grc' dir='ltr'>ὄτι</span> <span class='ocrx_word' id='word_1_120' title='bbox 892 1570 1039 1652; x_wconf 80' lang='grc' dir='ltr'>μήτε</span> <span class='ocrx_word' id='word_1_121' title='bbox 1084 1566 1219 1631; x_wconf 81' lang='grc' dir='ltr'>καθ’</span> <span class='ocrx_word' id='word_1_122' title='bbox 1276 1570 1418 1631; x_wconf 82' lang='grc' dir='ltr'>αὑτὸ</span> <span class='ocrx_word' id='word_1_123' title='bbox 1468 1569 1617 1651; x_wconf 79' lang='grc' dir='ltr'>μήτε</span> <span class='ocrx_word' id='word_1_124' title='bbox 1660 1568 1807 1631; x_wconf 84' lang='grc' dir='ltr'>κατὰ</span> <span class='ocrx_word' id='word_1_125' title='bbox 1855 1569 2224 1653; x_wconf 89' lang='grc' dir='ltr'>συμβεβηκὸς</span> <span class='ocrx_word' id='word_1_126' title='bbox 2270 1566 2436 1637; x_wconf 84' lang='grc' dir='ltr'>οὖτος</span> <span class='ocrx_word' id='word_1_127' title='bbox 2485 1572 2722 1651; x_wconf 84' lang='grc' dir='ltr'>προνοεῖ</span> <span class='ocrx_word' id='word_1_128' title='bbox 2759 1571 2859 1629; x_wconf 90' lang='grc' dir='ltr'>τοῦ</span> <span class='ocrx_word' id='word_1_129' title='bbox 2907 1572 3105 1629; x_wconf 89' lang='grc' dir='ltr'>τοῦτον</span> <span class='ocrx_word' id='word_1_130' title='bbox 3133 1582 3187 1624; x_wconf 74' lang='lat'>25</span> 
     </span>
     <span class='ocr_line' id='line_1_14' title="bbox 600 1668 2748 1755; baseline 0.002 -26"><span class='ocrx_word' id='word_1_131' title='bbox 600 1670 696 1730; x_wconf 80' lang='grc' dir='ltr'>τὸν</span> <span class='ocrx_word' id='word_1_132' title='bbox 746 1668 956 1752; x_wconf 87' lang='grc' dir='ltr'>τρόπον</span> <span class='ocrx_word' id='word_1_133' title='bbox 1003 1670 1114 1733; x_wconf 85' lang='grc' dir='ltr'>ὑπό</span> <span class='ocrx_word' id='word_1_134' title='bbox 1160 1694 1309 1741; x_wconf 87' lang='grc' dir='ltr'>τινος</span> <span class='ocrx_word' id='word_1_135' title='bbox 1351 1678 1467 1735; x_wconf 89' lang='grc' dir='ltr'>τῶν</span> <span class='ocrx_word' id='word_1_136' title='bbox 1516 1671 1613 1755; x_wconf 82' lang='grc' dir='ltr'>ὑφ’</span> <span class='ocrx_word' id='word_1_137' title='bbox 1669 1673 1848 1734; x_wconf 82' lang='grc' dir='ltr'>αὑτοῦ</span> <span class='ocrx_word' id='word_1_138' title='bbox 1893 1671 2207 1755; x_wconf 82' lang='grc' dir='ltr'>γινομένων</span> <span class='ocrx_word' id='word_1_139' title='bbox 2253 1672 2688 1754; x_wconf 86' lang='grc' dir='ltr'>ὠφελουμένου.</span> <span class='ocrx_word' id='word_1_140' title='bbox 2740 1669 2748 1755; x_wconf 89' lang='grc' dir='ltr'>Ι</span> 
     </span>
    </p>

    <p class='ocr_par' dir='ltr' id='par_1_5' title="bbox 774 1770 3214 1859">
     <span class='ocr_line' id='line_1_15' title="bbox 774 1770 3214 1859; baseline 0 -24"><span class='ocrx_word' id='word_1_141' title='bbox 774 1770 853 1835; x_wconf 92' lang='grc' dir='ltr'>Τί</span> <span class='ocrx_word' id='word_1_142' title='bbox 891 1774 975 1849; x_wconf 84' lang='grc' dir='ltr'>δέ,</span> <span class='ocrx_word' id='word_1_143' title='bbox 1022 1774 1182 1837; x_wconf 82' lang='grc' dir='ltr'>εἷπον</span> <span class='ocrx_word' id='word_1_144' title='bbox 1228 1776 1367 1857; x_wconf 86' lang='grc' dir='ltr'>ἐγώ,</span> <span class='ocrx_word' id='word_1_145' title='bbox 1416 1777 1468 1838; x_wconf 82' lang='grc' dir='ltr'>εἰ</span> <span class='ocrx_word' id='word_1_146' title='bbox 1512 1778 1657 1859; x_wconf 84' lang='grc' dir='ltr'>πρὸς</span> <span class='ocrx_word' id='word_1_147' title='bbox 1701 1780 1785 1859; x_wconf 77' lang='grc' dir='ltr'>τῷ</span> <span class='ocrx_word' id='word_1_148' title='bbox 1832 1776 2127 1859; x_wconf 76' lang='grc' dir='ltr'>γνωρίζειν</span> <span class='ocrx_word' id='word_1_149' title='bbox 2175 1774 2276 1857; x_wconf 79' lang='grc' dir='ltr'>τὴν</span> <span class='ocrx_word' id='word_1_150' title='bbox 2323 1775 2576 1858; x_wconf 81' lang='grc' dir='ltr'>ὠφελίαν</span> <span class='ocrx_word' id='word_1_151' title='bbox 2621 1776 2724 1857; x_wconf 85' lang='grc' dir='ltr'>τὴν</span> <span class='ocrx_word' id='word_1_152' title='bbox 2770 1772 3073 1857; x_wconf 84' lang='grc' dir='ltr'>γινομένην</span> <span class='ocrx_word' id='word_1_153' title='bbox 3122 1777 3214 1835; x_wconf 79' lang='grc'>126</span> 
     </span>
    </p>

    <p class='ocr_par' dir='ltr' id='par_1_6' title="bbox 499 1872 3103 1963">
     <span class='ocr_line' id='line_1_16' title="bbox 499 1872 3103 1963; baseline 0 -24"><span class='ocrx_word' id='word_1_154' title='bbox 499 1894 557 1941; x_wconf 82' lang='lat'>15</span> <span class='ocrx_word' id='word_1_155' title='bbox 596 1872 681 1941; x_wconf 79' lang='grc' dir='ltr'>εἴς</span> <span class='ocrx_word' id='word_1_156' title='bbox 724 1899 848 1937; x_wconf 89' lang='grc' dir='ltr'>τινα</span> <span class='ocrx_word' id='word_1_157' title='bbox 903 1880 997 1940; x_wconf 85' lang='grc' dir='ltr'>καὶ</span> <span class='ocrx_word' id='word_1_158' title='bbox 1045 1878 1193 1941; x_wconf 82' lang='grc' dir='ltr'>κατὰ</span> <span class='ocrx_word' id='word_1_159' title='bbox 1247 1880 1352 1961; x_wconf 84' lang='grc' dir='ltr'>τὴν</span> <span class='ocrx_word' id='word_1_160' title='bbox 1400 1880 1608 1941; x_wconf 81' lang='grc' dir='ltr'>ἑαυτοῦ</span> <span class='ocrx_word' id='word_1_161' title='bbox 1664 1879 1936 1963; x_wconf 88' lang='grc' dir='ltr'>βούλησιν</span> <span class='ocrx_word' id='word_1_162' title='bbox 1989 1878 2230 1960; x_wconf 80' lang='grc' dir='ltr'>γίνοιτο,</span> <span class='ocrx_word' id='word_1_163' title='bbox 2290 1878 2358 1939; x_wconf 83' lang='grc' dir='ltr'>οὐ</span> <span class='ocrx_word' id='word_1_164' title='bbox 2415 1878 2562 1940; x_wconf 79' lang='grc' dir='ltr'>πολὺ</span> <span class='ocrx_word' id='word_1_165' title='bbox 2620 1881 2815 1940; x_wconf 85' lang='grc' dir='ltr'>πλεῖον</span> <span class='ocrx_word' id='word_1_166' title='bbox 2871 1875 2954 1940; x_wconf 84' lang='grc' dir='ltr'>ἔτι</span> <span class='ocrx_word' id='word_1_167' title='bbox 3001 1878 3103 1961; x_wconf 86' lang='grc' dir='ltr'>τὴν</span> 
     </span>
    </p>

    <p class='ocr_par' dir='ltr' id='par_1_7' title="bbox 598 1978 3191 2176">
     <span class='ocr_line' id='line_1_17' title="bbox 598 1978 3191 2067; baseline -0 -28"><span class='ocrx_word' id='word_1_168' title='bbox 598 1978 783 2045; x_wconf 77' lang='grc' dir='ltr'>οὕτως</span> <span class='ocrx_word' id='word_1_169' title='bbox 826 1979 1127 2064; x_wconf 85' lang='grc' dir='ltr'>γινομένην</span> <span class='ocrx_word' id='word_1_170' title='bbox 1173 1979 1443 2065; x_wconf 90' lang='grc' dir='ltr'>πρόνοιαν</span> <span class='ocrx_word' id='word_1_171' title='bbox 1490 1982 1639 2063; x_wconf 86' lang='grc' dir='ltr'>ἐρεῖς</span> <span class='ocrx_word' id='word_1_172' title='bbox 1686 1981 2004 2067; x_wconf 75' lang='grc' dir='ltr'>ἀφεστάναι</span> <span class='ocrx_word' id='word_1_173' title='bbox 2050 1986 2153 2063; x_wconf 82' lang='grc' dir='ltr'>τῆς</span> <span class='ocrx_word' id='word_1_174' title='bbox 2198 1980 2346 2042; x_wconf 83' lang='grc' dir='ltr'>κατὰ</span> <span class='ocrx_word' id='word_1_175' title='bbox 2391 1980 2784 2065; x_wconf 86' lang='grc' dir='ltr'>συμβεβηκός;</span> <span class='ocrx_word' id='word_1_176' title='bbox 3163 1997 3191 2038; x_wconf 74' lang='grc' dir='ltr'>τι</span> 
     </span>
     <span class='ocr_line' id='line_1_18' title="bbox 770 2086 3109 2176; baseline 0 -24"><span class='ocrx_word' id='word_1_177' title='bbox 770 2086 885 2153; x_wconf 85' lang='grc' dir='ltr'>Καὶ</span> <span class='ocrx_word' id='word_1_178' title='bbox 934 2092 1023 2160; x_wconf 83' lang='grc' dir='ltr'>ὅς·</span> <span class='ocrx_word' id='word_1_179' title='bbox 1080 2093 1230 2154; x_wconf 89' lang='grc' dir='ltr'>πάνυ</span> <span class='ocrx_word' id='word_1_180' title='bbox 1285 2094 1389 2173; x_wconf 88' lang='grc' dir='ltr'>μὲν</span> <span class='ocrx_word' id='word_1_181' title='bbox 1434 2089 1555 2155; x_wconf 83' lang='grc' dir='ltr'>οῦν.</span> <span class='ocrx_word' id='word_1_182' title='bbox 1630 2093 1861 2176; x_wconf 83' lang='grc' dir='ltr'>’σχεδὸν</span> <span class='ocrx_word' id='word_1_183' title='bbox 1905 2092 2015 2175; x_wconf 83' lang='grc' dir='ltr'>γὰρ</span> <span class='ocrx_word' id='word_1_184' title='bbox 2069 2094 2108 2174; x_wconf 79' lang='grc' dir='ltr'>ἡ</span> <span class='ocrx_word' id='word_1_185' title='bbox 2165 2096 2366 2154; x_wconf 91' lang='grc' dir='ltr'>τοῦτον</span> <span class='ocrx_word' id='word_1_186' title='bbox 2419 2090 2689 2173; x_wconf 84' lang='grc' dir='ltr'>γινομένη</span> <span class='ocrx_word' id='word_1_187' title='bbox 2747 2092 2842 2154; x_wconf 86' lang='grc' dir='ltr'>τὸν</span> <span class='ocrx_word' id='word_1_188' title='bbox 2899 2094 3109 2175; x_wconf 84' lang='grc' dir='ltr'>τρόπον</span> 
     </span>
    </p>

    <p class='ocr_par' dir='ltr' id='par_1_8' title="bbox 600 2188 3106 2279">
     <span class='ocr_line' id='line_1_19' title="bbox 600 2188 3106 2279; baseline 0.001 -25"><span class='ocrx_word' id='word_1_189' title='bbox 600 2190 735 2255; x_wconf 74' lang='grc' dir='ltr'>ὄντα</span> <span class='ocrx_word' id='word_1_190' title='bbox 790 2188 925 2257; x_wconf 81' lang='grc' dir='ltr'>καθ’</span> <span class='ocrx_word' id='word_1_191' title='bbox 982 2194 1124 2257; x_wconf 80' lang='grc' dir='ltr'>αὑτὸ</span> <span class='ocrx_word' id='word_1_192' title='bbox 1182 2200 1445 2279; x_wconf 84' lang='grc' dir='ltr'>προνοεῖν</span> <span class='ocrx_word' id='word_1_193' title='bbox 1502 2218 1651 2264; x_wconf 88' lang='grc' dir='ltr'>τινος</span> <span class='ocrx_word' id='word_1_194' title='bbox 1719 2197 1783 2257; x_wconf 82' lang='grc' dir='ltr'>τὸ</span> <span class='ocrx_word' id='word_1_195' title='bbox 1829 2195 2001 2258; x_wconf 77' lang='grc' dir='ltr'>ἕνεκα</span> <span class='ocrx_word' id='word_1_196' title='bbox 2047 2200 2145 2257; x_wconf 90' lang='grc' dir='ltr'>τοῦ</span> <span class='ocrx_word' id='word_1_197' title='bbox 2196 2194 2625 2278; x_wconf 85' lang='grc' dir='ltr'>προνοουμένου</span> <span class='ocrx_word' id='word_1_198' title='bbox 2672 2196 2857 2257; x_wconf 89' lang='grc' dir='ltr'>πάντα</span> <span class='ocrx_word' id='word_1_199' title='bbox 2903 2199 3106 2271; x_wconf 84' lang='grc' dir='ltr'>ποιεῖν,</span> 
     </span>
    </p>

    <p class='ocr_par' dir='ltr' id='par_1_9' title="bbox 601 2297 3194 2383">
     <span class='ocr_line' id='line_1_20' title="bbox 601 2297 3194 2383; baseline -0 -25"><span class='ocrx_word' id='word_1_200' title='bbox 601 2297 748 2359; x_wconf 80' lang='grc' dir='ltr'>κατὰ</span> <span class='ocrx_word' id='word_1_201' title='bbox 794 2298 1162 2383; x_wconf 84' lang='grc' dir='ltr'>συμβεβηκὸς</span> <span class='ocrx_word' id='word_1_202' title='bbox 1215 2300 1281 2361; x_wconf 84' lang='grc' dir='ltr'>δὲ</span> <span class='ocrx_word' id='word_1_203' title='bbox 1326 2300 1390 2362; x_wconf 91' lang='grc' dir='ltr'>τὸ</span> <span class='ocrx_word' id='word_1_204' title='bbox 1437 2298 1607 2363; x_wconf 80' lang='grc' dir='ltr'>ἕνεκα</span> <span class='ocrx_word' id='word_1_205' title='bbox 1655 2300 1757 2381; x_wconf 88' lang='grc' dir='ltr'>μὲν</span> <span class='ocrx_word' id='word_1_206' title='bbox 1804 2298 1984 2361; x_wconf 84' lang='grc' dir='ltr'>ἄλλου</span> <span class='ocrx_word' id='word_1_207' title='bbox 2031 2298 2153 2361; x_wconf 82' lang='grc' dir='ltr'>τινὰ</span> <span class='ocrx_word' id='word_1_208' title='bbox 2207 2302 2410 2373; x_wconf 84' lang='grc' dir='ltr'>ποιεῖν,</span> <span class='ocrx_word' id='word_1_209' title='bbox 2464 2299 2532 2361; x_wconf 88' lang='grc' dir='ltr'>οὐ</span> <span class='ocrx_word' id='word_1_210' title='bbox 2576 2299 2851 2382; x_wconf 70' lang='grc' dir='ltr'>γνωρίζον</span> <span class='ocrx_word' id='word_1_211' title='bbox 2898 2299 2962 2361; x_wconf 83' lang='grc' dir='ltr'>δὲ</span> <span class='ocrx_word' id='word_1_212' title='bbox 3006 2300 3109 2382; x_wconf 90' lang='grc' dir='ltr'>τὴν</span> <span class='ocrx_word' id='word_1_213' title='bbox 3139 2316 3194 2357; x_wconf 79' lang='lat'>1⁰</span> 
     </span>
    </p>

    <p class='ocr_par' dir='ltr' id='par_1_10' title="bbox 492 2400 3194 2900">
     <span class='ocr_line' id='line_1_21' title="bbox 492 2400 3106 2487; baseline 0 -22"><span class='ocrx_word' id='word_1_214' title='bbox 492 2420 559 2467; x_wconf 82' lang='lat'>20</span> <span class='ocrx_word' id='word_1_215' title='bbox 598 2401 679 2469; x_wconf 83' lang='grc' dir='ltr'>εἰς</span> <span class='ocrx_word' id='word_1_216' title='bbox 722 2405 892 2464; x_wconf 89' lang='grc' dir='ltr'>τοῦτο</span> <span class='ocrx_word' id='word_1_217' title='bbox 938 2402 1015 2465; x_wconf 88' lang='grc' dir='ltr'>δι’</span> <span class='ocrx_word' id='word_1_218' title='bbox 1058 2401 1288 2465; x_wconf 81' lang='grc' dir='ltr'>ἐκείνου</span> <span class='ocrx_word' id='word_1_219' title='bbox 1332 2402 1634 2487; x_wconf 89' lang='grc' dir='ltr'>γινομένην</span> <span class='ocrx_word' id='word_1_220' title='bbox 1682 2403 1958 2487; x_wconf 82' lang='grc' dir='ltr'>ὠφελίαν,</span> <span class='ocrx_word' id='word_1_221' title='bbox 2006 2401 2141 2464; x_wconf 83' lang='grc' dir='ltr'>οὐδὲ</span> <span class='ocrx_word' id='word_1_222' title='bbox 2173 2400 2543 2487; x_wconf 88' lang='grc' dir='ltr'>βουλόμενον.</span> <span class='ocrx_word' id='word_1_223' title='bbox 2615 2404 2678 2464; x_wconf 84' lang='grc' dir='ltr'>τὸ</span> <span class='ocrx_word' id='word_1_224' title='bbox 2725 2403 2790 2464; x_wconf 81' lang='grc' dir='ltr'>δὲ</span> <span class='ocrx_word' id='word_1_225' title='bbox 2821 2403 2902 2485; x_wconf 86' lang='grc' dir='ltr'>μὴ</span> <span class='ocrx_word' id='word_1_226' title='bbox 2935 2402 3106 2465; x_wconf 78' lang='grc' dir='ltr'>ἕνεκα</span> 
     </span>
     <span class='ocr_line' id='line_1_22' title="bbox 602 2504 3118 2589; baseline 0 -22"><span class='ocrx_word' id='word_1_227' title='bbox 602 2506 705 2588; x_wconf 84' lang='grc' dir='ltr'>μὲν</span> <span class='ocrx_word' id='word_1_228' title='bbox 750 2504 953 2567; x_wconf 89' lang='grc' dir='ltr'>τούτου</span> <span class='ocrx_word' id='word_1_229' title='bbox 1000 2509 1219 2577; x_wconf 88' lang='grc' dir='ltr'>ποιοῦν,</span> <span class='ocrx_word' id='word_1_230' title='bbox 1264 2506 1541 2588; x_wconf 75' lang='grc' dir='ltr'>γνωρίζον</span> <span class='ocrx_word' id='word_1_231' title='bbox 1588 2506 1653 2567; x_wconf 85' lang='grc' dir='ltr'>δὲ</span> <span class='ocrx_word' id='word_1_232' title='bbox 1696 2508 1793 2569; x_wconf 86' lang='grc' dir='ltr'>καὶ</span> <span class='ocrx_word' id='word_1_233' title='bbox 1839 2504 2189 2589; x_wconf 88' lang='grc' dir='ltr'>βουλόμενον</span> <span class='ocrx_word' id='word_1_234' title='bbox 2238 2506 2595 2588; x_wconf 81' lang='grc' dir='ltr'>ὠφελεῖσθαι</span> <span class='ocrx_word' id='word_1_235' title='bbox 2642 2510 2830 2577; x_wconf 92' lang='grc' dir='ltr'>τοῦτο,</span> <span class='ocrx_word' id='word_1_236' title='bbox 2877 2510 3118 2589; x_wconf 89' lang='grc' dir='ltr'>προνοοῖ</span> 
     </span>
     <span class='ocr_line' id='line_1_23' title="bbox 596 2606 3194 2692; baseline -0.001 -24"><span class='ocrx_word' id='word_1_237' title='bbox 596 2608 699 2691; x_wconf 85' lang='grc' dir='ltr'>μὲν</span> <span class='ocrx_word' id='word_1_238' title='bbox 748 2606 815 2669; x_wconf 78' lang='grc' dir='ltr'>ἂν</span> <span class='ocrx_word' id='word_1_239' title='bbox 861 2607 1089 2681; x_wconf 87' lang='grc' dir='ltr'>τούτου,</span> <span class='ocrx_word' id='word_1_240' title='bbox 1137 2606 1272 2671; x_wconf 81' lang='grc' dir='ltr'>οὔτε</span> <span class='ocrx_word' id='word_1_241' title='bbox 1317 2608 1382 2670; x_wconf 88' lang='grc' dir='ltr'>δὲ</span> <span class='ocrx_word' id='word_1_242' title='bbox 1428 2606 1561 2671; x_wconf 79' lang='grc' dir='ltr'>καθ’</span> <span class='ocrx_word' id='word_1_243' title='bbox 1608 2608 1748 2670; x_wconf 86' lang='grc' dir='ltr'>αὑτὸ</span> <span class='ocrx_word' id='word_1_244' title='bbox 1796 2606 1930 2671; x_wconf 76' lang='grc' dir='ltr'>οὔτε</span> <span class='ocrx_word' id='word_1_245' title='bbox 1975 2608 2120 2671; x_wconf 82' lang='grc' dir='ltr'>κατὰ</span> <span class='ocrx_word' id='word_1_246' title='bbox 2169 2608 2560 2691; x_wconf 86' lang='grc' dir='ltr'>συμβεβηκός.</span> <span class='ocrx_word' id='word_1_247' title='bbox 2627 2608 2748 2689; x_wconf 84' lang='grc' dir='ltr'>[καὶ</span> <span class='ocrx_word' id='word_1_248' title='bbox 2793 2609 2848 2670; x_wconf 88' lang='grc' dir='ltr'>εἰ</span> <span class='ocrx_word' id='word_1_249' title='bbox 2891 2611 3118 2692; x_wconf 76' lang='grc' dir='ltr'>ὠφελοῖ</span> <span class='ocrx_word' id='word_1_250' title='bbox 3141 2624 3194 2666; x_wconf 76' lang='lat'>15</span> 
     </span>
     <span class='ocr_line' id='line_1_24' title="bbox 599 2708 3110 2795; baseline 0.001 -22"><span class='ocrx_word' id='word_1_251' title='bbox 599 2712 702 2793; x_wconf 89' lang='grc' dir='ltr'>μὲν</span> <span class='ocrx_word' id='word_1_252' title='bbox 746 2716 946 2785; x_wconf 90' lang='grc' dir='ltr'>τοῦτο,</span> <span class='ocrx_word' id='word_1_253' title='bbox 1004 2708 1097 2794; x_wconf 78' lang='grc' dir='ltr'>ἐφ’</span> <span class='ocrx_word' id='word_1_254' title='bbox 1154 2712 1329 2774; x_wconf 84' lang='grc' dir='ltr'>ἑαυτὸ</span> <span class='ocrx_word' id='word_1_255' title='bbox 1386 2712 1449 2773; x_wconf 85' lang='grc' dir='ltr'>δὲ</span> <span class='ocrx_word' id='word_1_256' title='bbox 1495 2712 1598 2794; x_wconf 85' lang='grc' dir='ltr'>τὴν</span> <span class='ocrx_word' id='word_1_257' title='bbox 1644 2712 1940 2795; x_wconf 83' lang='grc' dir='ltr'>ἀναφορὰν</span> <span class='ocrx_word' id='word_1_258' title='bbox 1999 2716 2218 2774; x_wconf 83' lang='grc' dir='ltr'>ποιοῖτο</span> <span class='ocrx_word' id='word_1_259' title='bbox 2273 2716 2376 2793; x_wconf 79' lang='grc' dir='ltr'>τῆς</span> <span class='ocrx_word' id='word_1_260' title='bbox 2423 2711 2704 2795; x_wconf 81' lang='grc' dir='ltr'>ὠφελίας,</span> <span class='ocrx_word' id='word_1_261' title='bbox 2761 2711 2898 2774; x_wconf 84' lang='grc' dir='ltr'>οὐδὲ</span> <span class='ocrx_word' id='word_1_262' title='bbox 2941 2716 3110 2775; x_wconf 90' lang='grc' dir='ltr'>τοῦτο</span> 
     </span>
     <span class='ocr_line' id='line_1_25' title="bbox 601 2812 3095 2900; baseline 0 -23"><span class='ocrx_word' id='word_1_263' title='bbox 601 2812 739 2877; x_wconf 82' lang='grc' dir='ltr'>καθ’</span> <span class='ocrx_word' id='word_1_264' title='bbox 781 2816 923 2878; x_wconf 83' lang='grc' dir='ltr'>αὑτὸ</span> <span class='ocrx_word' id='word_1_265' title='bbox 971 2816 1107 2878; x_wconf 85' lang='grc' dir='ltr'>οὐδὲ</span> <span class='ocrx_word' id='word_1_266' title='bbox 1138 2816 1284 2879; x_wconf 85' lang='grc' dir='ltr'>κατὰ</span> <span class='ocrx_word' id='word_1_267' title='bbox 1331 2815 1698 2900; x_wconf 86' lang='grc' dir='ltr'>συμβεβηκὸς</span> <span class='ocrx_word' id='word_1_268' title='bbox 1728 2820 1992 2899; x_wconf 90' lang='grc' dir='ltr'>προνοεῖ·</span> <span class='ocrx_word' id='word_1_269' title='bbox 2041 2818 2136 2878; x_wconf 82' lang='grc' dir='ltr'>καὶ</span> <span class='ocrx_word' id='word_1_270' title='bbox 2182 2815 2325 2877; x_wconf 83' lang='grc' dir='ltr'>εἴτι</span> <span class='ocrx_word' id='word_1_271' title='bbox 2370 2820 2486 2877; x_wconf 91' lang='grc' dir='ltr'>τῶν</span> <span class='ocrx_word' id='word_1_272' title='bbox 2521 2816 2624 2899; x_wconf 83' lang='grc' dir='ltr'>μὲν</span> <span class='ocrx_word' id='word_1_273' title='bbox 2655 2814 2912 2878; x_wconf 81' lang='grc' dir='ltr'>καθόλου</span> <span class='ocrx_word' id='word_1_274' title='bbox 2959 2813 3095 2877; x_wconf 77' lang='grc' dir='ltr'>καθ’</span> 
     </span>
    </p>

    <p class='ocr_par' dir='ltr' id='par_1_11' title="bbox 490 2916 3193 3416">
     <span class='ocr_line' id='line_1_26' title="bbox 490 2916 3193 3003; baseline -0.002 -21"><span class='ocrx_word' id='word_1_275' title='bbox 490 2936 563 2985; x_wconf 78' lang='lat'>25</span> <span class='ocrx_word' id='word_1_276' title='bbox 595 2918 757 2993; x_wconf 88' lang='grc' dir='ltr'>αὑτό,</span> <span class='ocrx_word' id='word_1_277' title='bbox 803 2923 918 2981; x_wconf 88' lang='grc' dir='ltr'>τῶν</span> <span class='ocrx_word' id='word_1_278' title='bbox 952 2918 1002 2981; x_wconf 83' lang='grc' dir='ltr'>δ’</span> <span class='ocrx_word' id='word_1_279' title='bbox 1044 2920 1106 2981; x_wconf 87' lang='grc' dir='ltr'>ἐν</span> <span class='ocrx_word' id='word_1_280' title='bbox 1152 2920 1314 3003; x_wconf 83' lang='grc' dir='ltr'>μέρει</span> <span class='ocrx_word' id='word_1_281' title='bbox 1360 2922 1505 2983; x_wconf 83' lang='grc' dir='ltr'>κατὰ</span> <span class='ocrx_word' id='word_1_282' title='bbox 1549 2918 1941 3003; x_wconf 87' lang='grc' dir='ltr'>συμβεβηκός,</span> <span class='ocrx_word' id='word_1_283' title='bbox 1991 2919 2127 2981; x_wconf 80' lang='grc' dir='ltr'>οὐδὲ</span> <span class='ocrx_word' id='word_1_284' title='bbox 2157 2923 2328 2981; x_wconf 89' lang='grc' dir='ltr'>τοῦτο</span> <span class='ocrx_word' id='word_1_285' title='bbox 2361 2920 2564 2986; x_wconf 88' lang='grc' dir='ltr'>ἁπλῶς</span> <span class='ocrx_word' id='word_1_286' title='bbox 2609 2917 2740 2980; x_wconf 77' lang='grc' dir='ltr'>οὔτε</span> <span class='ocrx_word' id='word_1_287' title='bbox 2787 2916 2924 2981; x_wconf 76' lang='grc' dir='ltr'>καθ’</span> <span class='ocrx_word' id='word_1_288' title='bbox 2966 2920 3109 2981; x_wconf 83' lang='grc' dir='ltr'>αὑτὸ</span> <span class='ocrx_word' id='word_1_289' title='bbox 3136 2936 3193 2977; x_wconf 73' lang='grc' dir='ltr'>εο</span> 
     </span>
     <span class='ocr_line' id='line_1_27' title="bbox 599 3020 3108 3108; baseline 0 -23"><span class='ocrx_word' id='word_1_290' title='bbox 599 3020 729 3085; x_wconf 81' lang='grc' dir='ltr'>οὔτε</span> <span class='ocrx_word' id='word_1_291' title='bbox 774 3023 921 3085; x_wconf 84' lang='grc' dir='ltr'>κατὰ</span> <span class='ocrx_word' id='word_1_292' title='bbox 966 3024 1339 3108; x_wconf 86' lang='grc' dir='ltr'>συμβεβηκὸς</span> <span class='ocrx_word' id='word_1_293' title='bbox 1388 3028 1505 3086; x_wconf 89' lang='grc' dir='ltr'>τῶν</span> <span class='ocrx_word' id='word_1_294' title='bbox 1551 3022 1690 3086; x_wconf 81' lang='grc' dir='ltr'>καθ’</span> <span class='ocrx_word' id='word_1_295' title='bbox 1748 3024 1966 3087; x_wconf 82' lang='grc' dir='ltr'>ἕκαστα</span> <span class='ocrx_word' id='word_1_296' title='bbox 2011 3028 2274 3107; x_wconf 90' lang='grc' dir='ltr'>προνοεῖ,</span> <span class='ocrx_word' id='word_1_297' title='bbox 2330 3022 2399 3085; x_wconf 83' lang='grc' dir='ltr'>οὐ</span> <span class='ocrx_word' id='word_1_298' title='bbox 2446 3020 2583 3085; x_wconf 75' lang='grc' dir='ltr'>καθ’</span> <span class='ocrx_word' id='word_1_299' title='bbox 2639 3023 2782 3085; x_wconf 85' lang='grc' dir='ltr'>αὑτὸ</span> <span class='ocrx_word' id='word_1_300' title='bbox 2831 3022 2964 3103; x_wconf 87' lang='grc' dir='ltr'>μέν,</span> <span class='ocrx_word' id='word_1_301' title='bbox 3021 3022 3108 3085; x_wconf 78' lang='grc' dir='ltr'>ὅτι</span> 
     </span>
     <span class='ocr_line' id='line_1_28' title="bbox 594 3122 3107 3211; baseline 0.001 -25"><span class='ocrx_word' id='word_1_302' title='bbox 594 3122 715 3209; x_wconf 79' lang='grc' dir='ltr'>(οὐ)</span> <span class='ocrx_word' id='word_1_303' title='bbox 758 3126 977 3188; x_wconf 90' lang='grc' dir='ltr'>τούτων</span> <span class='ocrx_word' id='word_1_304' title='bbox 1025 3126 1213 3201; x_wconf 79' lang='grc' dir='ltr'>ἕνεκα,</span> <span class='ocrx_word' id='word_1_305' title='bbox 1260 3128 1327 3191; x_wconf 84' lang='grc' dir='ltr'>οὐ</span> <span class='ocrx_word' id='word_1_306' title='bbox 1360 3128 1506 3190; x_wconf 85' lang='grc' dir='ltr'>κατὰ</span> <span class='ocrx_word' id='word_1_307' title='bbox 1551 3128 1920 3211; x_wconf 87' lang='grc' dir='ltr'>συμβεβηκὸς</span> <span class='ocrx_word' id='word_1_308' title='bbox 1953 3126 2036 3200; x_wconf 88' lang='grc' dir='ltr'>δέ,</span> <span class='ocrx_word' id='word_1_309' title='bbox 2121 3150 2172 3188; x_wconf 92' lang='grc' dir='ltr'>τι</span> <span class='ocrx_word' id='word_1_310' title='bbox 2203 3126 2317 3209; x_wconf 80' lang='grc' dir='ltr'>οὐχ</span> <span class='ocrx_word' id='word_1_311' title='bbox 2362 3126 2557 3209; x_wconf 83' lang='grc' dir='ltr'>ἕτερον</span> <span class='ocrx_word' id='word_1_312' title='bbox 2591 3127 2654 3188; x_wconf 87' lang='grc' dir='ltr'>τὸ</span> <span class='ocrx_word' id='word_1_313' title='bbox 2690 3125 2945 3188; x_wconf 81' lang='grc' dir='ltr'>καθόλου</span> <span class='ocrx_word' id='word_1_314' title='bbox 2991 3128 3107 3189; x_wconf 89' lang='grc' dir='ltr'>τῶν</span> 
     </span>
     <span class='ocr_line' id='line_1_29' title="bbox 596 3228 3190 3315; baseline -0 -26"><span class='ocrx_word' id='word_1_315' title='bbox 596 3228 741 3290; x_wconf 81' lang='grc' dir='ltr'>κατὰ</span> <span class='ocrx_word' id='word_1_316' title='bbox 786 3230 961 3312; x_wconf 84' lang='grc' dir='ltr'>μέρος</span> <span class='ocrx_word' id='word_1_317' title='bbox 1003 3228 1093 3313; x_wconf 88' lang='grc' dir='ltr'>(ἐν</span> <span class='ocrx_word' id='word_1_318' title='bbox 1128 3230 1238 3314; x_wconf 72' lang='grc' dir='ltr'>’.γὰρ</span> <span class='ocrx_word' id='word_1_319' title='bbox 1271 3230 1493 3299; x_wconf 78' lang='grc' dir='ltr'>τούτοις</span> <span class='ocrx_word' id='word_1_320' title='bbox 1537 3230 1699 3315; x_wconf 77' lang='grc' dir='ltr'>αὐτῷ</span> <span class='ocrx_word' id='word_1_321' title='bbox 1735 3232 1801 3293; x_wconf 86' lang='grc' dir='ltr'>τὸ</span> <span class='ocrx_word' id='word_1_322' title='bbox 1849 3230 2026 3311; x_wconf 80' lang='grc' dir='ltr'>εἶναι)</span> <span class='ocrx_word' id='word_1_323' title='bbox 2065 3231 2304 3292; x_wconf 85' lang='grc' dir='ltr'>ἀποδεῖν</span> <span class='ocrx_word' id='word_1_324' title='bbox 2351 3232 2452 3291; x_wconf 91' lang='grc' dir='ltr'>τοῦ</span> <span class='ocrx_word' id='word_1_325' title='bbox 2496 3228 2787 3311; x_wconf 79' lang='grc' dir='ltr'>γίγνεσθαι</span> <span class='ocrx_word' id='word_1_326' title='bbox 2835 3229 2970 3291; x_wconf 79' lang='grc' dir='ltr'>καθ’</span> <span class='ocrx_word' id='word_1_327' title='bbox 3013 3232 3108 3293; x_wconf 88' lang='grc' dir='ltr'>αύ-</span> <span class='ocrx_word' id='word_1_328' title='bbox 3135 3246 3190 3288; x_wconf 74' lang='lat'>25</span> 
     </span>
     <span class='ocr_line' id='line_1_30' title="bbox 596 3332 1247 3416; baseline 0.008 -26"><span class='ocrx_word' id='word_1_329' title='bbox 596 3332 697 3414; x_wconf 85' lang='grc' dir='ltr'>τὴν</span> <span class='ocrx_word' id='word_1_330' title='bbox 744 3332 1247 3416; x_wconf 66' lang='grc' dir='ltr'>προηγουμένως]</span> 
     </span>
    </p>

    <p class='ocr_par' dir='ltr' id='par_1_12' title="bbox 488 3440 3211 3837">
     <span class='ocr_line' id='line_1_31' title="bbox 488 3440 3103 3529; baseline -0.001 -22"><span class='ocrx_word' id='word_1_331' title='bbox 488 3460 557 3507; x_wconf 87' lang='grc'>30</span> <span class='ocrx_word' id='word_1_332' title='bbox 763 3440 837 3505; x_wconf 86' lang='grc' dir='ltr'>Τί</span> <span class='ocrx_word' id='word_1_333' title='bbox 880 3442 930 3505; x_wconf 84' lang='grc' dir='ltr'>δ’</span> <span class='ocrx_word' id='word_1_334' title='bbox 988 3444 1077 3518; x_wconf 81' lang='grc' dir='ltr'>ἄν,</span> <span class='ocrx_word' id='word_1_335' title='bbox 1124 3442 1313 3519; x_wconf 81' lang='grc' dir='ltr'>εἶπον,</span> <span class='ocrx_word' id='word_1_336' title='bbox 1367 3445 1554 3527; x_wconf 87' lang='grc' dir='ltr'>λέγοις</span> <span class='ocrx_word' id='word_1_337' title='bbox 1601 3447 1732 3529; x_wconf 85' lang='grc' dir='ltr'>περὶ</span> <span class='ocrx_word' id='word_1_338' title='bbox 1778 3450 1882 3507; x_wconf 87' lang='grc' dir='ltr'>τοῦ</span> <span class='ocrx_word' id='word_1_339' title='bbox 1929 3447 2306 3528; x_wconf 79' lang='grc' dir='ltr'>προνοοῦντος</span> <span class='ocrx_word' id='word_1_340' title='bbox 2354 3443 2457 3525; x_wconf 87' lang='grc' dir='ltr'>μέν</span> <span class='ocrx_word' id='word_1_341' title='bbox 2503 3466 2701 3517; x_wconf 91' lang='grc' dir='ltr'>τινων,</span> <span class='ocrx_word' id='word_1_342' title='bbox 2749 3441 2842 3527; x_wconf 82' lang='grc' dir='ltr'>ἐφ’</span> <span class='ocrx_word' id='word_1_343' title='bbox 2901 3444 3103 3507; x_wconf 83' lang='grc' dir='ltr'>ἑαυτὸν</span> 
     </span>
     <span class='ocr_line' id='line_1_32' title="bbox 595 3545 3211 3633; baseline 0.002 -26"><span class='ocrx_word' id='word_1_344' title='bbox 595 3545 786 3627; x_wconf 87' lang='grc' dir='ltr'>μέντοι</span> <span class='ocrx_word' id='word_1_345' title='bbox 830 3548 933 3629; x_wconf 82' lang='grc' dir='ltr'>τὴν</span> <span class='ocrx_word' id='word_1_346' title='bbox 975 3548 1092 3609; x_wconf 80' lang='grc' dir='ltr'>ἀπὸ</span> <span class='ocrx_word' id='word_1_347' title='bbox 1116 3551 1252 3609; x_wconf 69' lang='grc' dir='ltr'>στῶν</span> <span class='ocrx_word' id='word_1_348' title='bbox 1300 3546 1759 3633; x_wconf 80' lang='grc' dir='ltr'>προΙνοουμένων</span> <span class='ocrx_word' id='word_1_349' title='bbox 1808 3548 2066 3633; x_wconf 89' lang='grc' dir='ltr'>ὠφελίαν</span> <span class='ocrx_word' id='word_1_350' title='bbox 2113 3546 2526 3631; x_wconf 76' lang='grc' dir='ltr'>ἀναφέροντοςς</span> <span class='ocrx_word' id='word_1_351' title='bbox 2576 3546 2636 3608; x_wconf 85' lang='grc' dir='ltr'>ὃν</span> <span class='ocrx_word' id='word_1_352' title='bbox 2671 3545 2882 3631; x_wconf 89' lang='grc' dir='ltr'>τρόπον</span> <span class='ocrx_word' id='word_1_353' title='bbox 2930 3549 3074 3632; x_wconf 82' lang='grc' dir='ltr'>ὁρῶ·</span> <span class='ocrx_word' id='word_1_354' title='bbox 3123 3555 3211 3611; x_wconf 78' lang='grc'>127</span> 
     </span>
     <span class='ocr_line' id='line_1_33' title="bbox 599 3650 3107 3737; baseline 0.002 -28"><span class='ocrx_word' id='word_1_355' title='bbox 599 3670 702 3729; x_wconf 87' lang='grc' dir='ltr'>μεν</span> <span class='ocrx_word' id='word_1_356' title='bbox 747 3651 880 3717; x_wconf 89' lang='grc' dir='ltr'>τούς</span> <span class='ocrx_word' id='word_1_357' title='bbox 932 3674 993 3712; x_wconf 90' lang='grc' dir='ltr'>τε</span> <span class='ocrx_word' id='word_1_358' title='bbox 1048 3650 1323 3733; x_wconf 83' lang='grc' dir='ltr'>ποιμένας</span> <span class='ocrx_word' id='word_1_359' title='bbox 1377 3656 1493 3714; x_wconf 90' lang='grc' dir='ltr'>τῶν</span> <span class='ocrx_word' id='word_1_360' title='bbox 1550 3653 1858 3737; x_wconf 84' lang='grc' dir='ltr'>προβάτων</span> <span class='ocrx_word' id='word_1_361' title='bbox 1916 3650 2401 3735; x_wconf 89' lang='grc' dir='ltr'>προνοουμένους,</span> <span class='ocrx_word' id='word_1_362' title='bbox 2457 3651 2550 3712; x_wconf 87' lang='grc' dir='ltr'>καὶ</span> <span class='ocrx_word' id='word_1_363' title='bbox 2607 3650 2741 3718; x_wconf 79' lang='grc' dir='ltr'>τοὺς</span> <span class='ocrx_word' id='word_1_364' title='bbox 2785 3651 3107 3735; x_wconf 82' lang='grc' dir='ltr'>βουκόλους</span> 
     </span>
     <span class='ocr_line' id='line_1_34' title="bbox 592 3753 3107 3837; baseline 0.002 -24"><span class='ocrx_word' id='word_1_365' title='bbox 592 3756 707 3813; x_wconf 89' lang='grc' dir='ltr'>τῶν</span> <span class='ocrx_word' id='word_1_366' title='bbox 754 3753 939 3836; x_wconf 90' lang='grc' dir='ltr'>βοῶν,</span> <span class='ocrx_word' id='word_1_367' title='bbox 998 3755 1093 3816; x_wconf 87' lang='grc' dir='ltr'>καὶ</span> <span class='ocrx_word' id='word_1_368' title='bbox 1140 3758 1255 3815; x_wconf 89' lang='grc' dir='ltr'>τῶν</span> <span class='ocrx_word' id='word_1_369' title='bbox 1303 3756 1481 3837; x_wconf 86' lang='grc' dir='ltr'>αἰγῶν</span> <span class='ocrx_word' id='word_1_370' title='bbox 1525 3755 1660 3834; x_wconf 78' lang='grc' dir='ltr'>τοὺς</span> <span class='ocrx_word' id='word_1_371' title='bbox 1709 3754 2016 3829; x_wconf 79' lang='grc' dir='ltr'>αἰπόλους,</span> <span class='ocrx_word' id='word_1_372' title='bbox 2063 3754 2281 3835; x_wconf 86' lang='grc' dir='ltr'>ὁμοίως</span> <span class='ocrx_word' id='word_1_373' title='bbox 2325 3754 2390 3815; x_wconf 91' lang='grc' dir='ltr'>δὲ</span> <span class='ocrx_word' id='word_1_374' title='bbox 2433 3755 2528 3817; x_wconf 83' lang='grc' dir='ltr'>καὶ</span> <span class='ocrx_word' id='word_1_375' title='bbox 2575 3754 2708 3821; x_wconf 79' lang='grc' dir='ltr'>τοὺς</span> <span class='ocrx_word' id='word_1_376' title='bbox 2753 3756 3107 3836; x_wconf 88' lang='grc' dir='ltr'>ἱππονόμους</span> 
     </span>
    </p>
   </div>
   <div class='ocr_carea' id='block_1_5' title="bbox 480 3851 3211 4243">
    <p class='ocr_par' dir='ltr' id='par_1_13' title="bbox 480 3851 3211 4243">
     <span class='ocr_line' id='line_1_35' title="bbox 592 3851 3184 3953; baseline -0 -36"><span class='ocrx_word' id='word_1_377' title='bbox 592 3856 685 3917; x_wconf 85' lang='grc' dir='ltr'>καὶ</span> <span class='ocrx_word' id='word_1_378' title='bbox 730 3856 865 3923; x_wconf 79' lang='grc' dir='ltr'>τοὺς</span> <span class='ocrx_word' id='word_1_379' title='bbox 910 3856 1180 3941; x_wconf 84' lang='grc' dir='ltr'>συβώτας</span> <span class='ocrx_word' id='word_1_380' title='bbox 1225 3862 1339 3920; x_wconf 90' lang='grc' dir='ltr'>τῶν</span> <span class='ocrx_word' id='word_1_381' title='bbox 1386 3858 1721 3941; x_wconf 87' lang='grc' dir='ltr'>νεμομένων</span> <span class='ocrx_word' id='word_1_382' title='bbox 1770 3882 1832 3921; x_wconf 88' lang='grc' dir='ltr'>τε</span> <span class='ocrx_word' id='word_1_383' title='bbox 1878 3851 1974 3921; x_wconf 80' lang='grc' dir='ltr'>καὶ</span> <span class='ocrx_word' id='word_1_384' title='bbox 2021 3856 2391 3953; x_wconf 79' lang='grc' dir='ltr'>βοσκομένων</span> <span class='ocrx_word' id='word_1_385' title='bbox 2441 3855 2536 3919; x_wconf 80' lang='grc' dir='ltr'>ὑπ’</span> <span class='ocrx_word' id='word_1_386' title='bbox 2592 3858 2803 3920; x_wconf 81' lang='grc' dir='ltr'>αὐτῶν.</span> <span class='ocrx_word' id='word_1_387' title='bbox 3156 3875 3184 3916; x_wconf 67' lang='grc' dir='ltr'>ι’»</span> 
     </span>
     <span class='ocr_line' id='line_1_36' title="bbox 489 4084 3211 4157; baseline 0 -20"><span class='ocrx_word' id='word_1_388' title='bbox 489 4086 511 4137; x_wconf 94' lang='grc'>1</span> <span class='ocrx_word' id='word_1_389' title='bbox 553 4085 691 4140; x_wconf 78' lang='grc' dir='ltr'>δοκεῖ</span> <span class='ocrx_word' id='word_1_390' title='bbox 725 4086 813 4153; x_wconf 89' lang='lat' dir='ltr'>Sp.</span> <span class='ocrx_word' id='word_1_391' title='bbox 858 4088 983 4155; x_wconf 85' lang='lat' dir='ltr'>quia</span> <span class='ocrx_word' id='word_1_392' title='bbox 1018 4087 1148 4139; x_wconf 84' lang='lat' dir='ltr'><strong>falso</strong></span> <span class='ocrx_word' id='word_1_393' title='bbox 1186 4088 1517 4155; x_wconf 78' lang='lat' dir='ltr'><strong>interpunxit</strong></span> <span class='ocrx_word' id='word_1_394' title='bbox 1554 4094 1675 4140; x_wconf 80' lang='lat' dir='ltr'><strong>ante</strong></span> <span class='ocrx_word' id='word_1_395' title='bbox 1714 4096 1923 4157; x_wconf 86' lang='grc' dir='ltr'>σημεῖον</span> <span class='ocrx_word' id='word_1_396' title='bbox 2124 4088 2157 4138; x_wconf 85' lang='grc'><strong>4</strong></span> <span class='ocrx_word' id='word_1_397' title='bbox 2195 4086 2423 4155; x_wconf 82' lang='grc' dir='ltr'>λέγοντες</span> <span class='ocrx_word' id='word_1_398' title='bbox 2461 4084 2585 4137; x_wconf 77' lang='grc' dir='ltr'>εἶναι</span> <span class='ocrx_word' id='word_1_399' title='bbox 2611 4104 2642 4137; x_wconf 80' lang='lat' dir='ltr'><strong>a</strong></span> <span class='ocrx_word' id='word_1_400' title='bbox 2677 4088 2766 4153; x_wconf 88' lang='lat' dir='ltr'>Sp.</span> <span class='ocrx_word' id='word_1_401' title='bbox 2964 4084 3081 4153; x_wconf 73' lang='grc' dir='ltr'>οὐκ]</span> <span class='ocrx_word' id='word_1_402' title='bbox 3122 4086 3211 4139; x_wconf 67' lang='grc' dir='ltr'>ἐπ’</span> 
     </span>
     <span class='ocr_line' id='line_1_37' title="bbox 480 4172 3205 4243; baseline 0 -18"><span class='ocrx_word' id='word_1_403' title='bbox 480 4172 649 4227; x_wconf 78' lang='lat' dir='ltr'><strong>B²S²a</strong></span> <span class='ocrx_word' id='word_1_404' title='bbox 672 4176 786 4241; x_wconf 88' lang='lat' dir='ltr'><strong>Sp.;</strong></span> <span class='ocrx_word' id='word_1_405' title='bbox 825 4174 1043 4227; x_wconf 73' lang='lat' dir='ltr'><strong>fortasse</strong></span> <span class='ocrx_word' id='word_1_406' title='bbox 1083 4180 1215 4227; x_wconf 82' lang='lat' dir='ltr'><strong>recte</strong></span> <span class='ocrx_word' id='word_1_407' title='bbox 1253 4174 1317 4227; x_wconf 76' lang='lat' dir='ltr'>cf.</span> <span class='ocrx_word' id='word_1_408' title='bbox 1357 4174 1537 4241; x_wconf 81' lang='lat' dir='ltr'><strong>Simpl.</strong></span> <span class='ocrx_word' id='word_1_409' title='bbox 1578 4175 1643 4226; x_wconf 84' lang='lat' dir='ltr'>ad</span> <span class='ocrx_word' id='word_1_410' title='bbox 1681 4176 1838 4243; x_wconf 84' lang='lat' dir='ltr'><strong>Phys.</strong></span> <span class='ocrx_word' id='word_1_411' title='bbox 1869 4176 1934 4240; x_wconf 86' lang='lat'>11,</span> <span class='ocrx_word' id='word_1_412' title='bbox 1963 4176 2011 4227; x_wconf 87' lang='grc'>5.</span> <span class='ocrx_word' id='word_1_413' title='bbox 2051 4174 2216 4239; x_wconf 74' lang='lat' dir='ltr'>334,ss</span> <span class='ocrx_word' id='word_1_414' title='bbox 2238 4190 2349 4242; x_wconf 86' lang='lat' dir='ltr'><strong>sqq.</strong></span> <span class='ocrx_word' id='word_1_415' title='bbox 2532 4172 2648 4241; x_wconf 80' lang='grc' dir='ltr'>τοῦ]</span> <span class='ocrx_word' id='word_1_416' title='bbox 2688 4173 2744 4225; x_wconf 80' lang='grc' dir='ltr'>οὐ</span> <span class='ocrx_word' id='word_1_417' title='bbox 2782 4176 2862 4242; x_wconf 76' lang='grc' dir='ltr'>τῷ</span> <span class='ocrx_word' id='word_1_418' title='bbox 2898 4172 3066 4227; x_wconf 74' lang='lat' dir='ltr'><strong>B²S²a</strong></span> <span class='ocrx_word' id='word_1_419' title='bbox 3089 4178 3205 4241; x_wconf 81' lang='lat' dir='ltr'><strong>Sp.:</strong></span> 
     </span>
    </p>
   </div>
   <div class='ocr_carea' id='block_1_6' title="bbox 475 4258 3207 4954">
    <p class='ocr_par' dir='ltr' id='par_1_14' title="bbox 475 4258 3207 4858">
     <span class='ocr_line' id='line_1_38' title="bbox 480 4258 3206 4333; baseline 0 -20"><span class='ocrx_word' id='word_1_420' title='bbox 480 4261 559 4330; x_wconf 71' lang='grc' dir='ltr'>τῷ</span> <span class='ocrx_word' id='word_1_421' title='bbox 582 4261 725 4315; x_wconf 85' lang='lat' dir='ltr'><strong>Diels</strong></span> <span class='ocrx_word' id='word_1_422' title='bbox 869 4262 901 4315; x_wconf 90' lang='lat'>5</span> <span class='ocrx_word' id='word_1_423' title='bbox 939 4262 1257 4332; x_wconf 78' lang='grc' dir='ltr'>ἀπροοράτῳ]</span> <span class='ocrx_word' id='word_1_424' title='bbox 1300 4262 1610 4333; x_wconf 81' lang='grc' dir='ltr'>ἀπροαιρέτῳ</span> <span class='ocrx_word' id='word_1_425' title='bbox 1632 4264 1767 4316; x_wconf 85' lang='lat' dir='ltr'><strong>vict.</strong></span> <span class='ocrx_word' id='word_1_426' title='bbox 1913 4262 1943 4314; x_wconf 89' lang='lat'>9</span> <span class='ocrx_word' id='word_1_427' title='bbox 1981 4264 2205 4315; x_wconf 76' lang='lat' dir='ltr'><strong>fortasse</strong></span> <span class='ocrx_word' id='word_1_428' title='bbox 2229 4260 2519 4333; x_wconf 80' lang='grc' dir='ltr'>διαιρεῖσθαι</span> <span class='ocrx_word' id='word_1_429' title='bbox 2667 4262 2729 4315; x_wconf 90' lang='grc'>18</span> <span class='ocrx_word' id='word_1_430' title='bbox 2769 4260 2886 4313; x_wconf 86' lang='grc' dir='ltr'>ὄντα</span> <span class='ocrx_word' id='word_1_431' title='bbox 2914 4258 3030 4313; x_wconf 62' lang='grc' dir='ltr'>καθ’</span> <span class='ocrx_word' id='word_1_432' title='bbox 3059 4261 3206 4330; x_wconf 75' lang='grc' dir='ltr'>αὐτὸ]</span> 
     </span>
     <span class='ocr_line' id='line_1_39' title="bbox 480 4345 3206 4418; baseline 0 -18"><span class='ocrx_word' id='word_1_433' title='bbox 480 4345 600 4401; x_wconf 72' lang='grc' dir='ltr'>καθ’</span> <span class='ocrx_word' id='word_1_434' title='bbox 629 4348 753 4401; x_wconf 70' lang='grc' dir='ltr'>αὑτὸ</span> <span class='ocrx_word' id='word_1_435' title='bbox 792 4348 913 4402; x_wconf 82' lang='grc' dir='ltr'>ὄντα</span> <span class='ocrx_word' id='word_1_436' title='bbox 951 4346 1067 4403; x_wconf 76' lang='grc' dir='ltr'>καθ’</span> <span class='ocrx_word' id='word_1_437' title='bbox 1106 4350 1229 4402; x_wconf 72' lang='grc' dir='ltr'>αὑτὸ</span> <span class='ocrx_word' id='word_1_438' title='bbox 1260 4350 1421 4403; x_wconf 84' lang='lat' dir='ltr'><strong>Vict.:</strong></span> <span class='ocrx_word' id='word_1_439' title='bbox 1460 4346 1577 4402; x_wconf 77' lang='grc' dir='ltr'>καθ’</span> <span class='ocrx_word' id='word_1_440' title='bbox 1618 4350 1741 4403; x_wconf 76' lang='grc' dir='ltr'>αὐτὸ</span> <span class='ocrx_word' id='word_1_441' title='bbox 1780 4349 1836 4402; x_wconf 89' lang='grc' dir='ltr'>ὂν</span> <span class='ocrx_word' id='word_1_442' title='bbox 1874 4350 1930 4403; x_wconf 88' lang='grc' dir='ltr'>τὸ</span> <span class='ocrx_word' id='word_1_443' title='bbox 1969 4346 2083 4403; x_wconf 78' lang='grc' dir='ltr'>καθ’</span> <span class='ocrx_word' id='word_1_444' title='bbox 2123 4348 2246 4403; x_wconf 78' lang='grc' dir='ltr'>αὓτὸ</span> <span class='ocrx_word' id='word_1_445' title='bbox 2273 4350 2386 4418; x_wconf 89' lang='lat' dir='ltr'><strong>Sp.:</strong></span> <span class='ocrx_word' id='word_1_446' title='bbox 2427 4366 2612 4402; x_wconf 81' lang='lat' dir='ltr'><strong>sensus</strong></span> <span class='ocrx_word' id='word_1_447' title='bbox 2649 4350 2881 4417; x_wconf 80' lang='lat' dir='ltr'><strong>postulat</strong></span> <span class='ocrx_word' id='word_1_448' title='bbox 2917 4350 3020 4402; x_wconf 80' lang='lat' dir='ltr'><strong>tale</strong></span> <span class='ocrx_word' id='word_1_449' title='bbox 3057 4349 3206 4417; x_wconf 90' lang='lat' dir='ltr'>quid:</span> 
     </span>
     <span class='ocr_line' id='line_1_40' title="bbox 478 4434 3204 4509; baseline -0.001 -20"><span class='ocrx_word' id='word_1_450' title='bbox 478 4436 593 4503; x_wconf 85' lang='lat'>(17)</span> <span class='ocrx_word' id='word_1_451' title='bbox 633 4436 739 4506; x_wconf 79' lang='grc' dir='ltr'>οὖν,</span> <span class='ocrx_word' id='word_1_452' title='bbox 790 4438 992 4503; x_wconf 81' lang='grc' dir='ltr'>εἶπεν,</span> <span class='ocrx_word' id='word_1_453' title='bbox 1029 4438 1059 4509; x_wconf 88' lang='grc' dir='ltr'>ἡ</span> <span class='ocrx_word' id='word_1_454' title='bbox 1100 4442 1277 4491; x_wconf 84' lang='grc' dir='ltr'>τοῦτον</span> <span class='ocrx_word' id='word_1_455' title='bbox 1314 4443 1364 4490; x_wconf 82' lang='lat' dir='ltr'>et</span> <span class='ocrx_word' id='word_1_456' title='bbox 1403 4436 1509 4504; x_wconf 75' lang='lat'><strong>(17.</strong></span> <span class='ocrx_word' id='word_1_457' title='bbox 1544 4437 1625 4505; x_wconf 89' lang='lat'>18)</span> <span class='ocrx_word' id='word_1_458' title='bbox 1664 4438 1849 4509; x_wconf 87' lang='grc' dir='ltr'>τρόπον</span> <span class='ocrx_word' id='word_1_459' title='bbox 1887 4436 1986 4490; x_wconf 84' lang='grc' dir='ltr'>ὅτι</span> <span class='ocrx_word' id='word_1_460' title='bbox 2022 4434 2140 4489; x_wconf 69' lang='grc' dir='ltr'>καθ’</span> <span class='ocrx_word' id='word_1_461' title='bbox 2328 4436 2387 4489; x_wconf 86' lang='grc'>18</span> <span class='ocrx_word' id='word_1_462' title='bbox 2424 4454 2557 4495; x_wconf 86' lang='grc' dir='ltr'>τινος</span> <span class='ocrx_word' id='word_1_463' title='bbox 2593 4435 2626 4507; x_wconf 82' lang='grc' dir='ltr'>ἢ</span> <span class='ocrx_word' id='word_1_464' title='bbox 2663 4436 2722 4489; x_wconf 88' lang='grc' dir='ltr'>τὸ</span> <span class='ocrx_word' id='word_1_465' title='bbox 2760 4456 2791 4488; x_wconf 82' lang='lat' dir='ltr'>a</span> <span class='ocrx_word' id='word_1_466' title='bbox 2974 4440 3034 4489; x_wconf 66' lang='lat'>1¹.)</span> <span class='ocrx_word' id='word_1_467' title='bbox 3070 4436 3204 4505; x_wconf 86' lang='grc' dir='ltr'>τινὰ]</span> 
     </span>
     <span class='ocr_line' id='line_1_41' title="bbox 477 4520 3207 4601; baseline 0 -26"><span class='ocrx_word' id='word_1_468' title='bbox 477 4523 611 4582; x_wconf 85' lang='grc' dir='ltr'>τινὸς</span> <span class='ocrx_word' id='word_1_469' title='bbox 646 4524 817 4577; x_wconf 79' lang='lat' dir='ltr'><strong>B²S²a</strong></span> <span class='ocrx_word' id='word_1_470' title='bbox 957 4532 1113 4578; x_wconf 87' lang='grc' dir='ltr'>ποιεῖν</span> <span class='ocrx_word' id='word_1_471' title='bbox 1148 4524 1315 4579; x_wconf 81' lang='lat' dir='ltr'><strong>B²s²a</strong></span> <span class='ocrx_word' id='word_1_472' title='bbox 1340 4528 1457 4601; x_wconf 70' lang='lat' dir='ltr'>Sp.:⁵</span> <span class='ocrx_word' id='word_1_473' title='bbox 1494 4534 1625 4578; x_wconf 86' lang='grc' dir='ltr'>ποιεῖ</span> <span class='ocrx_word' id='word_1_474' title='bbox 1649 4528 1872 4579; x_wconf 85' lang='lat' dir='ltr'><strong>VFB¹S¹</strong></span> <span class='ocrx_word' id='word_1_475' title='bbox 2018 4524 2225 4575; x_wconf 78' lang='lat'><strong>22—29</strong></span> <span class='ocrx_word' id='word_1_476' title='bbox 2265 4526 2351 4576; x_wconf 83' lang='grc' dir='ltr'>καὶ</span> <span class='ocrx_word' id='word_1_477' title='bbox 2387 4526 2430 4577; x_wconf 74' lang='grc' dir='ltr'>εἰ</span> <span class='ocrx_word' id='word_1_478' title='bbox 2443 4520 2916 4595; x_wconf 81' lang='grc' dir='ltr'>-προηγουμένως</span> <span class='ocrx_word' id='word_1_479' title='bbox 2953 4525 3207 4577; x_wconf 81' lang='lat' dir='ltr'><strong>emblema</strong></span> 
     </span>
     <span class='ocr_line' id='line_1_42' title="bbox 478 4609 3203 4681; baseline 0 -18"><span class='ocrx_word' id='word_1_480' title='bbox 478 4628 545 4663; x_wconf 78' lang='lat' dir='ltr'>ex</span> <span class='ocrx_word' id='word_1_481' title='bbox 582 4610 782 4679; x_wconf 75' lang='lat' dir='ltr'><strong>308qq.</strong></span> <span class='ocrx_word' id='word_1_482' title='bbox 951 4614 1017 4665; x_wconf 87' lang='grc'>24</span> <span class='ocrx_word' id='word_1_483' title='bbox 1054 4610 1215 4679; x_wconf 80' lang='grc' dir='ltr'>&lt;οὔτε&gt;</span> <span class='ocrx_word' id='word_1_484' title='bbox 1251 4609 1367 4666; x_wconf 72' lang='grc' dir='ltr'>καθ’</span> <span class='ocrx_word' id='word_1_485' title='bbox 1407 4612 1530 4665; x_wconf 77' lang='grc' dir='ltr'>αὑτὸ</span> <span class='ocrx_word' id='word_1_486' title='bbox 1569 4611 1708 4665; x_wconf 76' lang='grc' dir='ltr'>οὔτε</span> <span class='ocrx_word' id='word_1_487' title='bbox 1747 4615 1886 4666; x_wconf 86' lang='lat' dir='ltr'><strong>coni.</strong></span> <span class='ocrx_word' id='word_1_488' title='bbox 1915 4613 2002 4680; x_wconf 92' lang='lat' dir='ltr'>Sp.</span> <span class='ocrx_word' id='word_1_489' title='bbox 2183 4612 2265 4665; x_wconf 88' lang='grc'>25.</span> <span class='ocrx_word' id='word_1_490' title='bbox 2296 4613 2360 4663; x_wconf 89' lang='grc'>26</span> <span class='ocrx_word' id='word_1_491' title='bbox 2401 4612 2720 4665; x_wconf 72' lang='grc' dir='ltr'>οὔτε-οὔτε</span> <span class='ocrx_word' id='word_1_492' title='bbox 2749 4613 2861 4681; x_wconf 90' lang='lat' dir='ltr'><strong>Sp.:</strong></span> <span class='ocrx_word' id='word_1_493' title='bbox 2902 4612 3203 4665; x_wconf 75' lang='grc' dir='ltr'>οὐδὲ-οὑδὲ</span> 
     </span>
     <span class='ocr_line' id='line_1_43' title="bbox 478 4698 3205 4769; baseline 0 -19"><span class='ocrx_word' id='word_1_494' title='bbox 478 4700 593 4751; x_wconf 81' lang='lat' dir='ltr'>libri</span> <span class='ocrx_word' id='word_1_495' title='bbox 776 4698 843 4751; x_wconf 89' lang='grc'>26</span> <span class='ocrx_word' id='word_1_496' title='bbox 899 4700 958 4753; x_wconf 78' lang='grc' dir='ltr'>οὒ</span> <span class='ocrx_word' id='word_1_497' title='bbox 1004 4700 1169 4754; x_wconf 77' lang='lat' dir='ltr'><strong>B²S²a</strong></span> <span class='ocrx_word' id='word_1_498' title='bbox 1213 4700 1325 4767; x_wconf 87' lang='lat' dir='ltr'><strong>Sp.:</strong></span> <span class='ocrx_word' id='word_1_499' title='bbox 1380 4701 1413 4769; x_wconf 84' lang='grc' dir='ltr'><strong>ἢ</strong></span> <span class='ocrx_word' id='word_1_500' title='bbox 1456 4702 1634 4754; x_wconf 86' lang='lat' dir='ltr'><strong>VB¹S¹</strong></span> <span class='ocrx_word' id='word_1_501' title='bbox 1832 4705 1950 4769; x_wconf 84' lang='lat' dir='ltr'><strong>post</strong></span> <span class='ocrx_word' id='word_1_502' title='bbox 1988 4700 2062 4753; x_wconf 83' lang='grc' dir='ltr'>ὅτι</span> <span class='ocrx_word' id='word_1_503' title='bbox 2111 4700 2228 4752; x_wconf 89' lang='lat' dir='ltr'><strong>add.</strong></span> <span class='ocrx_word' id='word_1_504' title='bbox 2281 4699 2340 4752; x_wconf 78' lang='grc' dir='ltr'>οὒ</span> <span class='ocrx_word' id='word_1_505' title='bbox 2378 4699 2543 4752; x_wconf 79' lang='lat' dir='ltr'><strong>B²S²a</strong></span> <span class='ocrx_word' id='word_1_506' title='bbox 2588 4700 2675 4767; x_wconf 89' lang='lat' dir='ltr'>Sp.</span> <span class='ocrx_word' id='word_1_507' title='bbox 2864 4701 2932 4751; x_wconf 85' lang='grc'>28</span> <span class='ocrx_word' id='word_1_508' title='bbox 2988 4700 3205 4751; x_wconf 77' lang='lat' dir='ltr'><strong>fortasse</strong></span> 
     </span>
     <span class='ocr_line' id='line_1_44' title="bbox 475 4784 3016 4858; baseline -0 -19"><span class='ocrx_word' id='word_1_509' title='bbox 475 4784 685 4855; x_wconf 81' lang='grc' dir='ltr'>&lt;ὀλίγον&gt;</span> <span class='ocrx_word' id='word_1_510' title='bbox 720 4786 897 4841; x_wconf 80' lang='grc' dir='ltr'>ἀποδεῖ</span> <span class='ocrx_word' id='word_1_511' title='bbox 1072 4788 1155 4840; x_wconf 86' lang='grc'>28.</span> <span class='ocrx_word' id='word_1_512' title='bbox 1196 4788 1261 4840; x_wconf 87' lang='grc'>29</span> <span class='ocrx_word' id='word_1_513' title='bbox 1320 4787 1501 4858; x_wconf 71' lang='grc' dir='ltr'>αὑτὴν]</span> <span class='ocrx_word' id='word_1_514' title='bbox 1548 4790 1669 4841; x_wconf 69' lang='grc' dir='ltr'>αὐτὸ</span> <span class='ocrx_word' id='word_1_515' title='bbox 1709 4792 1793 4843; x_wconf 83' lang='grc' dir='ltr'>καὶ</span> <span class='ocrx_word' id='word_1_516' title='bbox 1831 4792 1967 4843; x_wconf 85' lang='lat' dir='ltr'><strong>coni.</strong></span> <span class='ocrx_word' id='word_1_517' title='bbox 2013 4790 2098 4857; x_wconf 89' lang='lat' dir='ltr'>Sp.</span> <span class='ocrx_word' id='word_1_518' title='bbox 2143 4794 2277 4840; x_wconf 77' lang='lat' dir='ltr'><strong>reete</strong></span> <span class='ocrx_word' id='word_1_519' title='bbox 2473 4788 2528 4839; x_wconf 89' lang='lat'>31</span> <span class='ocrx_word' id='word_1_520' title='bbox 2595 4788 2919 4858; x_wconf 87' lang='grc' dir='ltr'>προουμένων</span> <span class='ocrx_word' id='word_1_521' title='bbox 2973 4792 3016 4838; x_wconf 91' lang='lat' dir='ltr'>V</span> 
     </span>
    </p>

    <p class='ocr_par' dir='ltr' id='par_1_15' title="bbox 476 4872 2786 4954">
     <span class='ocr_line' id='line_1_45' title="bbox 476 4872 2786 4954; baseline 0.001 -30"><span class='ocrx_word' id='word_1_522' title='bbox 476 4872 544 4924; x_wconf 78' lang='lat'>32</span> <span class='ocrx_word' id='word_1_523' title='bbox 606 4873 866 4943; x_wconf 83' lang='grc' dir='ltr'>ποιμένας]</span> <span class='ocrx_word' id='word_1_524' title='bbox 917 4877 1052 4927; x_wconf 80' lang='lat' dir='ltr'>inter</span> <span class='ocrx_word' id='word_1_525' title='bbox 1097 4882 1203 4928; x_wconf 66' lang='lat' dir='ltr'>t‘et</span> <span class='ocrx_word' id='word_1_526' title='bbox 1248 4896 1286 4944; x_wconf 88' lang='grc' dir='ltr'>μ</span> <span class='ocrx_word' id='word_1_527' title='bbox 1322 4876 1353 4926; x_wconf 87' lang='grc'><strong>2</strong></span> <span class='ocrx_word' id='word_1_528' title='bbox 1403 4876 1499 4927; x_wconf 85' lang='lat' dir='ltr'><strong>litt.</strong></span> <span class='ocrx_word' id='word_1_529' title='bbox 1548 4894 1722 4929; x_wconf 79' lang='lat' dir='ltr'><strong>erasae</strong></span> <span class='ocrx_word' id='word_1_530' title='bbox 1764 4882 1807 4928; x_wconf 89' lang='lat' dir='ltr'>V</span> <span class='ocrx_word' id='word_1_531' title='bbox 1926 4942 1938 4954; x_wconf 49' lang='lat'><strong>·</strong></span> <span class='ocrx_word' id='word_1_532' title='bbox 1979 4880 2312 4947; x_wconf 78' lang='grc' dir='ltr'>προνοοῦντας</span> <span class='ocrx_word' id='word_1_533' title='bbox 2350 4875 2484 4927; x_wconf 86' lang='lat' dir='ltr'><strong>coni.</strong></span> <span class='ocrx_word' id='word_1_534' title='bbox 2525 4875 2612 4943; x_wconf 88' lang='lat' dir='ltr'>Sp.</span> <span class='ocrx_word' id='word_1_535' title='bbox 2651 4882 2786 4927; x_wconf 83' lang='lat' dir='ltr'>reete</span> 
     </span>
    </p>
   </div>
   <div class='ocr_carea' id='block_1_7' title="bbox 2705 4962 2794 5027">
    <p class='ocr_par' dir='ltr' id='par_1_16' title="bbox 2705 4962 2794 5027">
     <span class='ocr_line' id='line_1_46' title="bbox 2705 4962 2794 5027; baseline 0 -26"><span class='ocrx_word' id='word_1_536' title='bbox 2705 4962 2794 5027; x_wconf 64' lang='lat'>521⁸*</span> 
     </span>
    </p>
   </div>
  </div>
 </body>
</html>
