<?xml version="1.0" encoding="UTF-8"?>
<!DOCTYPE html PUBLIC "-//W3C//DTD XHTML 1.0 Transitional//EN"
    "http://www.w3.org/TR/xhtml1/DTD/xhtml1-transitional.dtd">
<html xmlns="http://www.w3.org/1999/xhtml" xml:lang="en" lang="en">
 <head>
  <title>
</title>
<meta http-equiv="Content-Type" content="text/html;charset=utf-8" />
  <meta name='ocr-system' content='tesseract 3.04.00' />
  <meta name='ocr-capabilities' content='ocr_page ocr_carea ocr_par ocr_line ocrx_word'/>
</head>
<body>
  <div class='ocr_page' id='page_1' title='image "./supplementumari00wissgoog_0259.png"; bbox 0 0 3684 5567; ppageno 0'>
   <div class='ocr_carea' id='block_1_1' title="bbox 1363 262 3180 337">
    <p class='ocr_par' dir='ltr' id='par_1_1' title="bbox 1363 262 3180 337">
     <span class='ocr_line' id='line_1_1' title="bbox 1363 262 3180 337; baseline 0.011 -19"><span class='ocrx_word' id='word_1_1' title='bbox 1363 262 1525 319; x_wconf 79' lang='grc' dir='ltr'>ΠΕΡΙ</span> <span class='ocrx_word' id='word_1_2' title='bbox 1574 263 2044 321; x_wconf 75' lang='grc' dir='ltr'>ΕΙΜΑΡΜΕΝΗΣ</span> <span class='ocrx_word' id='word_1_3' title='bbox 2084 268 2282 321; x_wconf 91' lang='lat'>10-11</span> <span class='ocrx_word' id='word_1_4' title='bbox 3061 273 3180 337; x_wconf 79' lang='lat'>179</span> 
     </span>
    </p>
   </div>
   <div class='ocr_carea' id='block_1_2' title="bbox 464 436 3177 3103">
    <p class='ocr_par' dir='ltr' id='par_1_2' title="bbox 464 436 3177 3103">
     <span class='ocr_line' id='line_1_2' title="bbox 570 436 3152 529; baseline 0.003 -33"><span class='ocrx_word' id='word_1_5' title='bbox 570 436 719 518; x_wconf 87' lang='grc' dir='ltr'>μηδὲ</span> <span class='ocrx_word' id='word_1_6' title='bbox 784 441 859 520; x_wconf 72' lang='grc' dir='ltr'>τῇ</span> <span class='ocrx_word' id='word_1_7' title='bbox 918 438 1049 522; x_wconf 83' lang='grc' dir='ltr'>περὶ</span> <span class='ocrx_word' id='word_1_8' title='bbox 1102 438 1321 501; x_wconf 78' lang='grc' dir='ltr'>τούτων</span> <span class='ocrx_word' id='word_1_9' title='bbox 1390 440 1577 523; x_wconf 81' lang='grc' dir='ltr'>βουλῇ</span> <span class='ocrx_word' id='word_1_10' title='bbox 1645 440 1819 503; x_wconf 83' lang='grc' dir='ltr'>πλέον</span> <span class='ocrx_word' id='word_1_11' title='bbox 1881 464 1930 503; x_wconf 89' lang='grc' dir='ltr'>τι</span> <span class='ocrx_word' id='word_1_12' title='bbox 1997 442 2136 525; x_wconf 80' lang='grc' dir='ltr'>ἡμῖν</span> <span class='ocrx_word' id='word_1_13' title='bbox 2201 443 2430 525; x_wconf 88' lang='grc' dir='ltr'>γίνεται.</span> <span class='ocrx_word' id='word_1_14' title='bbox 2523 442 2933 529; x_wconf 77' lang='grc' dir='ltr'>βουλευόμεθα</span> <span class='ocrx_word' id='word_1_15' title='bbox 3003 444 3066 507; x_wconf 84' lang='grc' dir='ltr'>δὲ</span> <span class='ocrx_word' id='word_1_16' title='bbox 3095 461 3152 503; x_wconf 72' lang='grc' dir='ltr'>ιο</span> 
     </span>
     <span class='ocr_line' id='line_1_3' title="bbox 570 539 3071 632; baseline 0.003 -31"><span class='ocrx_word' id='word_1_17' title='bbox 570 540 700 621; x_wconf 87' lang='grc' dir='ltr'>περὶ</span> <span class='ocrx_word' id='word_1_18' title='bbox 764 539 953 622; x_wconf 90' lang='grc' dir='ltr'>μόνων</span> <span class='ocrx_word' id='word_1_19' title='bbox 1020 545 1136 603; x_wconf 87' lang='grc' dir='ltr'>τῶν</span> <span class='ocrx_word' id='word_1_20' title='bbox 1206 540 1302 626; x_wconf 82' lang='grc' dir='ltr'>ὑφ’</span> <span class='ocrx_word' id='word_1_21' title='bbox 1358 544 1528 625; x_wconf 83' lang='grc' dir='ltr'>ἡμῶν</span> <span class='ocrx_word' id='word_1_22' title='bbox 1594 566 1659 606; x_wconf 89' lang='grc' dir='ltr'>τε</span> <span class='ocrx_word' id='word_1_23' title='bbox 1725 543 2134 627; x_wconf 81' lang='grc' dir='ltr'>πραττομένων</span> <span class='ocrx_word' id='word_1_24' title='bbox 2196 547 2290 609; x_wconf 79' lang='grc' dir='ltr'>καὶ</span> <span class='ocrx_word' id='word_1_25' title='bbox 2349 548 2699 625; x_wconf 80' lang='grc' dir='ltr'>μελλόντων,</span> <span class='ocrx_word' id='word_1_26' title='bbox 2769 550 2944 632; x_wconf 77' lang='grc' dir='ltr'>δῆλον</span> <span class='ocrx_word' id='word_1_27' title='bbox 2988 550 3071 616; x_wconf 81' lang='grc' dir='ltr'>ὡς</span> 
     </span>
     <span class='ocr_line' id='line_1_4' title="bbox 571 639 3067 734; baseline 0.004 -32"><span class='ocrx_word' id='word_1_28' title='bbox 571 639 791 710; x_wconf 81' lang='grc' dir='ltr'>ἕξοντές</span> <span class='ocrx_word' id='word_1_29' title='bbox 820 666 873 705; x_wconf 91' lang='grc' dir='ltr'>τι</span> <span class='ocrx_word' id='word_1_30' title='bbox 916 642 1011 705; x_wconf 83' lang='grc' dir='ltr'>διὰ</span> <span class='ocrx_word' id='word_1_31' title='bbox 1053 643 1259 707; x_wconf 78' lang='grc' dir='ltr'>τούτου</span> <span class='ocrx_word' id='word_1_32' title='bbox 1304 644 1479 707; x_wconf 84' lang='grc' dir='ltr'>πλέον</span> <span class='ocrx_word' id='word_1_33' title='bbox 1524 646 1607 713; x_wconf 85' lang='grc' dir='ltr'>εἰς</span> <span class='ocrx_word' id='word_1_34' title='bbox 1648 647 1753 729; x_wconf 85' lang='grc' dir='ltr'>τὴν</span> <span class='ocrx_word' id='word_1_35' title='bbox 1800 646 2017 729; x_wconf 76' lang='grc' dir='ltr'>αἵρεσίν</span> <span class='ocrx_word' id='word_1_36' title='bbox 2049 671 2111 709; x_wconf 89' lang='grc' dir='ltr'>τε</span> <span class='ocrx_word' id='word_1_37' title='bbox 2155 650 2249 711; x_wconf 84' lang='grc' dir='ltr'>καὶ</span> <span class='ocrx_word' id='word_1_38' title='bbox 2297 649 2495 731; x_wconf 80' lang='grc' dir='ltr'>πρᾶξιν</span> <span class='ocrx_word' id='word_1_39' title='bbox 2541 649 2754 713; x_wconf 83' lang='grc' dir='ltr'>αὐτῶν.</span> <span class='ocrx_word' id='word_1_40' title='bbox 2844 651 2897 714; x_wconf 78' lang='grc' dir='ltr'>εἰ</span> <span class='ocrx_word' id='word_1_41' title='bbox 2939 653 3067 734; x_wconf 89' lang='grc' dir='ltr'>γάρ,</span> 
     </span>
     <span class='ocr_line' id='line_1_5' title="bbox 572 744 3067 837; baseline 0.004 -31"><span class='ocrx_word' id='word_1_42' title='bbox 572 744 631 806; x_wconf 91' lang='grc' dir='ltr'>ἐν</span> <span class='ocrx_word' id='word_1_43' title='bbox 676 745 761 814; x_wconf 83' lang='grc' dir='ltr'>οἷς</span> <span class='ocrx_word' id='word_1_44' title='bbox 805 745 972 810; x_wconf 80' lang='grc' dir='ltr'>οὐδὲν</span> <span class='ocrx_word' id='word_1_45' title='bbox 1016 748 1156 830; x_wconf 80' lang='grc' dir='ltr'>ἡμῖν</span> <span class='ocrx_word' id='word_1_46' title='bbox 1187 748 1360 811; x_wconf 84' lang='grc' dir='ltr'>πλέον</span> <span class='ocrx_word' id='word_1_47' title='bbox 1391 749 1459 811; x_wconf 88' lang='grc' dir='ltr'>ἐκ</span> <span class='ocrx_word' id='word_1_48' title='bbox 1491 752 1590 811; x_wconf 81' lang='grc' dir='ltr'>τοῦ</span> <span class='ocrx_word' id='word_1_49' title='bbox 1632 749 2013 833; x_wconf 82' lang='grc' dir='ltr'>βουλεύεσθαι</span> <span class='ocrx_word' id='word_1_50' title='bbox 2051 750 2179 834; x_wconf 78' lang='grc' dir='ltr'>(τοῦ</span> <span class='ocrx_word' id='word_1_51' title='bbox 2221 752 2632 837; x_wconf 78' lang='grc' dir='ltr'>βουλεύεσθαι)</span> <span class='ocrx_word' id='word_1_52' title='bbox 2672 752 2849 816; x_wconf 81' lang='grc' dir='ltr'>αὐτοῦ</span> <span class='ocrx_word' id='word_1_53' title='bbox 2891 752 3067 837; x_wconf 83' lang='grc' dir='ltr'>μόνου</span> 
     </span>
     <span class='ocr_line' id='line_1_6' title="bbox 501 848 3177 939; baseline 0.003 -29"><span class='ocrx_word' id='word_1_54' title='bbox 501 867 532 915; x_wconf 82' lang='lat'><strong>5</strong></span> <span class='ocrx_word' id='word_1_55' title='bbox 570 848 928 931; x_wconf 77' lang='grc' dir='ltr'>περιγίνεται,</span> <span class='ocrx_word' id='word_1_56' title='bbox 975 850 1043 913; x_wconf 82' lang='grc' dir='ltr'>οὐ</span> <span class='ocrx_word' id='word_1_57' title='bbox 1076 850 1497 933; x_wconf 76' lang='grc' dir='ltr'>βουλευόμεθα,</span> <span class='ocrx_word' id='word_1_58' title='bbox 1534 850 1541 935; x_wconf 85' lang='grc' dir='ltr'>Ι</span> <span class='ocrx_word' id='word_1_59' title='bbox 1576 854 1751 934; x_wconf 80' lang='grc' dir='ltr'>δῆλον</span> <span class='ocrx_word' id='word_1_60' title='bbox 1792 854 1875 920; x_wconf 83' lang='grc' dir='ltr'>ὡς</span> <span class='ocrx_word' id='word_1_61' title='bbox 1913 853 1974 915; x_wconf 90' lang='grc' dir='ltr'>ἐν</span> <span class='ocrx_word' id='word_1_62' title='bbox 2005 854 2092 922; x_wconf 86' lang='grc' dir='ltr'>οἷς</span> <span class='ocrx_word' id='word_1_63' title='bbox 2130 853 2530 939; x_wconf 78' lang='grc' dir='ltr'>βουλευόμεθα</span> <span class='ocrx_word' id='word_1_64' title='bbox 2561 855 2734 918; x_wconf 84' lang='grc' dir='ltr'>πλέον</span> <span class='ocrx_word' id='word_1_65' title='bbox 2766 880 2818 919; x_wconf 89' lang='grc' dir='ltr'>τι</span> <span class='ocrx_word' id='word_1_66' title='bbox 2848 856 3067 924; x_wconf 81' lang='grc' dir='ltr'>ἕξοντες</span> <span class='ocrx_word' id='word_1_67' title='bbox 3107 862 3177 919; x_wconf 83' lang='lat'>38</span> 
     </span>
     <span class='ocr_line' id='line_1_7' title="bbox 570 950 3068 1041; baseline 0.003 -28"><span class='ocrx_word' id='word_1_68' title='bbox 570 950 638 1013; x_wconf 87' lang='grc' dir='ltr'>ἐκ</span> <span class='ocrx_word' id='word_1_69' title='bbox 660 955 762 1014; x_wconf 80' lang='grc' dir='ltr'>τοῦ</span> <span class='ocrx_word' id='word_1_70' title='bbox 786 951 1166 1036; x_wconf 77' lang='grc' dir='ltr'>βουλεύεσθαι</span> <span class='ocrx_word' id='word_1_71' title='bbox 1190 954 1347 1037; x_wconf 79' lang='grc' dir='ltr'>παρὰ</span> <span class='ocrx_word' id='word_1_72' title='bbox 1375 953 1440 1017; x_wconf 86' lang='grc' dir='ltr'>τὸ</span> <span class='ocrx_word' id='word_1_73' title='bbox 1469 955 1903 1038; x_wconf 83' lang='grc' dir='ltr'>βουλεύσασθαι</span> <span class='ocrx_word' id='word_1_74' title='bbox 1935 956 2338 1039; x_wconf 86' lang='grc' dir='ltr'>βουλευόμεθα</span> <span class='ocrx_word' id='word_1_75' title='bbox 2362 960 2489 1041; x_wconf 91' lang='grc' dir='ltr'>περὶ</span> <span class='ocrx_word' id='word_1_76' title='bbox 2515 958 2708 1021; x_wconf 80' lang='grc' dir='ltr'>αὐτῶν</span> <span class='ocrx_word' id='word_1_77' title='bbox 2732 959 2778 1041; x_wconf 93' lang='lat'><strong>†</strong></span> <span class='ocrx_word' id='word_1_78' title='bbox 2800 957 2893 1021; x_wconf 76' lang='grc' dir='ltr'>ἐπ’</span> <span class='ocrx_word' id='word_1_79' title='bbox 2927 959 3068 1021; x_wconf 82' lang='grc' dir='ltr'>αὐτό</span> 
     </span>
     <span class='ocr_line' id='line_1_8' title="bbox 571 1054 3074 1146; baseline 0.003 -31"><span class='ocrx_word' id='word_1_80' title='bbox 571 1076 635 1115; x_wconf 84' lang='grc' dir='ltr'>τε</span> <span class='ocrx_word' id='word_1_81' title='bbox 665 1055 743 1117; x_wconf 84' lang='grc' dir='ltr'>·τὸ</span> <span class='ocrx_word' id='word_1_82' title='bbox 790 1054 1219 1137; x_wconf 80' lang='grc' dir='ltr'>βουλεύσασθαι</span> <span class='ocrx_word' id='word_1_83' title='bbox 1287 1058 1627 1139; x_wconf 77' lang='grc' dir='ltr'>περιγίνεται</span> <span class='ocrx_word' id='word_1_84' title='bbox 1682 1059 1779 1121; x_wconf 88' lang='grc' dir='ltr'>καὶ</span> <span class='ocrx_word' id='word_1_85' title='bbox 1846 1060 1976 1142; x_wconf 88' lang='grc' dir='ltr'>περὶ</span> <span class='ocrx_word' id='word_1_86' title='bbox 2028 1064 2144 1121; x_wconf 85' lang='grc' dir='ltr'>τῶν</span> <span class='ocrx_word' id='word_1_87' title='bbox 2198 1058 2390 1122; x_wconf 81' lang='grc' dir='ltr'>ἄλλων</span> <span class='ocrx_word' id='word_1_88' title='bbox 2453 1061 2900 1146; x_wconf 81' lang='grc' dir='ltr'>βουλευομένοις</span> <span class='ocrx_word' id='word_1_89' title='bbox 2944 1064 3074 1146; x_wconf 87' lang='grc' dir='ltr'>περὶ</span> 
     </span>
     <span class='ocr_line' id='line_1_9' title="bbox 568 1157 3146 1251; baseline 0.003 -32"><span class='ocrx_word' id='word_1_90' title='bbox 568 1157 650 1219; x_wconf 81' lang='grc' dir='ltr'>ὧν</span> <span class='ocrx_word' id='word_1_91' title='bbox 696 1160 1141 1241; x_wconf 80' lang='grc' dir='ltr'>προειρήκαμεν.</span> <span class='ocrx_word' id='word_1_92' title='bbox 1235 1160 1289 1221; x_wconf 86' lang='grc' dir='ltr'>τί</span> <span class='ocrx_word' id='word_1_93' title='bbox 1329 1158 1459 1222; x_wconf 83' lang='grc' dir='ltr'>ποτ’</span> <span class='ocrx_word' id='word_1_94' title='bbox 1514 1158 1613 1222; x_wconf 80' lang='grc' dir='ltr'>οὖν</span> <span class='ocrx_word' id='word_1_95' title='bbox 1658 1162 1725 1223; x_wconf 87' lang='grc' dir='ltr'>τὸ</span> <span class='ocrx_word' id='word_1_96' title='bbox 1771 1160 2198 1245; x_wconf 79' lang='grc' dir='ltr'>περιγινόμενον</span> <span class='ocrx_word' id='word_1_97' title='bbox 2244 1164 2311 1227; x_wconf 92' lang='grc' dir='ltr'>ἐκ</span> <span class='ocrx_word' id='word_1_98' title='bbox 2355 1170 2460 1248; x_wconf 81' lang='grc' dir='ltr'>τῆς</span> <span class='ocrx_word' id='word_1_99' title='bbox 2505 1166 2745 1249; x_wconf 81' lang='grc' dir='ltr'>βουλῆς;</span> <span class='ocrx_word' id='word_1_100' title='bbox 2791 1166 2858 1228; x_wconf 82' lang='grc' dir='ltr'>τὸ</span> <span class='ocrx_word' id='word_1_101' title='bbox 2903 1162 3064 1251; x_wconf 87' lang='grc' dir='ltr'>ἔχον·</span> <span class='ocrx_word' id='word_1_102' title='bbox 3118 1187 3146 1227; x_wconf 82' lang='lat'><strong>5</strong></span> 
     </span>
     <span class='ocr_line' id='line_1_10' title="bbox 571 1261 3072 1352; baseline 0.004 -31"><span class='ocrx_word' id='word_1_103' title='bbox 571 1283 672 1328; x_wconf 92' lang='grc' dir='ltr'>τας</span> <span class='ocrx_word' id='word_1_104' title='bbox 716 1262 873 1343; x_wconf 79' lang='grc' dir='ltr'>ἡμᾶς</span> <span class='ocrx_word' id='word_1_105' title='bbox 917 1261 1177 1329; x_wconf 75' lang='grc' dir='ltr'>ἐξουσίαν</span> <span class='ocrx_word' id='word_1_106' title='bbox 1221 1268 1325 1346; x_wconf 83' lang='grc' dir='ltr'>τῆς</span> <span class='ocrx_word' id='word_1_107' title='bbox 1370 1263 1651 1345; x_wconf 82' lang='grc' dir='ltr'>αἱρέσεως</span> <span class='ocrx_word' id='word_1_108' title='bbox 1694 1270 1811 1327; x_wconf 83' lang='grc' dir='ltr'>τῶν</span> <span class='ocrx_word' id='word_1_109' title='bbox 1857 1265 2182 1348; x_wconf 85' lang='grc' dir='ltr'>πρακτέων,</span> <span class='ocrx_word' id='word_1_110' title='bbox 2251 1265 2282 1327; x_wconf 88' lang='grc' dir='ltr'>ὃ</span> <span class='ocrx_word' id='word_1_111' title='bbox 2326 1266 2435 1329; x_wconf 83' lang='grc' dir='ltr'>οὐκ</span> <span class='ocrx_word' id='word_1_112' title='bbox 2482 1266 2550 1329; x_wconf 81' lang='grc' dir='ltr'>ἂν</span> <span class='ocrx_word' id='word_1_113' title='bbox 2607 1268 2932 1352; x_wconf 74' lang='grc' dir='ltr'>ἐπράξαμεν</span> <span class='ocrx_word' id='word_1_114' title='bbox 2992 1269 3072 1350; x_wconf 82' lang='grc' dir='ltr'>μὴ</span> 
     </span>
     <span class='ocr_line' id='line_1_11' title="bbox 478 1364 3072 1456; baseline 0.003 -31"><span class='ocrx_word' id='word_1_115' title='bbox 478 1385 539 1430; x_wconf 88' lang='grc' dir='ltr'>ιο</span> <span class='ocrx_word' id='word_1_116' title='bbox 576 1364 1027 1447; x_wconf 87' lang='grc' dir='ltr'>βουλευσάμενοι</span> <span class='ocrx_word' id='word_1_117' title='bbox 1072 1371 1157 1451; x_wconf 82' lang='grc' dir='ltr'>τῷ</span> <span class='ocrx_word' id='word_1_118' title='bbox 1202 1366 1346 1429; x_wconf 81' lang='grc' dir='ltr'>ἄλλο</span> <span class='ocrx_word' id='word_1_119' title='bbox 1390 1366 1601 1450; x_wconf 82' lang='grc' dir='ltr'>πρᾶξαι</span> <span class='ocrx_word' id='word_1_120' title='bbox 1648 1366 1716 1430; x_wconf 79' lang='grc' dir='ltr'>ἂν</span> <span class='ocrx_word' id='word_1_121' title='bbox 1760 1368 1856 1431; x_wconf 85' lang='grc' dir='ltr'>διὰ</span> <span class='ocrx_word' id='word_1_122' title='bbox 1897 1370 1964 1433; x_wconf 89' lang='grc' dir='ltr'>τὸ</span> <span class='ocrx_word' id='word_1_123' title='bbox 2009 1368 2152 1438; x_wconf 76' lang='grc' dir='ltr'>εἶξαι</span> <span class='ocrx_word' id='word_1_124' title='bbox 2197 1375 2272 1452; x_wconf 79' lang='grc' dir='ltr'>τῇ</span> <span class='ocrx_word' id='word_1_125' title='bbox 2307 1371 2721 1454; x_wconf 80' lang='grc' dir='ltr'>προσπεσούσῃ</span> <span class='ocrx_word' id='word_1_126' title='bbox 2768 1373 3072 1456; x_wconf 77' lang='grc' dir='ltr'>φαντασίᾳ,</span> 
     </span>
     <span class='ocr_line' id='line_1_12' title="bbox 570 1470 3157 1559; baseline 0.001 -28"><span class='ocrx_word' id='word_1_127' title='bbox 570 1472 739 1541; x_wconf 81' lang='grc' dir='ltr'>τοῦτο</span> <span class='ocrx_word' id='word_1_128' title='bbox 784 1470 1163 1554; x_wconf 82' lang='grc' dir='ltr'>αἱρετώτερον</span> <span class='ocrx_word' id='word_1_129' title='bbox 1210 1472 1323 1535; x_wconf 83' lang='grc' dir='ltr'>ὑπὸ</span> <span class='ocrx_word' id='word_1_130' title='bbox 1367 1470 1539 1552; x_wconf 82' lang='grc' dir='ltr'>λόγου</span> <span class='ocrx_word' id='word_1_131' title='bbox 1584 1470 1761 1555; x_wconf 83' lang='grc' dir='ltr'>φανὲν</span> <span class='ocrx_word' id='word_1_132' title='bbox 1828 1472 2123 1554; x_wconf 85' lang='grc' dir='ltr'>αἱρεῖσθαί</span> <span class='ocrx_word' id='word_1_133' title='bbox 2171 1496 2234 1535; x_wconf 89' lang='grc' dir='ltr'>τε</span> <span class='ocrx_word' id='word_1_134' title='bbox 2287 1474 2384 1536; x_wconf 91' lang='grc' dir='ltr'>καὶ</span> <span class='ocrx_word' id='word_1_135' title='bbox 2440 1476 2704 1557; x_wconf 88' lang='grc' dir='ltr'>πράττειν</span> <span class='ocrx_word' id='word_1_136' title='bbox 2763 1476 2874 1559; x_wconf 83' lang='grc' dir='ltr'>πρὸ</span> <span class='ocrx_word' id='word_1_137' title='bbox 2929 1475 3071 1537; x_wconf 83' lang='grc' dir='ltr'>ἐκεί·</span> <span class='ocrx_word' id='word_1_138' title='bbox 3104 1492 3157 1533; x_wconf 83' lang='grc' dir='ltr'>ιο</span> 
     </span>
     <span class='ocr_line' id='line_1_13' title="bbox 574 1569 3075 1661; baseline 0.002 -27"><span class='ocrx_word' id='word_1_139' title='bbox 574 1595 701 1634; x_wconf 92' lang='grc' dir='ltr'>νου·</span> <span class='ocrx_word' id='word_1_140' title='bbox 778 1570 811 1633; x_wconf 91' lang='grc' dir='ltr'>ὃ</span> <span class='ocrx_word' id='word_1_141' title='bbox 854 1569 1049 1655; x_wconf 82' lang='grc' dir='ltr'>γίνοιτ’</span> <span class='ocrx_word' id='word_1_142' title='bbox 1105 1572 1197 1648; x_wconf 84' lang='grc' dir='ltr'>ἄν,</span> <span class='ocrx_word' id='word_1_143' title='bbox 1241 1574 1293 1636; x_wconf 85' lang='grc' dir='ltr'>εἰ</span> <span class='ocrx_word' id='word_1_144' title='bbox 1340 1575 1421 1657; x_wconf 85' lang='grc' dir='ltr'>μὴ</span> <span class='ocrx_word' id='word_1_145' title='bbox 1470 1576 1655 1637; x_wconf 89' lang='grc' dir='ltr'>πάντα</span> <span class='ocrx_word' id='word_1_146' title='bbox 1700 1575 2028 1657; x_wconf 85' lang='grc' dir='ltr'>πράττομεν</span> <span class='ocrx_word' id='word_1_147' title='bbox 2083 1576 2662 1660; x_wconf 85' lang='grc' dir='ltr'>κατηναγκασμένως.</span> <span class='ocrx_word' id='word_1_148' title='bbox 2755 1578 2806 1641; x_wconf 86' lang='grc' dir='ltr'>εἰ</span> <span class='ocrx_word' id='word_1_149' title='bbox 2853 1579 2916 1640; x_wconf 86' lang='grc' dir='ltr'>δὲ</span> <span class='ocrx_word' id='word_1_150' title='bbox 2959 1576 3075 1661; x_wconf 78' lang='grc' dir='ltr'>εἴη·</span> 
     </span>
     <span class='ocr_line' id='line_1_14' title="bbox 582 1675 3078 1765; baseline 0.002 -28"><span class='ocrx_word' id='word_1_151' title='bbox 582 1698 685 1756; x_wconf 89' lang='grc' dir='ltr'>μεν</span> <span class='ocrx_word' id='word_1_152' title='bbox 730 1677 916 1738; x_wconf 90' lang='grc' dir='ltr'>πάντα</span> <span class='ocrx_word' id='word_1_153' title='bbox 960 1675 998 1738; x_wconf 85' lang='grc' dir='ltr'><em>ἃ</em></span> <span class='ocrx_word' id='word_1_154' title='bbox 1044 1678 1369 1760; x_wconf 79' lang='grc' dir='ltr'>πράττομεν</span> <span class='ocrx_word' id='word_1_155' title='bbox 1416 1681 1758 1761; x_wconf 87' lang='grc' dir='ltr'>πράττοντες</span> <span class='ocrx_word' id='word_1_156' title='bbox 1788 1680 1882 1741; x_wconf 85' lang='grc' dir='ltr'>διά</span> <span class='ocrx_word' id='word_1_157' title='bbox 1913 1700 2065 1747; x_wconf 88' lang='grc' dir='ltr'>τινας</span> <span class='ocrx_word' id='word_1_158' title='bbox 2099 1679 2284 1747; x_wconf 85' lang='grc' dir='ltr'>αἰτίας</span> <span class='ocrx_word' id='word_1_159' title='bbox 2328 1681 2951 1765; x_wconf 84' lang='grc' dir='ltr'>προκαταβεβλημένας</span> <span class='ocrx_word' id='word_1_160' title='bbox 2996 1684 3078 1749; x_wconf 80' lang='grc' dir='ltr'>ὡς</span> 
     </span>
     <span class='ocr_line' id='line_1_15' title="bbox 578 1777 3078 1867; baseline 0.004 -26"><span class='ocrx_word' id='word_1_161' title='bbox 578 1780 861 1863; x_wconf 89' lang='grc' dir='ltr'>μηδεμίαν</span> <span class='ocrx_word' id='word_1_162' title='bbox 932 1777 1091 1864; x_wconf 85' lang='grc' dir='ltr'>ἔχειν</span> <span class='ocrx_word' id='word_1_163' title='bbox 1161 1780 1416 1848; x_wconf 81' lang='grc' dir='ltr'>ἐξουσίαν</span> <span class='ocrx_word' id='word_1_164' title='bbox 1470 1786 1573 1843; x_wconf 81' lang='grc' dir='ltr'>τοῦ</span> <span class='ocrx_word' id='word_1_165' title='bbox 1629 1780 1838 1865; x_wconf 78' lang='grc' dir='ltr'>πρᾶξαι</span> <span class='ocrx_word' id='word_1_166' title='bbox 1883 1779 2014 1843; x_wconf 86' lang='grc' dir='ltr'>τόδε</span> <span class='ocrx_word' id='word_1_167' title='bbox 2059 1804 2112 1843; x_wconf 92' lang='grc' dir='ltr'>τι</span> <span class='ocrx_word' id='word_1_168' title='bbox 2170 1783 2264 1844; x_wconf 88' lang='grc' dir='ltr'>καὶ</span> <span class='ocrx_word' id='word_1_169' title='bbox 2313 1780 2415 1863; x_wconf 85' lang='grc' dir='ltr'>μή,</span> <span class='ocrx_word' id='word_1_170' title='bbox 2485 1779 2603 1845; x_wconf 81' lang='grc' dir='ltr'>ἀλλ’</span> <span class='ocrx_word' id='word_1_171' title='bbox 2659 1784 3078 1867; x_wconf 78' lang='grc' dir='ltr'>ἀφωρισμένως</span> 
     </span>
     <span class='ocr_line' id='line_1_16' title="bbox 468 1882 3158 1969; baseline -0.002 -19"><span class='ocrx_word' id='word_1_172' title='bbox 468 1902 530 1950; x_wconf 83' lang='grc'>15</span> <span class='ocrx_word' id='word_1_173' title='bbox 572 1882 815 1946; x_wconf 79' lang='grc' dir='ltr'>ἕκαστον</span> <span class='ocrx_word' id='word_1_174' title='bbox 871 1886 1136 1965; x_wconf 89' lang='grc' dir='ltr'>πράττειν</span> <span class='ocrx_word' id='word_1_175' title='bbox 1192 1886 1275 1947; x_wconf 82' lang='grc' dir='ltr'>ὧν</span> <span class='ocrx_word' id='word_1_176' title='bbox 1332 1886 1678 1968; x_wconf 87' lang='grc' dir='ltr'>πράττομεν,</span> <span class='ocrx_word' id='word_1_177' title='bbox 1748 1886 2170 1968; x_wconf 86' lang='grc' dir='ltr'>παραπλησίως</span> <span class='ocrx_word' id='word_1_178' title='bbox 2225 1889 2310 1969; x_wconf 74' lang='grc' dir='ltr'>τῷ</span> <span class='ocrx_word' id='word_1_179' title='bbox 2369 1884 2734 1968; x_wconf 87' lang='grc' dir='ltr'>θερμαίνοντι</span> <span class='ocrx_word' id='word_1_180' title='bbox 2789 1888 2924 1968; x_wconf 82' lang='grc' dir='ltr'>πυρὶ</span> <span class='ocrx_word' id='word_1_181' title='bbox 2981 1886 3076 1947; x_wconf 88' lang='grc' dir='ltr'>καὶ</span> <span class='ocrx_word' id='word_1_182' title='bbox 3107 1902 3158 1944; x_wconf 78' lang='lat'>15</span> 
     </span>
     <span class='ocr_line' id='line_1_17' title="bbox 570 1984 3076 2073; baseline 0.002 -26"><span class='ocrx_word' id='word_1_183' title='bbox 570 1991 655 2071; x_wconf 72' lang='grc' dir='ltr'>τῷ</span> <span class='ocrx_word' id='word_1_184' title='bbox 703 1984 853 2067; x_wconf 83' lang='grc' dir='ltr'>λίθῳ</span> <span class='ocrx_word' id='word_1_185' title='bbox 898 1990 987 2070; x_wconf 76' lang='grc' dir='ltr'>τῷ</span> <span class='ocrx_word' id='word_1_186' title='bbox 1034 1988 1193 2049; x_wconf 89' lang='grc' dir='ltr'>κάτω</span> <span class='ocrx_word' id='word_1_187' title='bbox 1239 1986 1546 2071; x_wconf 84' lang='grc' dir='ltr'>φερομένῳ</span> <span class='ocrx_word' id='word_1_188' title='bbox 1590 1988 1686 2049; x_wconf 83' lang='grc' dir='ltr'>καὶ</span> <span class='ocrx_word' id='word_1_189' title='bbox 1731 1992 1817 2072; x_wconf 80' lang='grc' dir='ltr'>τῷ</span> <span class='ocrx_word' id='word_1_190' title='bbox 1866 1987 2013 2051; x_wconf 80' lang='grc' dir='ltr'>κατὰ</span> <span class='ocrx_word' id='word_1_191' title='bbox 2055 1992 2158 2051; x_wconf 81' lang='grc' dir='ltr'>τοῦ</span> <span class='ocrx_word' id='word_1_192' title='bbox 2215 1993 2466 2071; x_wconf 77' lang='grc' dir='ltr'>πρανοῦς</span> <span class='ocrx_word' id='word_1_193' title='bbox 2523 1988 2848 2073; x_wconf 84' lang='grc' dir='ltr'>κυλιομένῳ</span> <span class='ocrx_word' id='word_1_194' title='bbox 2896 1989 3076 2051; x_wconf 87' lang='grc' dir='ltr'>κυλίν-</span> 
     </span>
     <span class='ocr_line' id='line_1_18' title="bbox 570 2090 3078 2179; baseline 0.002 -28"><span class='ocrx_word' id='word_1_195' title='bbox 570 2092 713 2175; x_wconf 84' lang='grc' dir='ltr'>δρῳ,</span> <span class='ocrx_word' id='word_1_196' title='bbox 780 2090 837 2151; x_wconf 90' lang='grc' dir='ltr'>τί</span> <span class='ocrx_word' id='word_1_197' title='bbox 877 2090 1051 2179; x_wconf 82' lang='grc' dir='ltr'>πλέον</span> <span class='ocrx_word' id='word_1_198' title='bbox 1095 2092 1240 2173; x_wconf 80' lang='grc' dir='ltr'>ἡμῖν</span> <span class='ocrx_word' id='word_1_199' title='bbox 1282 2091 1367 2159; x_wconf 81' lang='grc' dir='ltr'>εἰς</span> <span class='ocrx_word' id='word_1_200' title='bbox 1410 2092 1475 2153; x_wconf 84' lang='grc' dir='ltr'>τὸ</span> <span class='ocrx_word' id='word_1_201' title='bbox 1523 2092 1787 2175; x_wconf 87' lang='grc' dir='ltr'>πράττειν</span> <span class='ocrx_word' id='word_1_202' title='bbox 1834 2090 1900 2153; x_wconf 88' lang='grc' dir='ltr'>ἐκ</span> <span class='ocrx_word' id='word_1_203' title='bbox 1965 2096 2069 2153; x_wconf 81' lang='grc' dir='ltr'>τοῦ</span> <span class='ocrx_word' id='word_1_204' title='bbox 2126 2092 2552 2177; x_wconf 76' lang='grc' dir='ltr'>βουλεύσασθαι</span> <span class='ocrx_word' id='word_1_205' title='bbox 2607 2093 2737 2176; x_wconf 83' lang='grc' dir='ltr'>περὶ</span> <span class='ocrx_word' id='word_1_206' title='bbox 2795 2096 2896 2155; x_wconf 81' lang='grc' dir='ltr'>τοῦ</span> <span class='ocrx_word' id='word_1_207' title='bbox 2941 2116 3078 2176; x_wconf 87' lang='grc' dir='ltr'>πρα-</span> 
     </span>
     <span class='ocr_line' id='line_1_19' title="bbox 570 2192 3158 2279; baseline -0.001 -24"><span class='ocrx_word' id='word_1_208' title='bbox 570 2192 952 2277; x_wconf 86' lang='grc' dir='ltr'>χθησομένου</span> <span class='ocrx_word' id='word_1_209' title='bbox 1016 2193 1257 2275; x_wconf 89' lang='grc' dir='ltr'>γίνεται;</span> <span class='ocrx_word' id='word_1_210' title='bbox 1330 2193 1361 2255; x_wconf 90' lang='grc' dir='ltr'>ὃ</span> <span class='ocrx_word' id='word_1_211' title='bbox 1414 2193 1523 2277; x_wconf 82' lang='grc' dir='ltr'>γὰρ</span> <span class='ocrx_word' id='word_1_212' title='bbox 1581 2192 1648 2255; x_wconf 81' lang='grc' dir='ltr'>ἂν</span> <span class='ocrx_word' id='word_1_213' title='bbox 1710 2193 2038 2278; x_wconf 86' lang='grc' dir='ltr'>ἐπράξαμεν</span> <span class='ocrx_word' id='word_1_214' title='bbox 2085 2196 2165 2278; x_wconf 86' lang='grc' dir='ltr'>μὴ</span> <span class='ocrx_word' id='word_1_215' title='bbox 2227 2196 2696 2279; x_wconf 85' lang='grc' dir='ltr'>βουλευσάμενοι,</span> <span class='ocrx_word' id='word_1_216' title='bbox 2761 2200 2931 2257; x_wconf 77' lang='grc' dir='ltr'>τοῦτο</span> <span class='ocrx_word' id='word_1_217' title='bbox 2977 2194 3071 2257; x_wconf 85' lang='grc' dir='ltr'>καὶ</span> <span class='ocrx_word' id='word_1_218' title='bbox 3099 2212 3158 2253; x_wconf 67' lang='lat' dir='ltr'>eo</span> 
     </span>
     <span class='ocr_line' id='line_1_20' title="bbox 573 2295 3077 2381; baseline 0.001 -24"><span class='ocrx_word' id='word_1_219' title='bbox 573 2296 717 2378; x_wconf 84' lang='grc' dir='ltr'>μετὰ</span> <span class='ocrx_word' id='word_1_220' title='bbox 761 2297 827 2358; x_wconf 89' lang='grc' dir='ltr'>τὸ</span> <span class='ocrx_word' id='word_1_221' title='bbox 876 2297 1307 2380; x_wconf 81' lang='grc' dir='ltr'>βουλεύσασθαι</span> <span class='ocrx_word' id='word_1_222' title='bbox 1353 2298 1623 2380; x_wconf 84' lang='grc' dir='ltr'>πράττειν</span> <span class='ocrx_word' id='word_1_223' title='bbox 1670 2297 1912 2380; x_wconf 82' lang='grc' dir='ltr'>ἀνάγκη,</span> <span class='ocrx_word' id='word_1_224' title='bbox 1981 2295 2123 2360; x_wconf 81' lang='grc' dir='ltr'>ὥστ’</span> <span class='ocrx_word' id='word_1_225' title='bbox 2179 2296 2344 2360; x_wconf 80' lang='grc' dir='ltr'>οὐδὲν</span> <span class='ocrx_word' id='word_1_226' title='bbox 2414 2298 2554 2381; x_wconf 80' lang='grc' dir='ltr'>ἡμῖν</span> <span class='ocrx_word' id='word_1_227' title='bbox 2622 2296 2794 2359; x_wconf 87' lang='grc' dir='ltr'>πλέον</span> <span class='ocrx_word' id='word_1_228' title='bbox 2848 2298 2915 2359; x_wconf 88' lang='grc' dir='ltr'>ἐκ</span> <span class='ocrx_word' id='word_1_229' title='bbox 2979 2302 3077 2359; x_wconf 78' lang='grc' dir='ltr'>τοῦ</span> 
     </span>
     <span class='ocr_line' id='line_1_21' title="bbox 464 2399 3078 2484; baseline -0.002 -19"><span class='ocrx_word' id='word_1_230' title='bbox 464 2420 533 2465; x_wconf 77' lang='lat'>20</span> <span class='ocrx_word' id='word_1_231' title='bbox 570 2400 998 2483; x_wconf 79' lang='grc' dir='ltr'>βουλεύσασθαι</span> <span class='ocrx_word' id='word_1_232' title='bbox 1065 2399 1243 2462; x_wconf 82' lang='grc' dir='ltr'>αὐτοῦ</span> <span class='ocrx_word' id='word_1_233' title='bbox 1286 2403 1391 2461; x_wconf 76' lang='grc' dir='ltr'>τοῦ</span> <span class='ocrx_word' id='word_1_234' title='bbox 1437 2400 1866 2483; x_wconf 78' lang='grc' dir='ltr'>βουλεύσασθαι</span> <span class='ocrx_word' id='word_1_235' title='bbox 1911 2402 2274 2484; x_wconf 87' lang='grc' dir='ltr'>περιγίνεται.</span> <span class='ocrx_word' id='word_1_236' title='bbox 2367 2401 2518 2463; x_wconf 82' lang='grc' dir='ltr'>ἀλλὰ</span> <span class='ocrx_word' id='word_1_237' title='bbox 2577 2401 2688 2483; x_wconf 88' lang='grc' dir='ltr'>μὴν</span> <span class='ocrx_word' id='word_1_238' title='bbox 2756 2405 2926 2463; x_wconf 80' lang='grc' dir='ltr'>τοῦτο</span> <span class='ocrx_word' id='word_1_239' title='bbox 2983 2402 3078 2463; x_wconf 89' lang='grc' dir='ltr'>καὶ</span> 
     </span>
     <span class='ocr_line' id='line_1_22' title="bbox 572 2501 3069 2589; baseline -0 -23"><span class='ocrx_word' id='word_1_240' title='bbox 572 2504 667 2566; x_wconf 90' lang='grc' dir='ltr'>ἐπὶ</span> <span class='ocrx_word' id='word_1_241' title='bbox 712 2508 828 2565; x_wconf 85' lang='grc' dir='ltr'>τῶν</span> <span class='ocrx_word' id='word_1_242' title='bbox 873 2501 1033 2587; x_wconf 83' lang='grc' dir='ltr'>&lt;οὐκ&gt;</span> <span class='ocrx_word' id='word_1_243' title='bbox 1078 2502 1173 2587; x_wconf 82' lang='grc' dir='ltr'>ἐφ’</span> <span class='ocrx_word' id='word_1_244' title='bbox 1228 2504 1370 2585; x_wconf 77' lang='grc' dir='ltr'>ἡμῖν</span> <span class='ocrx_word' id='word_1_245' title='bbox 1415 2504 1719 2584; x_wconf 85' lang='grc' dir='ltr'>δυνάμενοι</span> <span class='ocrx_word' id='word_1_246' title='bbox 1764 2508 1950 2566; x_wconf 84' lang='grc' dir='ltr'>ποιεῖν</span> <span class='ocrx_word' id='word_1_247' title='bbox 2023 2508 2104 2573; x_wconf 80' lang='grc' dir='ltr'>ὡς</span> <span class='ocrx_word' id='word_1_248' title='bbox 2158 2504 2455 2589; x_wconf 83' lang='grc' dir='ltr'>ἄχρηστον</span> <span class='ocrx_word' id='word_1_249' title='bbox 2517 2504 2580 2567; x_wconf 81' lang='grc' dir='ltr'>ὃν</span> <span class='ocrx_word' id='word_1_250' title='bbox 2625 2504 3069 2588; x_wconf 82' lang='grc' dir='ltr'>παρῃτοόμεθα.</span> 
     </span>
     <span class='ocr_line' id='line_1_23' title="bbox 571 2606 3158 2692; baseline -0.002 -22"><span class='ocrx_word' id='word_1_251' title='bbox 571 2606 863 2691; x_wconf 82' lang='grc' dir='ltr'>ἄχρηστον</span> <span class='ocrx_word' id='word_1_252' title='bbox 927 2606 1041 2691; x_wconf 81' lang='grc' dir='ltr'>ἄρα</span> <span class='ocrx_word' id='word_1_253' title='bbox 1086 2608 1151 2669; x_wconf 86' lang='grc' dir='ltr'>τὸ</span> <span class='ocrx_word' id='word_1_254' title='bbox 1198 2607 1643 2692; x_wconf 80' lang='grc' dir='ltr'>βουλεύσασθαι,</span> <span class='ocrx_word' id='word_1_255' title='bbox 1710 2608 1807 2669; x_wconf 86' lang='grc' dir='ltr'>καὶ</span> <span class='ocrx_word' id='word_1_256' title='bbox 1853 2606 1948 2691; x_wconf 81' lang='grc' dir='ltr'>ἐφ’</span> <span class='ocrx_word' id='word_1_257' title='bbox 2007 2608 2088 2670; x_wconf 83' lang='grc' dir='ltr'>ὧν</span> <span class='ocrx_word' id='word_1_258' title='bbox 2145 2608 2306 2691; x_wconf 81' lang='grc' dir='ltr'>αὐτῷ</span> <span class='ocrx_word' id='word_1_259' title='bbox 2353 2609 2433 2675; x_wconf 80' lang='grc' dir='ltr'>ὥς</span> <span class='ocrx_word' id='word_1_260' title='bbox 2477 2632 2530 2669; x_wconf 89' lang='grc' dir='ltr'>τι</span> <span class='ocrx_word' id='word_1_261' title='bbox 2585 2610 2874 2691; x_wconf 86' lang='grc' dir='ltr'>χρήσιμον</span> <span class='ocrx_word' id='word_1_262' title='bbox 2939 2609 3076 2690; x_wconf 81' lang='grc' dir='ltr'>ἡμῖν</span> <span class='ocrx_word' id='word_1_263' title='bbox 3105 2624 3158 2665; x_wconf 72' lang='lat'>25</span> 
     </span>
     <span class='ocr_line' id='line_1_24' title="bbox 569 2708 3073 2795; baseline 0 -23"><span class='ocrx_word' id='word_1_264' title='bbox 569 2710 958 2795; x_wconf 82' lang='grc' dir='ltr'>παρεχομένῳ</span> <span class='ocrx_word' id='word_1_265' title='bbox 1003 2710 1313 2795; x_wconf 84' lang='grc' dir='ltr'>χρώμεθα.</span> <span class='ocrx_word' id='word_1_266' title='bbox 1404 2708 1455 2795; x_wconf 83' lang='grc' dir='ltr'>ᾧ</span> <span class='ocrx_word' id='word_1_267' title='bbox 1502 2710 1697 2773; x_wconf 77' lang='grc' dir='ltr'>εἵπετο</span> <span class='ocrx_word' id='word_1_268' title='bbox 1742 2710 1807 2772; x_wconf 87' lang='grc' dir='ltr'>τὸ</span> <span class='ocrx_word' id='word_1_269' title='bbox 1856 2712 2043 2795; x_wconf 87' lang='grc' dir='ltr'>μάτην</span> <span class='ocrx_word' id='word_1_270' title='bbox 2074 2714 2214 2794; x_wconf 79' lang='grc' dir='ltr'>ἡμῖν</span> <span class='ocrx_word' id='word_1_271' title='bbox 2247 2712 2360 2773; x_wconf 84' lang='grc' dir='ltr'>ὑπὸ</span> <span class='ocrx_word' id='word_1_272' title='bbox 2406 2716 2511 2793; x_wconf 76' lang='grc' dir='ltr'>τῆς</span> <span class='ocrx_word' id='word_1_273' title='bbox 2555 2710 2789 2793; x_wconf 82' lang='grc' dir='ltr'>φύσεως</span> <span class='ocrx_word' id='word_1_274' title='bbox 2831 2712 2898 2773; x_wconf 88' lang='grc' dir='ltr'>τὸ</span> <span class='ocrx_word' id='word_1_275' title='bbox 2946 2710 3073 2795; x_wconf 87' lang='grc' dir='ltr'>βου-</span> 
     </span>
     <span class='ocr_line' id='line_1_25' title="bbox 571 2810 3075 2897; baseline 0 -22"><span class='ocrx_word' id='word_1_276' title='bbox 571 2816 849 2883; x_wconf 81' lang='grc' dir='ltr'>λευτικοῖς</span> <span class='ocrx_word' id='word_1_277' title='bbox 892 2812 1037 2876; x_wconf 78' lang='grc' dir='ltr'>εἶναι</span> <span class='ocrx_word' id='word_1_278' title='bbox 1081 2812 1377 2877; x_wconf 85' lang='grc' dir='ltr'>δεδόσθαι.</span> <span class='ocrx_word' id='word_1_279' title='bbox 1468 2810 1519 2897; x_wconf 80' lang='grc' dir='ltr'><strong><em>ᾧ</em></strong></span> <span class='ocrx_word' id='word_1_280' title='bbox 1566 2813 1984 2897; x_wconf 86' lang='grc' dir='ltr'>προστεθέντος</span> <span class='ocrx_word' id='word_1_281' title='bbox 2037 2818 2138 2876; x_wconf 78' lang='grc' dir='ltr'>τοῦ</span> <span class='ocrx_word' id='word_1_282' title='bbox 2203 2813 2400 2881; x_wconf 78' lang='grc' dir='ltr'>αὐτοῖς</span> <span class='ocrx_word' id='word_1_283' title='bbox 2443 2836 2509 2894; x_wconf 90' lang='grc' dir='ltr'>γε</span> <span class='ocrx_word' id='word_1_284' title='bbox 2554 2813 2776 2881; x_wconf 79' lang='grc' dir='ltr'>τούτοις</span> <span class='ocrx_word' id='word_1_285' title='bbox 2819 2815 2914 2875; x_wconf 88' lang='grc' dir='ltr'>καὶ</span> <span class='ocrx_word' id='word_1_286' title='bbox 2961 2837 3075 2875; x_wconf 83' lang='grc' dir='ltr'>κοι-</span> 
     </span>
     <span class='ocr_line' id='line_1_26' title="bbox 465 2916 3162 3001; baseline -0.002 -22"><span class='ocrx_word' id='word_1_287' title='bbox 465 2938 532 2983; x_wconf 81' lang='lat'>25</span> <span class='ocrx_word' id='word_1_288' title='bbox 573 2921 686 2984; x_wconf 84' lang='grc' dir='ltr'>νῶς</span> <span class='ocrx_word' id='word_1_289' title='bbox 730 2920 903 2979; x_wconf 81' lang='grc' dir='ltr'>πᾶσιν</span> <span class='ocrx_word' id='word_1_290' title='bbox 950 2918 1161 3000; x_wconf 84' lang='grc' dir='ltr'>σχεδὸν</span> <span class='ocrx_word' id='word_1_291' title='bbox 1192 2920 1313 2983; x_wconf 84' lang='grc' dir='ltr'>τοῖς</span> <span class='ocrx_word' id='word_1_292' title='bbox 1342 2919 1757 3001; x_wconf 81' lang='grc' dir='ltr'>φιλοσοφοῦσιν</span> <span class='ocrx_word' id='word_1_293' title='bbox 1788 2918 2113 2992; x_wconf 80' lang='grc' dir='ltr'>δοκοῦντος,</span> <span class='ocrx_word' id='word_1_294' title='bbox 2161 2922 2260 2979; x_wconf 81' lang='grc' dir='ltr'>τοῦ</span> <span class='ocrx_word' id='word_1_295' title='bbox 2310 2917 2488 3001; x_wconf 82' lang='grc' dir='ltr'>μηδὲν</span> <span class='ocrx_word' id='word_1_296' title='bbox 2536 2918 2648 2978; x_wconf 85' lang='grc' dir='ltr'>ὑπὸ</span> <span class='ocrx_word' id='word_1_297' title='bbox 2693 2922 2799 3000; x_wconf 81' lang='grc' dir='ltr'>τῆς</span> <span class='ocrx_word' id='word_1_298' title='bbox 2844 2916 3077 3000; x_wconf 79' lang='grc' dir='ltr'>φύσεως</span> <span class='ocrx_word' id='word_1_299' title='bbox 3105 2933 3162 2974; x_wconf 75' lang='grc' dir='ltr'>ω</span> 
     </span>
     <span class='ocr_line' id='line_1_27' title="bbox 569 3015 3072 3103; baseline -0 -21"><span class='ocrx_word' id='word_1_300' title='bbox 569 3020 827 3103; x_wconf 86' lang='grc' dir='ltr'>γίνεσθαι</span> <span class='ocrx_word' id='word_1_301' title='bbox 875 3021 1082 3101; x_wconf 87' lang='grc' dir='ltr'>μάτην,</span> <span class='ocrx_word' id='word_1_302' title='bbox 1131 3020 1425 3103; x_wconf 82' lang='grc' dir='ltr'>ἀναιροῖτο</span> <span class='ocrx_word' id='word_1_303' title='bbox 1472 3017 1561 3091; x_wconf 82' lang='grc' dir='ltr'>ἄν,</span> <span class='ocrx_word' id='word_1_304' title='bbox 1608 3015 1659 3101; x_wconf 81' lang='grc' dir='ltr'><strong><em>ᾧ</em></strong></span> <span class='ocrx_word' id='word_1_305' title='bbox 1709 3020 1905 3082; x_wconf 78' lang='grc' dir='ltr'>εἵπετο</span> <span class='ocrx_word' id='word_1_306' title='bbox 1949 3021 2016 3083; x_wconf 88' lang='grc' dir='ltr'>τὸ</span> <span class='ocrx_word' id='word_1_307' title='bbox 2064 3021 2250 3103; x_wconf 83' lang='grc' dir='ltr'>μάτην</span> <span class='ocrx_word' id='word_1_308' title='bbox 2290 3022 2447 3103; x_wconf 75' lang='grc' dir='ltr'>ἡμᾶς</span> <span class='ocrx_word' id='word_1_309' title='bbox 2475 3018 2620 3083; x_wconf 77' lang='grc' dir='ltr'>εἶναι</span> <span class='ocrx_word' id='word_1_310' title='bbox 2653 3019 3072 3103; x_wconf 85' lang='grc' dir='ltr'>βουλευτικοός.</span> 
     </span>
    </p>
   </div>
   <div class='ocr_carea' id='block_1_3' title="bbox 463 3256 3186 3597">
    <p class='ocr_par' dir='ltr' id='par_1_3' title="bbox 463 3256 3186 3597">
     <span class='ocr_line' id='line_1_28' title="bbox 470 3256 3182 3331; baseline -0.002 -15"><span class='ocrx_word' id='word_1_311' title='bbox 470 3265 491 3315; x_wconf 90' lang='lat'><em>1</em></span> <span class='ocrx_word' id='word_1_312' title='bbox 550 3263 698 3316; x_wconf 80' lang='grc' dir='ltr'>πλέον</span> <span class='ocrx_word' id='word_1_313' title='bbox 744 3280 792 3315; x_wconf 87' lang='grc' dir='ltr'>τι</span> <span class='ocrx_word' id='word_1_314' title='bbox 840 3256 1001 3314; x_wconf 69' lang='lat' dir='ltr'><strong>Ldnd.</strong></span> <span class='ocrx_word' id='word_1_315' title='bbox 1040 3265 1110 3314; x_wconf 91' lang='lat' dir='ltr'>O:</span> <span class='ocrx_word' id='word_1_316' title='bbox 1168 3260 1495 3327; x_wconf 51' lang='grc' dir='ltr'>ὃέόντιλῐε).12</span> <span class='ocrx_word' id='word_1_317' title='bbox 1763 3260 2134 3331; x_wconf 76' lang='grc' dir='ltr'>βουλευόμεθα]</span> <span class='ocrx_word' id='word_1_318' title='bbox 2181 3263 2244 3315; x_wconf 84' lang='lat' dir='ltr'>cf.</span> <span class='ocrx_word' id='word_1_319' title='bbox 2295 3263 2550 3315; x_wconf 84' lang='lat' dir='ltr'><strong>Eusebius</strong></span> <span class='ocrx_word' id='word_1_320' title='bbox 2601 3278 2674 3331; x_wconf 84' lang='lat' dir='ltr'>pr.</span> <span class='ocrx_word' id='word_1_321' title='bbox 2720 3278 2795 3313; x_wconf 85' lang='lat' dir='ltr'>ev.</span> <span class='ocrx_word' id='word_1_322' title='bbox 2825 3263 2912 3326; x_wconf 89' lang='lat' dir='ltr'>VI,</span> <span class='ocrx_word' id='word_1_323' title='bbox 2941 3262 2988 3313; x_wconf 88' lang='grc'>9.</span> <span class='ocrx_word' id='word_1_324' title='bbox 3027 3259 3182 3312; x_wconf 71' lang='grc' dir='ltr'>’2Ἱ2δε</span> 
     </span>
     <span class='ocr_line' id='line_1_29' title="bbox 467 3348 3185 3421; baseline -0.001 -18"><span class='ocrx_word' id='word_1_325' title='bbox 467 3348 809 3420; x_wconf 83' lang='grc' dir='ltr'>βουλευόμεθα</span> <span class='ocrx_word' id='word_1_326' title='bbox 846 3354 965 3419; x_wconf 72' lang='grc' dir='ltr'>γοῦν</span> <span class='ocrx_word' id='word_1_327' title='bbox 1002 3351 1113 3421; x_wconf 80' lang='grc' dir='ltr'>περὶ</span> <span class='ocrx_word' id='word_1_328' title='bbox 1159 3350 1330 3418; x_wconf 88' lang='grc' dir='ltr'>μόνων</span> <span class='ocrx_word' id='word_1_329' title='bbox 1368 3350 1443 3401; x_wconf 84' lang='grc' dir='ltr'>ὧν</span> <span class='ocrx_word' id='word_1_330' title='bbox 1485 3348 1741 3419; x_wconf 81' lang='grc' dir='ltr'>δυνάμεθα</span> <span class='ocrx_word' id='word_1_331' title='bbox 1778 3348 2084 3419; x_wconf 83' lang='grc' dir='ltr'>(βουλόμεθα</span> <span class='ocrx_word' id='word_1_332' title='bbox 2124 3367 2172 3417; x_wconf 83' lang='grc' dir='ltr'>ρ.</span> <span class='ocrx_word' id='word_1_333' title='bbox 2201 3350 2257 3417; x_wconf 90' lang='lat' dir='ltr'>l.)</span> <span class='ocrx_word' id='word_1_334' title='bbox 2296 3352 2550 3421; x_wconf 86' lang='grc' dir='ltr'>πράττειν·</span> <span class='ocrx_word' id='word_1_335' title='bbox 2597 3351 2639 3401; x_wconf 84' lang='grc' dir='ltr'>εί</span> <span class='ocrx_word' id='word_1_336' title='bbox 2686 3348 2737 3400; x_wconf 82' lang='grc' dir='ltr'>δέ</span> <span class='ocrx_word' id='word_1_337' title='bbox 2785 3368 2906 3401; x_wconf 86' lang='grc' dir='ltr'>ποτε</span> <span class='ocrx_word' id='word_1_338' title='bbox 2948 3349 3018 3417; x_wconf 85' lang='grc' dir='ltr'>μὴ</span> <span class='ocrx_word' id='word_1_339' title='bbox 3069 3348 3185 3417; x_wconf 90' lang='grc' dir='ltr'>βου·</span> 
     </span>
     <span class='ocr_line' id='line_1_30' title="bbox 464 3434 3186 3508; baseline -0.002 -17"><span class='ocrx_word' id='word_1_340' title='bbox 464 3438 755 3508; x_wconf 81' lang='grc' dir='ltr'>λευσάμενοι</span> <span class='ocrx_word' id='word_1_341' title='bbox 806 3439 1134 3507; x_wconf 83' lang='grc' dir='ltr'>πράττοιμεν,</span> <span class='ocrx_word' id='word_1_342' title='bbox 1189 3436 1428 3495; x_wconf 83' lang='grc' dir='ltr'>πολλάκις</span> <span class='ocrx_word' id='word_1_343' title='bbox 1484 3442 1823 3505; x_wconf 82' lang='grc' dir='ltr'>μετανοοῦμεν</span> <span class='ocrx_word' id='word_1_344' title='bbox 1877 3439 1963 3489; x_wconf 75' lang='grc' dir='ltr'>καὶ</span> <span class='ocrx_word' id='word_1_345' title='bbox 2008 3436 2312 3507; x_wconf 79' lang='grc' dir='ltr'>μεμφόμεθα</span> <span class='ocrx_word' id='word_1_346' title='bbox 2365 3438 2558 3497; x_wconf 74' lang='grc' dir='ltr'>ἑαυτοῖς</span> <span class='ocrx_word' id='word_1_347' title='bbox 2602 3442 2693 3507; x_wconf 85' lang='grc' dir='ltr'>τῆς</span> <span class='ocrx_word' id='word_1_348' title='bbox 2739 3436 3000 3506; x_wconf 80' lang='grc' dir='ltr'>ἀβουλίας·</span> <span class='ocrx_word' id='word_1_349' title='bbox 3056 3434 3186 3487; x_wconf 78' lang='grc' dir='ltr'>ἀλλὰ</span> 
     </span>
     <span class='ocr_line' id='line_1_31' title="bbox 463 3524 3184 3597; baseline -0.001 -18"><span class='ocrx_word' id='word_1_350' title='bbox 463 3526 561 3579; x_wconf 74' lang='grc' dir='ltr'>κᾶν</span> <span class='ocrx_word' id='word_1_351' title='bbox 608 3525 791 3584; x_wconf 80' lang='grc' dir='ltr'>ἄλλους</span> <span class='ocrx_word' id='word_1_352' title='bbox 848 3524 1033 3593; x_wconf 76' lang='grc' dir='ltr'>ἴδωμεν</span> <span class='ocrx_word' id='word_1_353' title='bbox 1088 3524 1317 3593; x_wconf 72' lang='grc' dir='ltr'>ἀβούλως</span> <span class='ocrx_word' id='word_1_354' title='bbox 1374 3527 1681 3593; x_wconf 87' lang='grc' dir='ltr'>πράττοντας</span> <span class='ocrx_word' id='word_1_355' title='bbox 1736 3525 2074 3595; x_wconf 82' lang='grc' dir='ltr'>ἐπικαλοῦμεν</span> <span class='ocrx_word' id='word_1_356' title='bbox 2125 3526 2196 3583; x_wconf 87' lang='grc' dir='ltr'>ὡς</span> <span class='ocrx_word' id='word_1_357' title='bbox 2250 3526 2616 3597; x_wconf 82' lang='grc' dir='ltr'>ἁμαρτάνουσιν</span> <span class='ocrx_word' id='word_1_358' title='bbox 2671 3524 2907 3593; x_wconf 79' lang='grc' dir='ltr'>ἀξιοῦμέν</span> <span class='ocrx_word' id='word_1_359' title='bbox 2957 3542 3011 3576; x_wconf 86' lang='grc' dir='ltr'>τε</span> <span class='ocrx_word' id='word_1_360' title='bbox 3059 3539 3184 3591; x_wconf 88' lang='grc' dir='ltr'>συμ-</span> 
     </span>
    </p>
   </div>
   <div class='ocr_carea' id='block_1_4' title="bbox 463 3609 3186 4861">
    <p class='ocr_par' dir='ltr' id='par_1_4' title="bbox 463 3609 3114 3771">
     <span class='ocr_line' id='line_1_32' title="bbox 467 3609 3114 3685; baseline -0.002 -18"><span class='ocrx_word' id='word_1_361' title='bbox 467 3614 664 3685; x_wconf 78' lang='grc' dir='ltr'>βούλοις</span> <span class='ocrx_word' id='word_1_362' title='bbox 698 3613 860 3667; x_wconf 79' lang='grc' dir='ltr'>τοῖσδε</span> <span class='ocrx_word' id='word_1_363' title='bbox 896 3610 1115 3685; x_wconf 85' lang='grc' dir='ltr'>χρῆσθαι</span> <span class='ocrx_word' id='word_1_364' title='bbox 1154 3612 1223 3671; x_wconf 82' lang='grc' dir='ltr'>ὡς</span> <span class='ocrx_word' id='word_1_365' title='bbox 1259 3609 1344 3680; x_wconf 75' lang='grc' dir='ltr'>ἐφ’</span> <span class='ocrx_word' id='word_1_366' title='bbox 1383 3613 1503 3683; x_wconf 83' lang='grc' dir='ltr'>ἡμῖν</span> <span class='ocrx_word' id='word_1_367' title='bbox 1542 3612 1706 3665; x_wconf 79' lang='grc' dir='ltr'>ὄντων</span> <span class='ocrx_word' id='word_1_368' title='bbox 1742 3620 1847 3665; x_wconf 86' lang='grc' dir='ltr'>τῶν</span> <span class='ocrx_word' id='word_1_369' title='bbox 1881 3614 2126 3666; x_wconf 70' lang='grc' dir='ltr'>τοιούτων</span> <span class='ocrx_word' id='word_1_370' title='bbox 2303 3614 2334 3665; x_wconf 80' lang='grc'><strong><em>2</em></strong></span> <span class='ocrx_word' id='word_1_371' title='bbox 2373 3614 2520 3682; x_wconf 81' lang='grc' dir='ltr'>ἡμων</span> <span class='ocrx_word' id='word_1_372' title='bbox 2541 3617 2588 3665; x_wconf 87' lang='lat' dir='ltr'>V</span> <span class='ocrx_word' id='word_1_373' title='bbox 2757 3613 2789 3665; x_wconf 87' lang='lat'><strong>3</strong></span> <span class='ocrx_word' id='word_1_374' title='bbox 2827 3612 3022 3671; x_wconf 82' lang='grc' dir='ltr'>ἔξοντός</span> <span class='ocrx_word' id='word_1_375' title='bbox 3059 3611 3114 3663; x_wconf 66' lang='grc' dir='ltr'>ε’</span> 
     </span>
     <span class='ocr_line' id='line_1_33' title="bbox 463 3698 3098 3771; baseline -0.002 -16"><span class='ocrx_word' id='word_1_376' title='bbox 463 3707 615 3756; x_wconf 76' lang='grc' dir='ltr'>τοῦτο</span> <span class='ocrx_word' id='word_1_377' title='bbox 653 3707 698 3757; x_wconf 94' lang='grc' dir='ltr'><strong>Ο</strong></span> <span class='ocrx_word' id='word_1_378' title='bbox 890 3704 924 3754; x_wconf 86' lang='grc'>4</span> <span class='ocrx_word' id='word_1_379' title='bbox 962 3706 1051 3755; x_wconf 80' lang='grc' dir='ltr'>τοῦ</span> <span class='ocrx_word' id='word_1_380' title='bbox 1091 3698 1414 3771; x_wconf 80' lang='grc' dir='ltr'>βουλεὺεσθαι</span> <span class='ocrx_word' id='word_1_381' title='bbox 1449 3702 1629 3753; x_wconf 79' lang='lat' dir='ltr'>addidi</span> <span class='ocrx_word' id='word_1_382' title='bbox 1667 3701 1732 3753; x_wconf 83' lang='lat' dir='ltr'>cf.</span> <span class='ocrx_word' id='word_1_383' title='bbox 1760 3718 1804 3753; x_wconf 86' lang='grc' dir='ltr'>ν.</span> <span class='ocrx_word' id='word_1_384' title='bbox 1834 3701 1901 3753; x_wconf 77' lang='grc'>20</span> <span class='ocrx_word' id='word_1_385' title='bbox 2097 3700 2145 3753; x_wconf 88' lang='lat'>5.</span> <span class='ocrx_word' id='word_1_386' title='bbox 2185 3702 2216 3753; x_wconf 87' lang='grc'>6</span> <span class='ocrx_word' id='word_1_387' title='bbox 2255 3698 2841 3771; x_wconf 85' lang='grc' dir='ltr'>πλέον-βουλευόμεθα</span> <span class='ocrx_word' id='word_1_388' title='bbox 2878 3715 2980 3752; x_wconf 90' lang='lat' dir='ltr'>om.</span> <span class='ocrx_word' id='word_1_389' title='bbox 3019 3699 3098 3751; x_wconf 56' lang='grc' dir='ltr'>εΗ</span> 
     </span>
    </p>

    <p class='ocr_par' dir='ltr' id='par_1_5' title="bbox 463 3793 3186 4142">
     <span class='ocr_line' id='line_1_34' title="bbox 466 3793 3095 3875; baseline -0.002 -15"><span class='ocrx_word' id='word_1_390' title='bbox 466 3808 497 3860; x_wconf 87' lang='grc'><strong>6</strong></span> <span class='ocrx_word' id='word_1_391' title='bbox 536 3808 594 3860; x_wconf 85' lang='grc' dir='ltr'>τὸ</span> <span class='ocrx_word' id='word_1_392' title='bbox 632 3822 759 3861; x_wconf 83' lang='grc' dir='ltr'>οοιτ.</span> <span class='ocrx_word' id='word_1_393' title='bbox 796 3822 861 3858; x_wconf 80' lang='lat' dir='ltr'>ex</span> <span class='ocrx_word' id='word_1_394' title='bbox 897 3810 987 3857; x_wconf 82' lang='grc' dir='ltr'>τοῦ</span> <span class='ocrx_word' id='word_1_395' title='bbox 1012 3809 1081 3858; x_wconf 84' lang='lat' dir='ltr'>B:</span> <span class='ocrx_word' id='word_1_396' title='bbox 1119 3793 1211 3857; x_wconf 76' lang='grc' dir='ltr'>τὸυ</span> <span class='ocrx_word' id='word_1_397' title='bbox 1247 3806 1323 3858; x_wconf 85' lang='lat' dir='ltr'>sic</span> <span class='ocrx_word' id='word_1_398' title='bbox 1364 3810 1425 3857; x_wconf 90' lang='lat' dir='ltr'>V:</span> <span class='ocrx_word' id='word_1_399' title='bbox 1464 3809 1554 3857; x_wconf 80' lang='grc' dir='ltr'>τοῦ</span> <span class='ocrx_word' id='word_1_400' title='bbox 1592 3808 1779 3858; x_wconf 85' lang='lat' dir='ltr'>HESO</span> <span class='ocrx_word' id='word_1_401' title='bbox 1978 3806 2008 3856; x_wconf 90' lang='grc'><strong>6</strong></span> <span class='ocrx_word' id='word_1_402' title='bbox 2047 3806 2122 3872; x_wconf 84' lang='lat' dir='ltr'>(et</span> <span class='ocrx_word' id='word_1_403' title='bbox 2159 3806 2213 3871; x_wconf 87' lang='grc'>7)</span> <span class='ocrx_word' id='word_1_404' title='bbox 2253 3804 2639 3875; x_wconf 73' lang='grc' dir='ltr'>βουλεύσασθαι]</span> <span class='ocrx_word' id='word_1_405' title='bbox 2689 3802 3014 3875; x_wconf 73' lang='grc' dir='ltr'>βουλεύεσθαι</span> <span class='ocrx_word' id='word_1_406' title='bbox 3048 3807 3095 3856; x_wconf 94' lang='grc' dir='ltr'><strong>Ο</strong></span> 
     </span>
     <span class='ocr_line' id='line_1_35' title="bbox 464 3890 3184 3963; baseline -0.003 -15"><span class='ocrx_word' id='word_1_407' title='bbox 464 3895 603 3947; x_wconf 85' lang='grc'>6-8</span> <span class='ocrx_word' id='word_1_408' title='bbox 658 3896 873 3948; x_wconf 76' lang='lat' dir='ltr'><strong>fortasse</strong></span> <span class='ocrx_word' id='word_1_409' title='bbox 918 3893 1105 3945; x_wconf 71' lang='grc' dir='ltr'>αὐτῶν.</span> <span class='ocrx_word' id='word_1_410' title='bbox 1175 3895 1257 3957; x_wconf 79' lang='grc' dir='ltr'>(εἰ</span> <span class='ocrx_word' id='word_1_411' title='bbox 1304 3894 1366 3945; x_wconf 83' lang='grc' dir='ltr'>δέ</span> <span class='ocrx_word' id='word_1_412' title='bbox 1412 3897 1501 3956; x_wconf 86' lang='grc' dir='ltr'>τι)</span> <span class='ocrx_word' id='word_1_413' title='bbox 1548 3890 1631 3945; x_wconf 73' lang='grc' dir='ltr'>ἐπ’</span> <span class='ocrx_word' id='word_1_414' title='bbox 1680 3893 1804 3945; x_wconf 70' lang='grc' dir='ltr'>αὑτό</span> <span class='ocrx_word' id='word_1_415' title='bbox 1851 3911 1914 3963; x_wconf 87' lang='grc' dir='ltr'>γε</span> <span class='ocrx_word' id='word_1_416' title='bbox 1958 3912 2003 3945; x_wconf 90' lang='grc' dir='ltr'>τ.</span> <span class='ocrx_word' id='word_1_417' title='bbox 2045 3894 2090 3963; x_wconf 90' lang='grc' dir='ltr'>β.</span> <span class='ocrx_word' id='word_1_418' title='bbox 2127 3913 2181 3945; x_wconf 90' lang='grc' dir='ltr'>π.</span> <span class='ocrx_word' id='word_1_419' title='bbox 2231 3892 2364 3962; x_wconf 75' lang='grc' dir='ltr'>[καὶ]</span> <span class='ocrx_word' id='word_1_420' title='bbox 2410 3913 2462 3946; x_wconf 93' lang='grc' dir='ltr'>π.</span> <span class='ocrx_word' id='word_1_421' title='bbox 2508 3901 2614 3946; x_wconf 87' lang='grc' dir='ltr'>τῶν</span> <span class='ocrx_word' id='word_1_422' title='bbox 2664 3894 2772 3947; x_wconf 80' lang='grc' dir='ltr'>ἄλλ.</span> <span class='ocrx_word' id='word_1_423' title='bbox 2825 3893 2962 3963; x_wconf 90' lang='grc' dir='ltr'>βουλ.</span> <span class='ocrx_word' id='word_1_424' title='bbox 3009 3891 3184 3963; x_wconf 48' lang='grc' dir='ltr'>π..ὧν</span> 
     </span>
     <span class='ocr_line' id='line_1_36' title="bbox 463 3978 3186 4055; baseline -0.002 -19"><span class='ocrx_word' id='word_1_425' title='bbox 463 3983 849 4055; x_wconf 75' lang='grc' dir='ltr'>προειρήκαμεν,</span> <span class='ocrx_word' id='word_1_426' title='bbox 886 3982 934 4034; x_wconf 88' lang='grc' dir='ltr'>τί</span> <span class='ocrx_word' id='word_1_427' title='bbox 968 3980 1093 4033; x_wconf 72' lang='grc' dir='ltr'>ποτ’</span> <span class='ocrx_word' id='word_1_428' title='bbox 1128 3980 1241 4033; x_wconf 85' lang='grc' dir='ltr'>κτλ.</span> <span class='ocrx_word' id='word_1_429' title='bbox 1490 3980 1520 4032; x_wconf 88' lang='grc'><strong>6</strong></span> <span class='ocrx_word' id='word_1_430' title='bbox 1557 3982 1691 4051; x_wconf 87' lang='grc' dir='ltr'>παρὰ</span> <span class='ocrx_word' id='word_1_431' title='bbox 1727 3986 1817 4033; x_wconf 81' lang='grc' dir='ltr'>τοῦ</span> <span class='ocrx_word' id='word_1_432' title='bbox 1857 3978 2182 4051; x_wconf 73' lang='grc' dir='ltr'>βουλεύεσθαι</span> <span class='ocrx_word' id='word_1_433' title='bbox 2218 3982 2329 4054; x_wconf 81' lang='grc' dir='ltr'>περὶ</span> <span class='ocrx_word' id='word_1_434' title='bbox 2366 3980 2534 4033; x_wconf 72' lang='grc' dir='ltr'>αὐτῶν</span> <span class='ocrx_word' id='word_1_435' title='bbox 2571 3980 2658 4033; x_wconf 70' lang='grc' dir='ltr'>ἐπ’</span> <span class='ocrx_word' id='word_1_436' title='bbox 2694 3980 2817 4033; x_wconf 74' lang='grc' dir='ltr'>αὐτὸ</span> <span class='ocrx_word' id='word_1_437' title='bbox 2853 3981 2913 4033; x_wconf 86' lang='grc' dir='ltr'>τὸ</span> <span class='ocrx_word' id='word_1_438' title='bbox 2956 3978 3186 4049; x_wconf 76' lang='grc' dir='ltr'>βουλεύε-</span> 
     </span>
     <span class='ocr_line' id='line_1_37' title="bbox 466 4069 3052 4142; baseline -0.001 -19"><span class='ocrx_word' id='word_1_439' title='bbox 466 4069 583 4123; x_wconf 85' lang='grc' dir='ltr'>σθαι</span> <span class='ocrx_word' id='word_1_440' title='bbox 628 4070 920 4142; x_wconf 80' lang='grc' dir='ltr'>περιγίνεται</span> <span class='ocrx_word' id='word_1_441' title='bbox 967 4069 1116 4123; x_wconf 83' lang='grc' dir='ltr'>πλέον</span> <span class='ocrx_word' id='word_1_442' title='bbox 1163 4072 1297 4122; x_wconf 88' lang='lat' dir='ltr'><strong>eoni.</strong></span> <span class='ocrx_word' id='word_1_443' title='bbox 1338 4070 1489 4138; x_wconf 78' lang='lat' dir='ltr'><strong>Casp.</strong></span> <span class='ocrx_word' id='word_1_444' title='bbox 1531 4074 1576 4123; x_wconf 93' lang='grc' dir='ltr'><strong>Ο</strong></span> <span class='ocrx_word' id='word_1_445' title='bbox 1790 4070 1821 4121; x_wconf 86' lang='grc'>’7</span> <span class='ocrx_word' id='word_1_446' title='bbox 1869 4088 1922 4123; x_wconf 88' lang='grc' dir='ltr'>τε</span> <span class='ocrx_word' id='word_1_447' title='bbox 1961 4085 2060 4122; x_wconf 87' lang='lat' dir='ltr'>om.</span> <span class='ocrx_word' id='word_1_448' title='bbox 2108 4069 2188 4121; x_wconf 72' lang='lat'>8¹²</span> <span class='ocrx_word' id='word_1_449' title='bbox 2399 4069 2507 4138; x_wconf 80' lang='grc' dir='ltr'>καὶ]</span> <span class='ocrx_word' id='word_1_450' title='bbox 2543 4069 2692 4123; x_wconf 84' lang='grc' dir='ltr'>πλέον</span> <span class='ocrx_word' id='word_1_451' title='bbox 2730 4070 2761 4139; x_wconf 83' lang='grc' dir='ltr'><strong>ἦ</strong></span> <span class='ocrx_word' id='word_1_452' title='bbox 2801 4070 2966 4121; x_wconf 87' lang='lat' dir='ltr'>Lond.</span> <span class='ocrx_word' id='word_1_453' title='bbox 3007 4071 3052 4120; x_wconf 95' lang='grc' dir='ltr'>Ο</span> 
     </span>
    </p>

    <p class='ocr_par' dir='ltr' id='par_1_6' title="bbox 465 4164 3078 4333">
     <span class='ocr_line' id='line_1_38' title="bbox 465 4164 3078 4245; baseline -0.002 -17"><span class='ocrx_word' id='word_1_454' title='bbox 465 4176 497 4228; x_wconf 88' lang='grc'><strong>9</strong></span> <span class='ocrx_word' id='word_1_455' title='bbox 536 4174 757 4236; x_wconf 78' lang='grc' dir='ltr'>ἐξουσιαν</span> <span class='ocrx_word' id='word_1_456' title='bbox 778 4178 845 4227; x_wconf 87' lang='lat' dir='ltr'>V:</span> <span class='ocrx_word' id='word_1_457' title='bbox 868 4176 961 4245; x_wconf 70' lang='grc' dir='ltr'>τὴν</span> <span class='ocrx_word' id='word_1_458' title='bbox 988 4174 1210 4236; x_wconf 83' lang='grc' dir='ltr'>ἐξουσίαν</span> <span class='ocrx_word' id='word_1_459' title='bbox 1231 4178 1276 4229; x_wconf 92' lang='lat' dir='ltr'>O</span> <span class='ocrx_word' id='word_1_460' title='bbox 1460 4175 1523 4227; x_wconf 92' lang='lat'>10</span> <span class='ocrx_word' id='word_1_461' title='bbox 1560 4164 1713 4228; x_wconf 78' lang='grc' dir='ltr'>ἄλλου</span> <span class='ocrx_word' id='word_1_462' title='bbox 1739 4176 1813 4229; x_wconf 86' lang='lat' dir='ltr'>sic</span> <span class='ocrx_word' id='word_1_463' title='bbox 1842 4179 1906 4226; x_wconf 87' lang='lat' dir='ltr'>V:</span> <span class='ocrx_word' id='word_1_464' title='bbox 1946 4173 2068 4227; x_wconf 87' lang='grc' dir='ltr'>ἄλλο</span> <span class='ocrx_word' id='word_1_465' title='bbox 2098 4172 2242 4225; x_wconf 82' lang='lat' dir='ltr'><strong>HB²:</strong></span> <span class='ocrx_word' id='word_1_466' title='bbox 2283 4172 2437 4226; x_wconf 82' lang='grc' dir='ltr'>ἄλλου</span> <span class='ocrx_word' id='word_1_467' title='bbox 2464 4172 2633 4225; x_wconf 74' lang='lat' dir='ltr'><strong>B¹a¹²z</strong></span> <span class='ocrx_word' id='word_1_468' title='bbox 2675 4172 2798 4225; x_wconf 81' lang='grc' dir='ltr'>ἄλλο</span> <span class='ocrx_word' id='word_1_469' title='bbox 2823 4191 2870 4224; x_wconf 89' lang='grc' dir='ltr'>τι</span> <span class='ocrx_word' id='word_1_470' title='bbox 2897 4172 3009 4225; x_wconf 80' lang='lat' dir='ltr'>Cas.</span> <span class='ocrx_word' id='word_1_471' title='bbox 3033 4174 3078 4223; x_wconf 95' lang='grc' dir='ltr'>Ο</span> 
     </span>
     <span class='ocr_line' id='line_1_39' title="bbox 466 4258 2907 4333; baseline -0.002 -17"><span class='ocrx_word' id='word_1_472' title='bbox 466 4260 590 4323; x_wconf 78' lang='grc' dir='ltr'>εἶξαι</span> <span class='ocrx_word' id='word_1_473' title='bbox 628 4267 675 4314; x_wconf 91' lang='lat' dir='ltr'>V</span> <span class='ocrx_word' id='word_1_474' title='bbox 920 4263 1049 4333; x_wconf 86' lang='grc' dir='ltr'>πρόσ</span> <span class='ocrx_word' id='word_1_475' title='bbox 1084 4262 1323 4333; x_wconf 75' lang='grc' dir='ltr'>πεσοΰσηι</span> <span class='ocrx_word' id='word_1_476' title='bbox 1362 4268 1407 4314; x_wconf 83' lang='lat' dir='ltr'>V</span> <span class='ocrx_word' id='word_1_477' title='bbox 1624 4264 1686 4315; x_wconf 83' lang='lat'>12</span> <span class='ocrx_word' id='word_1_478' title='bbox 1741 4262 1818 4333; x_wconf 82' lang='grc' dir='ltr'>εἴη</span> <span class='ocrx_word' id='word_1_479' title='bbox 1869 4264 1937 4333; x_wconf 85' lang='grc' dir='ltr'>μὴ</span> <span class='ocrx_word' id='word_1_480' title='bbox 1979 4261 2056 4314; x_wconf 81' lang='lat' dir='ltr'>a¹²</span> <span class='ocrx_word' id='word_1_481' title='bbox 2273 4264 2335 4314; x_wconf 86' lang='lat'>14</span> <span class='ocrx_word' id='word_1_482' title='bbox 2391 4260 2617 4322; x_wconf 84' lang='grc' dir='ltr'>ἐξουσίαν</span> <span class='ocrx_word' id='word_1_483' title='bbox 2655 4259 2787 4332; x_wconf 80' lang='grc' dir='ltr'>ἔχειν</span> <span class='ocrx_word' id='word_1_484' title='bbox 2825 4258 2907 4311; x_wconf 62' lang='lat'>³¹²</span> 
     </span>
    </p>

    <p class='ocr_par' dir='ltr' id='par_1_7' title="bbox 466 4344 3186 4861">
     <span class='ocr_line' id='line_1_40' title="bbox 471 4344 3184 4423; baseline -0.003 -19"><span class='ocrx_word' id='word_1_485' title='bbox 471 4352 534 4404; x_wconf 87' lang='lat'>16</span> <span class='ocrx_word' id='word_1_486' title='bbox 591 4352 985 4423; x_wconf 76' lang='grc' dir='ltr'>καταφερομένῳ</span> <span class='ocrx_word' id='word_1_487' title='bbox 1037 4351 1116 4403; x_wconf 74' lang='lat'>8¹²</span> <span class='ocrx_word' id='word_1_488' title='bbox 1327 4357 1403 4421; x_wconf 73' lang='grc' dir='ltr'>τῷ</span> <span class='ocrx_word' id='word_1_489' title='bbox 1442 4353 1574 4403; x_wconf 77' lang='grc' dir='ltr'>κατὰ</span> <span class='ocrx_word' id='word_1_490' title='bbox 1618 4368 1716 4403; x_wconf 89' lang='lat' dir='ltr'>om.</span> <span class='ocrx_word' id='word_1_491' title='bbox 1756 4352 1835 4403; x_wconf 72' lang='lat'>8¹²</span> <span class='ocrx_word' id='word_1_492' title='bbox 2050 4350 2110 4401; x_wconf 78' lang='lat'>21</span> <span class='ocrx_word' id='word_1_493' title='bbox 2165 4350 2260 4402; x_wconf 72' lang='grc' dir='ltr'>οὐκ</span> <span class='ocrx_word' id='word_1_494' title='bbox 2297 4350 2413 4401; x_wconf 83' lang='lat' dir='ltr'>add.</span> <span class='ocrx_word' id='word_1_495' title='bbox 2449 4349 2616 4403; x_wconf 87' lang='lat' dir='ltr'>Lond.</span> <span class='ocrx_word' id='word_1_496' title='bbox 2655 4352 2701 4401; x_wconf 93' lang='grc' dir='ltr'>Ο</span> <span class='ocrx_word' id='word_1_497' title='bbox 2914 4344 3184 4416; x_wconf 72' lang='grc' dir='ltr'>παραιτου-</span> 
     </span>
     <span class='ocr_line' id='line_1_41' title="bbox 468 4434 3186 4508; baseline -0.002 -17"><span class='ocrx_word' id='word_1_498' title='bbox 468 4436 599 4507; x_wconf 81' lang='grc' dir='ltr'>μεθα</span> <span class='ocrx_word' id='word_1_499' title='bbox 647 4438 760 4491; x_wconf 77' lang='lat' dir='ltr'><strong>Cas.</strong></span> <span class='ocrx_word' id='word_1_500' title='bbox 801 4442 846 4491; x_wconf 93' lang='grc' dir='ltr'><strong>Ο</strong></span> <span class='ocrx_word' id='word_1_501' title='bbox 1084 4438 1150 4491; x_wconf 76' lang='grc'>’22</span> <span class='ocrx_word' id='word_1_502' title='bbox 1196 4438 1267 4497; x_wconf 78' lang='grc' dir='ltr'>ὥς</span> <span class='ocrx_word' id='word_1_503' title='bbox 1302 4438 1372 4508; x_wconf 90' lang='grc' dir='ltr'>τι]</span> <span class='ocrx_word' id='word_1_504' title='bbox 1410 4441 1631 4492; x_wconf 81' lang='lat' dir='ltr'><strong>fortasse</strong></span> <span class='ocrx_word' id='word_1_505' title='bbox 1669 4440 1739 4497; x_wconf 82' lang='grc' dir='ltr'>ὡς</span> <span class='ocrx_word' id='word_1_506' title='bbox 1774 4438 1892 4504; x_wconf 75' lang='grc' dir='ltr'>(εἷς)</span> <span class='ocrx_word' id='word_1_507' title='bbox 1927 4458 1976 4490; x_wconf 90' lang='grc' dir='ltr'>τι</span> <span class='ocrx_word' id='word_1_508' title='bbox 2213 4437 2278 4488; x_wconf 78' lang='grc'>23</span> <span class='ocrx_word' id='word_1_509' title='bbox 2333 4438 2686 4508; x_wconf 86' lang='grc' dir='ltr'>παρεχομένωι</span> <span class='ocrx_word' id='word_1_510' title='bbox 2735 4440 2797 4487; x_wconf 77' lang='lat' dir='ltr'>v=</span> <span class='ocrx_word' id='word_1_511' title='bbox 2853 4434 3186 4506; x_wconf 81' lang='grc' dir='ltr'>παρεχόμενοι</span> 
     </span>
     <span class='ocr_line' id='line_1_42' title="bbox 467 4522 3185 4601; baseline -0.003 -21"><span class='ocrx_word' id='word_1_512' title='bbox 467 4545 515 4580; x_wconf 83' lang='lat' dir='ltr'>v.</span> <span class='ocrx_word' id='word_1_513' title='bbox 545 4545 587 4580; x_wconf 90' lang='lat' dir='ltr'>c.</span> <span class='ocrx_word' id='word_1_514' title='bbox 610 4532 673 4580; x_wconf 83' lang='lat' dir='ltr'>V:</span> <span class='ocrx_word' id='word_1_515' title='bbox 710 4528 1072 4599; x_wconf 78' lang='grc' dir='ltr'>παρεχομένων</span> <span class='ocrx_word' id='word_1_516' title='bbox 1110 4530 1220 4581; x_wconf 86' lang='lat' dir='ltr'>ES:</span> <span class='ocrx_word' id='word_1_517' title='bbox 1260 4530 1583 4601; x_wconf 85' lang='grc' dir='ltr'>παρεχομένη</span> <span class='ocrx_word' id='word_1_518' title='bbox 1620 4526 1700 4579; x_wconf 78' lang='lat' dir='ltr'>a¹²</span> <span class='ocrx_word' id='word_1_519' title='bbox 1931 4525 2237 4590; x_wconf 80' lang='lat'>23—180‚2</span> <span class='ocrx_word' id='word_1_520' title='bbox 2276 4522 2320 4595; x_wconf 71' lang='grc' dir='ltr'><em>ᾦ</em></span> <span class='ocrx_word' id='word_1_521' title='bbox 2362 4522 2961 4591; x_wconf 78' lang='grc' dir='ltr'>εἵπετο-ἀντικείμενα]</span> <span class='ocrx_word' id='word_1_522' title='bbox 3003 4522 3185 4575; x_wconf 86' lang='lat' dir='ltr'>dubito</span> 
     </span>
     <span class='ocr_line' id='line_1_43' title="bbox 466 4610 3184 4685; baseline -0.002 -18"><span class='ocrx_word' id='word_1_523' title='bbox 466 4632 589 4667; x_wconf 86' lang='lat' dir='ltr'>num</span> <span class='ocrx_word' id='word_1_524' title='bbox 638 4616 763 4667; x_wconf 82' lang='lat' dir='ltr'>haec</span> <span class='ocrx_word' id='word_1_525' title='bbox 800 4616 1087 4669; x_wconf 81' lang='lat' dir='ltr'><strong>Alexandri</strong></span> <span class='ocrx_word' id='word_1_526' title='bbox 1137 4618 1245 4669; x_wconf 88' lang='lat' dir='ltr'><strong>sint</strong></span> <span class='ocrx_word' id='word_1_527' title='bbox 1514 4614 1555 4685; x_wconf 86' lang='grc' dir='ltr'>ᾦ</span> <span class='ocrx_word' id='word_1_528' title='bbox 1595 4632 1643 4667; x_wconf 78' lang='lat' dir='ltr'>v,</span> <span class='ocrx_word' id='word_1_529' title='bbox 1682 4632 1725 4668; x_wconf 84' lang='lat' dir='ltr'>e.</span> <span class='ocrx_word' id='word_1_530' title='bbox 1766 4619 1829 4666; x_wconf 86' lang='lat' dir='ltr'>V:</span> <span class='ocrx_word' id='word_1_531' title='bbox 1881 4614 1953 4672; x_wconf 82' lang='grc' dir='ltr'>ὡς</span> <span class='ocrx_word' id='word_1_532' title='bbox 1988 4614 2164 4666; x_wconf 79' lang='lat' dir='ltr'>V¹a¹²:</span> <span class='ocrx_word' id='word_1_533' title='bbox 2215 4613 2287 4671; x_wconf 79' lang='grc' dir='ltr'>οἷς</span> <span class='ocrx_word' id='word_1_534' title='bbox 2324 4614 2488 4666; x_wconf 89' lang='lat' dir='ltr'>Lond.</span> <span class='ocrx_word' id='word_1_535' title='bbox 2737 4612 2824 4664; x_wconf 83' lang='lat' dir='ltr'><strong>alt.</strong></span> <span class='ocrx_word' id='word_1_536' title='bbox 2865 4610 2924 4663; x_wconf 82' lang='grc' dir='ltr'>τὸ</span> <span class='ocrx_word' id='word_1_537' title='bbox 2960 4610 3045 4663; x_wconf 79' lang='lat'>13²:</span> <span class='ocrx_word' id='word_1_538' title='bbox 3094 4614 3184 4661; x_wconf 82' lang='grc' dir='ltr'>τοῦ</span> 
     </span>
     <span class='ocr_line' id='line_1_44' title="bbox 466 4698 3185 4775; baseline -0.002 -20"><span class='ocrx_word' id='word_1_539' title='bbox 466 4703 588 4756; x_wconf 82' lang='lat' dir='ltr'>libri</span> <span class='ocrx_word' id='word_1_540' title='bbox 838 4703 905 4755; x_wconf 80' lang='lat'>24</span> <span class='ocrx_word' id='word_1_541' title='bbox 961 4700 1003 4775; x_wconf 61' lang='lat' dir='ltr'>q}</span> <span class='ocrx_word' id='word_1_542' title='bbox 1044 4720 1089 4755; x_wconf 86' lang='lat' dir='ltr'>v.</span> <span class='ocrx_word' id='word_1_543' title='bbox 1128 4721 1171 4755; x_wconf 90' lang='lat' dir='ltr'>c.</span> <span class='ocrx_word' id='word_1_544' title='bbox 1218 4709 1282 4757; x_wconf 88' lang='lat' dir='ltr'>V:</span> <span class='ocrx_word' id='word_1_545' title='bbox 1323 4703 1396 4761; x_wconf 80' lang='grc' dir='ltr'>ὡς</span> <span class='ocrx_word' id='word_1_546' title='bbox 1430 4702 1617 4757; x_wconf 73' lang='lat' dir='ltr'>V¹a¹²z</span> <span class='ocrx_word' id='word_1_547' title='bbox 1670 4703 1741 4760; x_wconf 82' lang='grc' dir='ltr'>οἷς</span> <span class='ocrx_word' id='word_1_548' title='bbox 1778 4702 1946 4754; x_wconf 86' lang='lat' dir='ltr'><strong>Lond.</strong></span> <span class='ocrx_word' id='word_1_549' title='bbox 2194 4702 2275 4753; x_wconf 81' lang='lat'>24.</span> <span class='ocrx_word' id='word_1_550' title='bbox 2316 4700 2382 4751; x_wconf 78' lang='lat'>25</span> <span class='ocrx_word' id='word_1_551' title='bbox 2437 4707 2595 4758; x_wconf 86' lang='grc' dir='ltr'>κινῶς</span> <span class='ocrx_word' id='word_1_552' title='bbox 2641 4700 2722 4753; x_wconf 76' lang='lat' dir='ltr'>a¹²</span> <span class='ocrx_word' id='word_1_553' title='bbox 2790 4750 2793 4753; x_wconf 90' lang='lat'>.</span> <span class='ocrx_word' id='word_1_554' title='bbox 2973 4698 3040 4752; x_wconf 78' lang='lat'>25</span> <span class='ocrx_word' id='word_1_555' title='bbox 3096 4702 3185 4750; x_wconf 77' lang='grc' dir='ltr'>τοῦ</span> 
     </span>
     <span class='ocr_line' id='line_1_45' title="bbox 467 4785 3092 4861; baseline -0.001 -21"><span class='ocrx_word' id='word_1_556' title='bbox 467 4790 561 4841; x_wconf 64' lang='lat' dir='ltr'>B2:</span> <span class='ocrx_word' id='word_1_557' title='bbox 598 4790 658 4841; x_wconf 86' lang='grc' dir='ltr'>τὸ</span> <span class='ocrx_word' id='word_1_558' title='bbox 705 4790 825 4842; x_wconf 84' lang='lat' dir='ltr'><strong>libri</strong></span> <span class='ocrx_word' id='word_1_559' title='bbox 1093 4791 1159 4843; x_wconf 80' lang='lat'>26</span> <span class='ocrx_word' id='word_1_560' title='bbox 1217 4792 1469 4861; x_wconf 84' lang='grc' dir='ltr'>ἀναιρεῖτο</span> <span class='ocrx_word' id='word_1_561' title='bbox 1516 4790 1619 4843; x_wconf 67' lang='lat'>21¹²:</span> <span class='ocrx_word' id='word_1_562' title='bbox 1674 4790 1904 4859; x_wconf 76' lang='grc' dir='ltr'>ἀνῃρεῖτο</span> <span class='ocrx_word' id='word_1_563' title='bbox 1946 4790 2064 4841; x_wconf 71' lang='lat' dir='ltr'>Cas,</span> <span class='ocrx_word' id='word_1_564' title='bbox 2301 4785 2343 4857; x_wconf 75' lang='grc' dir='ltr'>ᾦ</span> <span class='ocrx_word' id='word_1_565' title='bbox 2382 4788 2475 4839; x_wconf 68' lang='lat'>132:</span> <span class='ocrx_word' id='word_1_566' title='bbox 2517 4786 2588 4844; x_wconf 82' lang='grc' dir='ltr'>ὡς</span> <span class='ocrx_word' id='word_1_567' title='bbox 2627 4788 2770 4839; x_wconf 78' lang='lat' dir='ltr'>Va¹²z</span> <span class='ocrx_word' id='word_1_568' title='bbox 2809 4788 2881 4846; x_wconf 76' lang='grc' dir='ltr'>οἷς</span> <span class='ocrx_word' id='word_1_569' title='bbox 2927 4786 3092 4839; x_wconf 86' lang='lat' dir='ltr'>Lond.</span> 
     </span>
    </p>
   </div>
   <div class='ocr_carea' id='block_1_5' title="bbox 471 4877 1431 4948">
    <p class='ocr_par' dir='ltr' id='par_1_8' title="bbox 471 4877 1431 4948">
     <span class='ocr_line' id='line_1_46' title="bbox 471 4877 1431 4948; baseline 0 -19"><span class='ocrx_word' id='word_1_570' title='bbox 471 4877 815 4947; x_wconf 80' lang='grc' dir='ltr'>βουλευτικοῖς</span> <span class='ocrx_word' id='word_1_571' title='bbox 854 4882 924 4929; x_wconf 84' lang='lat' dir='ltr'>K:</span> <span class='ocrx_word' id='word_1_572' title='bbox 967 4878 1315 4948; x_wconf 80' lang='grc' dir='ltr'>βουλευτικοῦς</span> <span class='ocrx_word' id='word_1_573' title='bbox 1354 4878 1431 4929; x_wconf 64' lang='lat'>2¹²</span> 
     </span>
    </p>
   </div>
   <div class='ocr_carea' id='block_1_6' title="bbox 2659 4961 2784 5025">
    <p class='ocr_par' dir='ltr' id='par_1_9' title="bbox 2659 4961 2784 5025">
     <span class='ocr_line' id='line_1_47' title="bbox 2659 4961 2784 5025; baseline 0.008 -1"><span class='ocrx_word' id='word_1_574' title='bbox 2659 4961 2784 5025; x_wconf 60' lang='lat'>12*</span> 
     </span>
    </p>
   </div>
  </div>
 </body>
</html>
