3684 5567
1389 252 1675 310 ΒΙΒΛΙΟΝ
1715 251 1995 310 ΠΡΩΤΟΝ
2044 255 2282 308 llb—l3
3109 252 3195 317 25

575 430 776 498 ἁπλῶς
821 430 1004 513 ἡδονὴ
1052 429 1210 510 λύπη
1257 429 1516 504 ἐναντία,
1561 427 1631 492 οὐ
1675 428 1785 512 γὰρ
1832 432 1993 491 πᾶσα
2039 429 2221 511 ἡδονὴ
2268 429 2429 510 πάσῃ
2476 429 2634 511 λύπῃ
2681 427 2926 491 ἐναντία.
3018 421 3085 486 οὐ

571 529 678 614 γὰρ
733 538 808 613 τῇ
857 532 974 594 ἀπὸ
1017 535 1120 594 τοῦ
1165 531 1409 614 θεωρεῖν
1465 533 1652 614 ἡδονῇ
1715 532 1752 614 ἡ
1809 531 1927 592 άπὸ
1980 535 2083 592 τοῦ
2135 531 2306 616 διψῆν
2360 531 2513 614 λύπη
2559 531 2815 604 ἐναντία,
2870 526 2989 592 ἀλλ’
3044 526 3084 607 ὴ

573 633 688 696 ἀπὸ
734 638 836 697 τοῦ
883 634 1060 697 αὐτοῦ
1105 635 1288 716 ἡδονὴ
1346 639 1421 716 τῇ
1471 635 1588 696 ἀπὸ
1633 637 1737 696 τοῦ
1792 632 1971 695 αὐτοῦ
2029 633 2187 715 λύπῃ
2234 633 2493 707 ἐναντία,
2548 633 2617 701 ἃς
2664 632 2760 695 καὶ
2808 631 3086 694 ἀδύνατον
3116 642 3169 684 15

574 735 698 817 ἅμα
743 742 827 820 τῷ
877 735 1040 819 αὐτῷ
1089 737 1394 821 ὑπάρχειν.
1463 734 1596 798 οὔτε
1641 735 1750 819 γὰρ
1797 736 1923 816 ἅμα
1967 735 2222 818 ἥδεσθαί
2258 759 2322 798 τε
2366 735 2462 797 καὶ
2504 735 2811 798 λυπεῖσθαι
2858 733 2955 796 ἐπὶ
2998 735 3084 814 τῷ

503 857 533 905 5
571 837 838 921 θεωρεῖν,
887 836 974 900 ὅτι
1015 839 1052 920 ἠ
1087 839 1393 920 διάμετρος
1438 839 1806 921 ἀσύμμετρος
1850 843 1928 920 τῇ
1961 840 2204 920 πλευρᾷ,
2250 835 2371 899 οἷόν
2415 859 2479 899 τε
2510 836 2602 898 διὰ
2646 837 2713 898 τὸ
2744 834 2906 908 αὐτό,
2952 832 3085 897 οὔτε

571 941 668 1002 τὸν
714 945 1003 1004 πεινῶντα
1045 938 1141 1002 ἐπὶ
1187 943 1274 1022 τῷ
1323 944 1522 1021 πεινῆν
1569 939 1692 1021 ἅμα
1737 938 1861 1002 οἷόν
1910 962 1971 1002 τε
2016 940 2113 1001 καὶ
2158 941 2411 1024 ἥδεσθαι
2456 940 2551 1002 καὶ
2595 939 2936 1012 λυπεῖσθαι,
2992 939 3085 998 λυ·
3112 949 3170 991 2⁰

571 1043 858 1125 πούμενον
893 1043 1086 1123 μέντοι
1131 1041 1226 1103 ἐπὶ
1273 1045 1358 1125 τῷ
1396 1046 1596 1123 πεινῆν
1644 1042 1766 1124 ἅμα
1813 1042 2063 1124 ἥδεσθαι
2110 1041 2205 1104 ἐπὶ
2253 1047 2334 1125 τῷ
2368 1041 2583 1105 ἐσθίειν
2630 1041 2737 1104 οὐκ
2782 1039 3083 1102 ἀδύνατον.

572 1143 638 1206 οὐ
683 1144 792 1228 γὰρ
837 1144 1064 1208 ἐναντία
1109 1147 1184 1225 τῇ
1232 1142 1472 1224 τοιαύτῃ
1527 1144 1714 1226 ἡδονῇ
1760 1145 1798 1225 ἡ
1847 1143 2085 1228 τοιαύτη
2132 1144 2307 1226 λύπη.
2398 1145 2436 1225 ἡ
2487 1144 2589 1226 μὲν
2632 1143 2743 1228 γὰρ
2787 1143 2941 1222 λύπη
2988 1139 3083 1202 ἐπὶ

572 1251 644 1328 τῇ
695 1246 907 1328 ἐνδείᾳ,
953 1248 990 1328 ἢ
1040 1246 1106 1308 δὲ
1151 1246 1334 1327 ἡδονὴ
1381 1245 1476 1307 ἐπὶ
1523 1249 1600 1326 τῇ
1650 1250 1756 1327 τῆς
1802 1245 2023 1314 ἐνδείας
2068 1247 2373 1329 θεραπείᾳ,
2418 1246 2507 1308 διὸ
2554 1246 2651 1308 καὶ
2694 1243 2813 1308 ἔστ’
2866 1243 2933 1306 ἄν
2982 1241 3086 1324 μὲν
3112 1255 3167 1298 ¹⁵

473 1369 532 1415 ιο
569 1344 611 1433 ᾖ
661 1347 936 1430 δεόμενον
969 1348 1302 1431 θεραπείας,
1351 1346 1822 1430 θεραπευόμενον
1870 1347 2090 1429 ἥδεται,
2137 1349 2259 1430 ἅμα
2306 1350 2372 1411 δὲ
2409 1350 2589 1411 δεῖται
2636 1347 2948 1429 θεραπείας
2990 1344 3087 1408 καὶ

570 1451 724 1514 ἐστὶν
779 1451 840 1512 ἐν
885 1450 1062 1532 λύπῃ.
1152 1448 1254 1512 ὅτι.
1291 1449 1400 1531 γὰρ
1455 1448 1560 1511 οὐκ
1614 1449 1732 1511 ἀπὸ
1782 1453 1887 1510 τοῦ
1938 1447 1945 1532 Ι
1993 1449 2171 1513 αὐτοῦ
2230 1453 2269 1534 ἥ
2315 1473 2379 1514 τε
2432 1452 2585 1532 λύπη
2632 1450 2730 1514 καὶ
2783 1451 2822 1532 ἢ
2877 1447 3083 1531 ἡδονή,
3124 1453 3192 1510 52

571 1556 745 1637 δῆλον
801 1554 868 1615 ἐκ
913 1557 1014 1615 τοῦ
1067 1551 1204 1620 τοὺς
1255 1554 1572 1619 πεινῶντας
1619 1550 1756 1630 μέν,
1813 1553 1897 1633 μὴ
1954 1553 2341 1636 τρεφομένους
2384 1552 2477 1628 δέ,
2532 1551 2841 1614 λυπεῖσθαι
2888 1548 3083 1630 μόνον,

569 1657 664 1718 καὶ
709 1655 776 1720 ἐκ
819 1659 922 1716 τοῦ
967 1653 1102 1722 τοὺς
1147 1655 1535 1738 τρεφομένους
1582 1657 1780 1736 μειοῦν
1826 1655 1930 1736 τὴν
1978 1653 2184 1737 λύπην.
2260 1654 2413 1718 οῦτω
2458 1656 2524 1718 τὸ
2572 1655 2675 1736 μὲν
2722 1653 2867 1715 εἶναι
2912 1651 3081 1714 ἐνδεᾶ

570 1757 754 1839 λύπης
801 1755 982 1839 μόνης
1025 1753 1236 1830 αἴτιον,
1293 1756 1357 1817 τὸ
1415 1754 1466 1818 δ’
1523 1756 2003 1837 ἀναπληροῦσθαι
2055 1757 2301 1840 ἡδονῆς,
2362 1758 2457 1819 καὶ
2512 1757 2565 1819 οἱ
2611 1759 2944 1839 ψωριῶντες
2988 1753 3084 1816 καὶ
3138 1769 3166 1810 5

471 1879 530 1928 15
567 1865 852 1942 κνώμενοι
897 1859 964 1921 οὐ
1011 1857 1105 1920 διὰ
1150 1858 1215 1921 τὸ
1261 1857 1514 1940 κνῆσθαι
1561 1861 1903 1934 λυποῦνται,
1950 1857 2101 1920 ἀλλὰ
2145 1859 2240 1920 διὰ
2286 1859 2351 1921 τὸ
2397 1857 2483 1922 ἔτι
2526 1859 2755 1920 δεῖσθαι
2798 1861 2899 1919 τοῦ
2948 1861 3079 1939 κνῆ-

568 1963 724 2036 σθαι,
771 1962 972 2044 ὥσπερ
1017 1961 1112 2022 καὶ
1159 1961 1212 2022 οἱ
1245 1959 1588 2042 τρεφόμενοι
1631 1961 1726 2022 ἐπὶ
1757 1963 1846 2044 τῷ
1878 1958 1965 2023 ἔτι
2014 1959 2159 2024 εἶναι
2192 1961 2411 2030 ἐνδεεῖς
2456 1963 2791 2034 λυποῦνται,
2838 1957 2943 2020 οὐκ
2987 1958 3083 2020 ἐπὶ

573 2068 652 2146 τῷ
701 2063 1040 2148 τρέφεσθαι.

567 2301 734 2365 XIII.
798 2297 956 2367 (Ότι
990 2301 1078 2382 μὴ
1115 2299 1377 2382 ὁμοίως
1409 2300 1583 2361 κατά
1610 2323 1680 2360 τε
1711 2301 1828 2370 τὰς
1860 2301 2076 2368 ἄλλας
2106 2301 2419 2384 αἱρέσεις
2449 2301 2559 2362 καὶ
2594 2297 2737 2362 κατ’
2772 2295 3082 2362 Ἐπίκου-
3112 2313 3167 2355 ιο

566 2427 680 2486 ρον
711 2403 1068 2484 εἰσάγεται
1101 2402 1181 2464 τὰ
1212 2403 1583 2486 χρώματα,
1617 2405 1706 2470 ὡς
1737 2400 1980 2484 ἔλεγεν
2007 2399 2462 2484 Κηνσωρῖνος
2488 2399 3081 2486 ὁἈκαδημαικός.

459 2594 527 2641 20
721 2571 863 2638 ’Ότι
921 2575 1001 2656 μὴ
1060 2573 1278 2655 ὁμοίως
1339 2571 1468 2635 κατ’
1517 2569 1851 2655 Ἐπίκουρον
1908 2574 2197 2654 εἰσάγεται
2248 2573 2321 2634 τὰ
2373 2575 2693 2657 χρώματα,
2754 2575 2837 2640 ὥς
2888 2569 3083 2652 ἔλεγέν
3114 2587 3166 2629 15

560 2699 644 2745 τις
686 2677 1111 2760 παριστάμενος
1155 2675 1335 2738 αὐτοῦ
1380 2679 1456 2758 τῇ
1491 2674 1655 2758 δόξῃ,
1700 2677 1794 2739 καὶ
1841 2676 1991 2740 κατὰ
2038 2676 2139 2744 τὰς
2184 2674 2366 2743 ἄλλας
2406 2674 2673 2758 αἱρέσεις.
2745 2675 2777 2736 ὁ
2825 2675 2929 2756 μὲν
2975 2674 3083 2758 γὰρ

561 2777 622 2840 ἐν
666 2783 788 2847 τοῖς
817 2778 1146 2862 στοιχείοις,
1193 2774 1285 2860 (ἃ)
1336 2777 1529 2860 ἀρχὰς
1574 2778 1911 2841 ὑποτίθεται
1956 2783 2071 2838 τῶν
2104 2779 2399 2852 ἁπάντων,
2444 2777 2611 2840 οὐδὲν
2643 2775 2860 2839 τούτων
2906 2778 3082 2860 φησὶν

561 2878 734 2956 εἶναι,
789 2878 926 2944 καθ’
983 2878 1082 2948 οὓς
1125 2881 1190 2942 δὲ
1243 2887 1510 2966 στοιχεῖα
1563 2882 1634 2943 τὰ
1680 2879 1963 2962 τέσσαρα,
2023 2879 2175 2943 κατὰ
2220 2881 2457 2949 τούτους
2500 2879 2561 2942 ἐν
2606 2884 2726 2948 τοῖς
2771 2879 3165 2964 στοιχείοιςῦθ

561 2983 714 3045 ἐστὶν
759 2983 855 3045 καὶ
899 2986 1101 3045 ταῦτα.
1195 2983 1284 3045 διὸ
1331 2983 1479 3044 κατὰ
1526 2983 1629 3063 μὲν
1675 2981 1912 3049 τούτους
1968 2981 2033 3043 ἐκ
2080 2983 2579 3067 προϋπαρχόντων
2626 2981 2960 3066 χρωμάτων
3005 2982 3082 3063 γί-

457 3105 525 3154 25
565 3085 722 3148 νεταί
761 3108 888 3148 τινα
933 3087 1244 3168 χρώματα,
1293 3084 1428 3147 καθ’
1471 3085 1536 3148 ὃν
1583 3085 1646 3148 δὲ
1693 3084 1775 3166 μὴ
1817 3081 1969 3145 ἔστιν
2015 3084 2075 3145 ἐν
2121 3090 2243 3153 τοῖς
2289 3085 2600 3170 στοιχείοις
2642 3087 2842 3158 ταῦτα,
2889 3083 2957 3146 ἐκ
2996 3085 3077 3167 μὴ

562 3186 1060 3272 προϋπαρχόντων
1114 3189 1152 3269 ἡ
1208 3187 1431 3269 γένεσις
1479 3187 1692 3250 αὐτῶν.
1798 3190 1881 3253 ὥς
1933 3183 2063 3260 οὖν,
2129 3188 2181 3248 εἰ
2235 3187 2485 3249 ὑπέθετό
2547 3209 2634 3254 τις
2682 3184 2873 3267 ἄτομα
2934 3183 3080 3247 εἶναι

560 3293 805 3372 σώματα
859 3288 1050 3374 ἀρχὰς
1107 3291 1222 3350 τῶν
1283 3287 1492 3367 ὄντων,
1550 3290 1630 3372 μὴ
1691 3287 1865 3371 μόνον
1923 3287 2139 3372 ἔχοντα
2193 3289 2473 3372 σχήματα
2532 3289 2627 3350 καὶ
2685 3287 2931 3369 μέγεθος
2984 3289 3082 3350 καὶ
3108 3302 3162 3344 25

556 3393 905 3466 ἀντιτυπίαν,
951 3391 1102 3453 ἀλλὰ
1147 3392 1242 3454 καὶ
1275 3397 1510 3474 χρῶμα,
1557 3392 1671 3475 οὐχ
1721 3390 1728 3475 Ι
1777 3391 1997 3474 ὁμοίως
2042 3391 2193 3452 κατά
2241 3413 2303 3452 τε
2343 3394 2545 3453 τοῦτον
2591 3392 2629 3472 ἡ
2676 3395 2793 3452 τῶν
2839 3392 3079 3474 χρωμά-
3118 3399 3185 3454 53

557 3517 674 3557 των
703 3493 924 3575 γένεσις
967 3492 1064 3574 (ἐκ
1097 3495 1577 3578 προϋπάρχοντος
1621 3493 1730 3575 γὰρ
1763 3495 2077 3576 χρώματος
2124 3493 2220 3554 καὶ
2256 3491 2417 3561 ὄντος
2461 3493 2521 3555 ἐν
2569 3497 2689 3561 τοῖς
2718 3492 3079 3576 στοιχείοις),

449 3616 520 3664 30
559 3597 655 3660 καὶ
699 3594 836 3658 καθ’
877 3595 942 3658 ὃν
989 3595 1058 3657 τὰ
1105 3592 1297 3676 ἄτομα
1343 3599 1526 3656 ταῦτα
1572 3599 1838 3679 στοιχεῖα
1883 3594 1990 3658 οὐκ
2036 3592 2165 3679 ἔχει
2214 3599 2450 3679 χρῶμα,
2497 3595 2684 3664 οὕτως
2726 3593 2851 3657 οὐδ’
2893 3595 2945 3657 εἰ
2992 3596 3073 3678 μὴ

555 3699 750 3782 ἄτομά
793 3719 879 3766 τις
921 3697 992 3760 τὰ
1024 3699 1289 3780 στοιχεῖα
1319 3697 1496 3778 λέγοι,
1541 3696 1697 3779 λέγοι
1746 3696 1812 3759 δὲ
1856 3696 1927 3758 τὰ
1968 3696 2223 3780 τέσσαρα
2266 3699 2354 3780 τῷ
2398 3697 2459 3758 ἐν
2490 3697 2713 3766 τούτοις
2756 3695 2901 3760 εἶναι
2934 3699 3079 3781 μετὰ
3133 3715 3161 3758 5

450 3964 472 4013 1
517 3959 737 4028 ἐναντία]
775 3960 996 4013 ἐναντίον
1035 3979 1066 4012 a
1102 3961 1191 4028 Sp.
1431 3959 1462 4011 6
1511 3967 1759 4012 πεινῶντα
1804 3973 1934 4011 corr.
1975 3975 2039 4011 ex
2076 3965 2299 4011 πινῶντα
2337 3964 2385 4009 V
2624 3961 2655 4012 8
2693 3961 2901 4032 τοιαύτῃ
2940 3965 3011 4014 Β2
3048 3967 3186 4018 coni.

442 4047 564 4116 Sp.:
603 4047 736 4119 αὺτῇ
787 4047 906 4100 libri
1162 4045 1222 4098 12
1265 4053 1543 4103 πεινῶντας
1578 4047 1724 4099 Bw:
1765 4053 2015 4103 πινῶντας
2054 4048 2148 4097 V¹:
2189 4047 2451 4103 πεινόντας
2487 4049 2553 4099 F:
2592 4049 2853 4106 πείνοντας
2888 4053 2985 4103 Sa:
3022 4053 3185 4104 πίνον-

445 4154 536 4194 τας
565 4141 606 4188 1,
778 4133 838 4186 13
876 4131 1038 4202 οὕτω]
1077 4133 1135 4186 οὒ
1171 4140 1275 4185 τῶν
1303 4135 1373 4185 V¹
1401 4135 1554 4199 (corr.
1579 4135 1669 4200 V²)
1833 4134 1958 4186 εἶναι
1995 4133 2133 4184 ἐνδεᾶ
2172 4134 2291 4200 Sp.:
2332 4133 2455 4186 εἶναι
2492 4133 2705 4200 ἔνδεβββα
2732 4139 2804 4186 V:
2844 4137 2889 4189 εἶ
2923 4137 3084 4191 ἐνδεία
3112 4142 3183 4192 G:

446 4224 572 4275 εἶναι
619 4221 780 4274 ἔνδεια
822 4223 1013 4274 FSLa:
1071 4220 1229 4273 ἐνδεία
1265 4224 1334 4273 B:
1389 4220 1442 4272 ἐν
1489 4221 1649 4273 ἐνδεία
1685 4219 1756 4273 Β2
1978 4221 2039 4272 15
2078 4219 2295 4290 κνῆσθαι
2333 4221 2427 4272 V¹:
2468 4220 2684 4274 κνᾶσθαι
2722 4222 2863 4276 V²B2
2906 4223 3185 4293 κνήθεσθαι

447 4312 614 4363 GFSa
650 4311 798 4374 (item
839 4325 886 4359 v.
913 4309 968 4374 7)
1181 4307 1476 4376 λυποῦνται]
1518 4308 1576 4360 λυ
1614 4310 1670 4361 in
1707 4307 1785 4360 lit.
1813 4312 1862 4358 V
2086 4307 2145 4358 16
2185 4308 2379 4378 ὥσπερ]
2418 4307 2553 4361 οὕτω
2580 4327 2613 4360 a
2640 4309 2731 4377 Sp.
2954 4313 3015 4364 18
3054 4314 3185 4385 αἱρέ-

445 4414 546 4456 σεις
581 4413 682 4450 om.
725 4399 787 4457 V,
825 4397 918 4448 sed
955 4397 1168 4450 exhibet
1205 4396 1386 4448 tabula
1598 4396 1666 4447 20
1711 4394 1985 4465 χρώματα]
2025 4413 2089 4447 τα
2126 4397 2181 4447 in
2224 4397 2299 4448 lit.
2338 4402 2386 4448 V
2601 4397 2667 4448 22
2706 4397 2759 4449 ἐν
2800 4400 2961 4450 VBF:
3002 4399 3091 4452 οὖν
3130 4401 3183 4452 ἐν

445 4485 542 4538 S²a
567 4484 680 4552 Sp.:
719 4483 816 4536 οὐκ
853 4483 904 4535 ἐν
941 4486 1032 4537 GL
1235 4484 1494 4555 στοιχείοις
1532 4483 1608 4546 (ἃ)
1646 4483 1804 4554 ἀρχὰς
1840 4483 2051 4551 scripsi:
2093 4484 2359 4551 στοιχείοις
2394 4485 2553 4556 ἀρχὰς
2591 4485 2892 4538 V¹S¹GFL2
2930 4485 3183 4554 (ἀτόμοις)

445 4571 706 4644 στοιχείοις
739 4569 907 4640 (ἅπερ)
945 4571 1103 4642 ἀρχὰς
1143 4569 1357 4624 V²S²Ba
1399 4572 1489 4638 Sp.
1707 4571 1772 4622 25
1833 4568 1889 4621 ὃν
1934 4571 2145 4623 v²Bs²a
2186 4571 2301 4638 Sp.:
2360 4571 2387 4622 δ
2427 4573 2701 4626 V¹GFS¹L
2914 4579 3073 4626 ταῦτα
3124 4577 3181 4628 in

443 4660 520 4711 lit.
550 4662 595 4710 V
775 4658 833 4710 ἐκ
872 4658 941 4728 μὴ
972 4661 1093 4710 VB:
1131 4657 1190 4709 ἐκ
1215 4661 1327 4710 FL:
1368 4658 1463 4710 οὐκ
1501 4659 1560 4709 ἐκ
1592 4659 1662 4710 Sa
1689 4657 1776 4724 Sp.
1960 4657 2027 4708 26
2068 4657 2137 4715 ὡς
2175 4659 2231 4709 in
2272 4659 2346 4709 lit.
2374 4661 2418 4711 B
2449 4660 2582 4710 Vict.
2612 4659 2725 4726 Sp.=
2774 4665 2885 4716 πῶς
2911 4664 3085 4713 VFLa

443 4745 510 4796 ‘27
551 4745 789 4817 σχήματα
817 4746 911 4796 V¹=
949 4751 1122 4817 σχῆμα
1161 4745 1403 4799 v²GSLa
1439 4746 1527 4813 Sp.
1744 4745 1813 4797 30
1852 4741 1964 4800 οὔδ’
2004 4746 2047 4800 εἰ
2085 4747 2373 4800 v·-'GFBSa
2397 4747 2521 4820 Sp.:
2562 4745 2619 4799 οὺ
2658 4745 2731 4804 δεῖ
2764 4751 2835 4798 L:
2877 4747 2991 4805 οὐδὲ
3022 4751 3089 4801 V¹

443 4833 506 4886 31
551 4831 686 4910 λέγοι
722 4833 877 4885 semel
917 4851 950 4890 a
1163 4834 1258 4908 τῷ]
1299 4833 1516 4886 fortasse
1555 4834 1644 4892 καὶ
