3684 5567
1525 254 2067 308 ADDITAMENTUM
3012 259 3154 298 xuu

458 424 519 476 13
557 423 973 496 αὐτῶν-κτήσει
1013 441 1114 480 om.
1187 425 1255 480 25
1291 426 1350 479 τὸ
1385 427 1620 481 ἀκούσιον
1666 432 1756 481 τοῦ
1800 428 2031 481 ἑκουσίου
2092 428 2158 482 27
2196 427 2356 499 γένος]
2394 427 2526 485 τινὸς
2584 426 2651 479 29
2688 427 2739 480 ἐν
2810 427 2879 480 30
2913 427 2945 496 ή
2984 443 3084 480 om.
3126 425 3150 496 Η

449 511 598 582 διπλῆ
640 509 664 582 Η
705 514 920 586 ἑκατέρᾳ
987 513 1073 568 30.
1110 513 1174 568 31
1214 515 1556 582 ἀντικειμένου
1597 516 1690 585 γὰρ
1762 515 1825 568 31
1868 515 1900 585 ἢ
1980 515 2126 580 132,7
2160 516 2240 568 ἐπὶ
2264 533 2308 570 e.
2334 532 2375 568 s.
2404 513 2429 586 Η
2458 519 2636 568 τοῦτον
2707 515 2741 568 8
2777 515 2942 584 μέσειν
3009 513 3070 567 12
3096 513 3155 566 τὸ

451 616 651 670 σημαιν.
719 601 780 652 14
805 599 860 652 ὃν
887 616 986 654 om.
1013 617 1056 655 e.
1083 619 1125 655 s.
1189 603 1252 655 16
1286 600 1344 655 τὸ
1405 602 1467 655 21
1508 599 1714 677 ὅτι-ᾖ]
1752 601 1778 654 ὃ
1803 603 1863 656 τὸ
1888 604 1973 674 ἐνῇ
2036 603 2103 656 24
2140 605 2229 673 μὲν
2265 604 2359 676 γὰρ
2383 620 2427 656 o.
2454 619 2495 656 s.
2557 603 2623 657 25
2660 603 2869 672 λέγομεν
2910 601 2935 672 Η
2977 601 3029 654 δὲ
3064 605 3157 653 τοῦ

451 687 519 740 28
564 705 652 740 του
730 687 798 740 32
845 691 1108 761 πράττοντι
1157 688 1182 761 Η
1232 691 1519 762 πρόσκειται
1599 691 1667 744 33
1714 691 1771 743 ὃν
1817 707 1919 744 om.
1998 691 2155 754 133‚4
2198 692 2522 762 ἡττωμένους
2568 689 2594 762 Η
2644 689 2799 760 αὐτῆς
2877 690 2909 743 8
2947 690 3158 758 κινήσας

455 776 520 828 10
555 775 750 846 ποιήσει
786 775 811 846 Η
851 775 1046 846 συνήθη
1107 775 1170 830 21
1211 778 1344 831 κατὰ
1415 777 1484 830 24
1529 778 1807 848 ἐνεργείαις,
1853 774 1929 847 ἐφ’
1970 778 2043 830 ὧν
2088 781 2236 842 (corr.
2273 780 2331 832 in
2369 778 2463 844 αἶς)
2500 779 2717 847 γίνονται
2788 777 2853 830 25
2899 778 2989 835 τὰς
3012 775 3158 844 -γί-

446 881 616 916 νονται
651 879 752 917 om.
821 863 889 916 28
933 864 1092 917 ταύτὰ
1160 863 1223 918 31
1264 863 1595 935 περιγίνεσθαι
1632 882 1676 919 ο.
1705 881 1748 918 s.
1826 864 1978 929 134,1
2021 864 2129 922 ἑνὸς
2165 880 2265 918 om.
2306 863 2329 936 Η
2372 864 2661 937 ἀδιαφόρων
2734 865 2767 918 8
2803 863 2961 918 τῶνδε
2996 862 3156 916 τῶνδε

445 957 550 1003 τῶν
624 951 778 1004 8-9
824 952 896 1009 ὡς
916 981 979 990 -
1000 952 1202 1023 ἡδοναῖς
1244 967 1343 1005 om.
1420 953 1484 1006 10
1529 951 1799 1025 φθαρτικά.
1855 955 1943 1006 καὶ
2038 953 2099 1006 13
2136 953 2459 1024 αἱρετώτεραι
2498 951 2524 1024 Η
2564 955 2831 1024 ποιήσασαι
2919 953 2981 1004 14
3020 951 3155 1020 ἐνερ-

447 1045 595 1109 γειῶν
640 1045 744 1092 τῶν
789 1055 888 1093 om.
975 1040 1038 1093 18
1083 1040 1170 1108 είς]
1209 1037 1285 1093 ἐπ’
1373 1040 1442 1094 20
1487 1042 1530 1094 εἰ
1568 1057 1612 1094 e.
1650 1057 1692 1094 s.
1745 1040 1770 1111 Η
1828 1041 1879 1094 αἱ
1928 1057 2027 1094 om.
2077 1058 2121 1094 e.
2164 1057 2204 1094 s.
2288 1041 2354 1094 25
2392 1043 2532 1112 φέροι
2613 1041 2698 1095 30.
2742 1041 2805 1094 31
2864 1039 3159 1108 δυνήσονται

447 1127 510 1180 31
551 1125 870 1200 χωρήσεσθαι
947 1127 1107 1193 135,2
1144 1127 1272 1197 αὕτη
1307 1129 1390 1181 ἀπ.
1464 1127 1495 1178 7
1525 1128 1743 1198 ἑκάστην
1781 1144 1823 1182 e.
1853 1145 1893 1181 s.
1976 1128 2009 1198 ἠ
2046 1134 2247 1200 πρῶτον
2284 1130 2373 1197 μὲν
2412 1130 2509 1182 εἶεν
2545 1136 2651 1187 ταῖς
2739 1127 2801 1181 15
2838 1146 2892 1180 τε
2928 1129 3015 1180 καὶ
3050 1133 3159 1183 ταῖς

447 1233 492 1268 ε.
521 1231 561 1268 s.
631 1215 693 1268 18
729 1215 781 1267 ἐν
814 1213 947 1284 ταῖς]
986 1214 1156 1273 αὐταῖς
1226 1215 1294 1269 20
1331 1217 1384 1268 αἱ
1419 1231 1518 1268 om.
1556 1233 1599 1268 e.
1627 1231 1667 1268 s.
1709 1213 1735 1286 Η
1775 1216 1951 1286 ἄριστα
1990 1214 2015 1285 Η
2057 1217 2283 1288 ἑκατέρῳ
2344 1217 2412 1270 28
2450 1216 2538 1270 οὖν
2589 1232 2691 1268 om.
2762 1216 2847 1269 31.
2884 1214 2953 1268 32
3000 1230 3158 1285 παρα-

448 1303 674 1357 κέκλιται
751 1303 936 1368 136‚10
960 1301 1301 1372 αἰσθανόμεθα
1327 1319 1426 1356 om.
1495 1304 1553 1357 17
1581 1303 1613 1372 ἠ
1640 1318 1740 1356 om.
1766 1321 1808 1356 ο.
1835 1319 1879 1357 s.
1907 1301 1933 1374 Η
1964 1310 2069 1356 τῶν
2094 1303 2288 1370 αὐτῶν]
2320 1303 2519 1358 τοῦτων
2577 1304 2647 1358 20
2680 1303 2873 1357 τοιοῦδε
2938 1303 3004 1355 24
3028 1299 3155 1369 τῶν]

445 1391 504 1445 τὸ
564 1392 630 1445 25
669 1390 1020 1444 συντεινόντων
1081 1389 1148 1443 26
1185 1390 1241 1444 δὲ
1276 1393 1364 1445 καὶ
1402 1388 1427 1463 Η
1470 1389 1596 1445 αὒτὸ
1671 1390 1929 1458 137,6-8
1966 1393 2371 1462 ὧς-γινομένας
2406 1408 2505 1445 om.
2571 1393 2637 1446 10
2671 1398 2771 1444 πᾶν
2847 1391 2912 1445 14
2947 1391 3034 1444 alt.
3073 1391 3160 1442 καὶ

445 1496 546 1533 om.
583 1497 626 1534 ο.
663 1496 704 1533 s.
745 1478 772 1548 Η
819 1483 896 1549 τῷ
933 1479 1013 1549 ἀγ.
1080 1481 1142 1532 16
1179 1479 1242 1548 δὴ
1318 1479 1379 1532 18
1417 1479 1623 1536 ἐκείνοις
1659 1495 1760 1532 om.
1799 1478 1825 1549 Η
1868 1480 1941 1532 ἔτι
1978 1495 2076 1532 om.
2150 1481 2219 1534 20
2252 1479 2385 1553 λυπη
2424 1482 2559 1534 ἔσται
2629 1481 2697 1534 22
2734 1477 2987 1547 ἐπαινετὰ]
3024 1476 3161 1530 ἔσται

445 1567 676 1636 δυνάμεις
735 1567 802 1619 24
826 1585 881 1621 τε
909 1582 1009 1619 om.
1072 1567 1136 1620 26
1161 1565 1290 1637 αὕτη
1354 1567 1420 1620 28
1447 1567 1664 1637 ἐνέργεια
1725 1568 1790 1620 29
1817 1572 1935 1636 γοῦν
1997 1567 2065 1621 32
2092 1564 2219 1620 ὥστ’
2248 1569 2279 1639 ἡ
2322 1567 2346 1638 Η
2391 1567 2545 1640 ἡδονὴ
2607 1568 2673 1620 33
2708 1567 2915 1638 πρώτου
2975 1565 3042 1618 36
3068 1565 3158 1618 alt.

446 1654 500 1708 δὲ
537 1671 634 1708 om.
703 1654 853 1718 138‚3
885 1655 1032 1707 αὐταὶ
1103 1655 1133 1708 5
1170 1655 1223 1707 ἐν
1261 1659 1323 1726 τῆ
1363 1654 1492 1725 αὸτῆ
1530 1656 1678 1729 χώρα
1742 1657 1798 1708 ll
1841 1654 1965 1708 αὐτὸ
1996 1653 2021 1727 Η
2064 1657 2218 1724 μόνον
2255 1657 2333 1725 εἴη
2370 1655 2449 1726 ἠδ.
2514 1655 2578 1707 12
2615 1655 2809 1726 αἱρετὸν
2844 1655 2931 1707 καὶ
2958 1653 2983 1724 Η
3024 1652 3162 1706 ἔσται

446 1743 562 1796 coll.
601 1748 734 1810 post.
779 1743 947 1795 ἐκεῖνα
1021 1743 1082 1795 14
1129 1742 1326 1814 ἀνδρίαν
1403 1743 1464 1795 17
1505 1742 1565 1795 ἂν
1610 1741 1698 1796 οὖν
1769 1743 1837 1795 24
1877 1743 1928 1795 αἱ
1974 1743 2145 1814 ζημίαι
2223 1744 2288 1796 26
2326 1743 2449 1796 εἶναι
2498 1758 2597 1796 om.
2673 1743 2736 1796 27
2777 1761 2833 1811 γε
2902 1741 2970 1794 28
3008 1740 3162 1798 αὐτὰς

451 1830 602 1896 139,2
637 1828 670 1902 ᾖ
733 1830 766 1883 3
801 1830 896 1901 ἡδὺ
934 1828 960 1882 ὃ
1026 1831 1060 1883 8
1095 1831 1276 1884 ἑαυτοῦ
1346 1831 1408 1884 10
1443 1831 1496 1884 δὲ
1534 1847 1633 1885 om.
1702 1832 1764 1884 12
1799 1829 2175 1902 ἐρυσθαίνεσθαι
2242 1831 2304 1885 13
2341 1831 2599 1902 γινόμενον
2626 1832 2699 1884 ἔτι
2764 1830 2826 1884 15
2862 1831 2913 1883 αἱ
2948 1829 3074 1900 ἡδῆς
3108 1829 3161 1881 αἱ

444 1918 618 1988 ἡδοναί
691 1919 753 1971 19
789 1917 1476 1988 ἡδοναὶ-σπουδαζομένων
1524 1934 1623 1972 om.
1696 1920 1757 1972 21
1797 1919 1930 1989 λυπῆ
2006 1921 2073 1972 22
2111 1919 2280 1973 ἄλλων
2340 1919 2409 1972 23
2446 1919 2601 1988 αὐτῆς
2672 1919 2737 1972 25
2776 1919 2870 1972 εἶεν
2918 1917 2977 1970 ἂν
3016 1917 3041 1988 Η
3084 1917 3162 1985 τῷ

447 2005 564 2060 εἴδει
587 2021 689 2058 om.
753 2005 818 2058 26
856 2007 950 2076 τὴν
975 2021 1074 2058 om.
1105 2003 1130 2077 Η
1171 2006 1326 2078 ἠδονῆ
1358 2005 1382 2077 Η
1413 2004 1632 2078 ἡσθῆναι
1692 2006 1762 2060 30
1795 2008 2043 2080 χρήσιμον
2106 2008 2169 2061 31
2210 2007 2402 2078 ἀναιρεῖ
2425 2006 2483 2060 τὸ
2550 2007 2700 2074 140,2
2737 2005 2787 2059 δὲ
2816 2022 2914 2059 om.
2978 2006 3010 2058 3
3036 2004 3157 2074 ἔχον

447 2109 546 2146 om.
605 2094 639 2145 4
667 2093 808 2146 ἐάσαι
866 2093 899 2146 5
936 2092 1018 2161 τὸ]
1045 2099 1196 2146 τοῦτο
1255 2095 1286 2147 6
1327 2094 1353 2148 ὃ
1380 2095 1439 2147 τὸ
1507 2097 1563 2148 11
1605 2095 1662 2148 τὸ
1727 2096 1788 2149 18
1825 2097 1964 2164 μένει
1992 2095 2015 2167 Η
2047 2094 2073 2148 ὃ
2099 2099 2175 2166 τῷ
2236 2096 2306 2149 20
2338 2103 2442 2154 τοῖς
2467 2111 2566 2148 om.
2619 2097 2681 2149 21
2718 2093 2903 2148 τοΰτου
2954 2093 3019 2147 22
3044 2092 3161 2147 οὑδὲ

445 2182 502 2236 τὸ
539 2181 670 2252 πρὸς
725 2182 791 2234 24
829 2181 905 2234 δεῖ
959 2181 1025 2234 27
1061 2181 1150 2252 ἥδε
1186 2182 1306 2244 δόξα
1367 2183 1434 2236 28
1470 2191 1832 2257 συναναιρεῖται
1893 2183 1954 2237 31
1996 2185 2162 2236 πάντα
2239 2183 2385 2251 141,7
2427 2201 2480 2251 γε
2516 2183 2794 2254 ἐπιστήμης
2856 2181 2889 2234 8
2927 2181 3003 2252 εἴη
3042 2182 3161 2252 ἡμῖν

448 2269 478 2323 9
515 2271 662 2340 ἐσμὲν
699 2270 752 2322 δὲ
788 2269 1048 2340 ἅνθρωποι
1085 2285 1186 2323 om.
1252 2270 1330 2324 10.
1365 2273 1421 2324 11
1463 2271 1741 2344 ἐπιστήμην
1767 2289 1822 2324 τε
1859 2273 1945 2324 καὶ
1982 2268 2222 2341 ἀλήθειαν
2248 2267 2364 2324 οὔτε
2431 2272 2487 2323 11
2528 2271 2581 2322 ἐν
2617 2277 2722 2329 τοῖς
2746 2286 2843 2323 om.
2908 2269 2977 2322 20
3012 2269 3163 2338 φησὶν

445 2357 566 2411 αὐτὸ
603 2358 725 2410 εἶναι
761 2357 932 2411 λοιπόν
995 2358 1078 2410 20.
1107 2359 1167 2410 21
1208 2358 1271 2429 δὴ
1308 2357 1426 2429 τὴν]
1465 2359 1546 2412 διὰ
1582 2357 1640 2411 τὸ
1706 2361 1767 2412 21
1809 2357 2169 2419 τὸν-ἀδοξίας
2206 2373 2306 2410 om.
2370 2358 2436 2410 27
2472 2361 2565 2428 τῆς
2602 2373 2701 2411 om.
2764 2357 2831 2410 32
2870 2357 3039 2415 αὐτοῖς
3076 2354 3163 2408 αὖ·

445 2454 549 2503 τοῖς
614 2446 773 2509 142,3
815 2445 1170 2500 ἀποκέκλειται
1227 2446 1264 2498 4
1310 2445 1409 2499 ἔδει
1469 2447 1500 2499 6
1547 2446 1707 2516 φόβος
1750 2463 1850 2500 om.
1920 2447 1951 2499 7
1990 2446 2143 2499 αὒτδν
2205 2447 2253 2498 9.
2298 2445 2362 2499 10
2412 2445 2657 2515 νομείζων
2736 2448 2798 2498 14
2836 2441 2921 2497 ἐπ’
2970 2442 3163 2509 αὺτοῖς]

446 2534 640 2592 ἑαυτοῖς
704 2534 767 2586 18
803 2529 890 2587 ἐπ’
929 2533 1086 2602 αὐτῆς
1147 2533 1212 2586 25
1251 2534 1311 2586 ἔκ
1360 2553 1414 2587 τε
1453 2538 1541 2587 τοῦ
1608 2535 1768 2600 143,5
1805 2553 1935 2606 αυτη
1997 2533 2029 2585 9
2066 2535 2099 2604 ἠ
2168 2534 2229 2587 12
2264 2533 2297 2603 ή
2346 2532 2443 2587 οὒκ
2517 2535 2583 2586 22
2620 2533 2662 2586 εἰ
2708 2549 2806 2586 om.
2845 2550 2889 2586 e.
2916 2549 2957 2585 8.
3024 2529 3090 2584 26
3128 2532 3161 2603 ή

447 2637 547 2674 om.
609 2623 672 2675 27
715 2620 904 2691 μᾶλλον
932 2621 989 2674 ἂν
1022 2620 1048 2691 Η
1077 2622 1293 2694 ἐνεργείᾳ
1354 2623 1420 2675 28
1457 2622 1668 2693 ἐνεργεῖν
1733 2623 1796 2674 29
1824 2619 1953 2695 αὕτη
2015 2622 2074 2675 31
2106 2620 2480 2689 ἀνεμποδίστως
2555 2621 2705 2687 144,4
2732 2621 2821 2674 οὖν
2847 2636 2947 2673 om.
3004 2620 3035 2672 6
3061 2619 3165 2672 ἐνέ-

445 2709 596 2771 δειξα.
657 2709 716 2762 τὸ
762 2709 841 2763 δια
884 2713 1034 2764 τοῦτο
1078 2729 1132 2762 τε
1201 2709 1234 2762 8
1279 2712 1424 2783 χάριν
1469 2715 1560 2780 τῆς
1603 2711 1655 2782 ἡ.
1723 2710 1787 2763 10
1831 2728 1887 2780 γε
1962 2710 2023 2763 16
2070 2709 2151 2762 διὰ
2195 2711 2285 2768 τὰς
2330 2724 2431 2762 om.
2484 2707 2508 2780 Η
2562 2709 2615 2762 ἐν
2660 2716 2768 2767 ταῖς
2818 2707 2843 2779 Η
2896 2699 3158 2777 γινομένας

449 2799 514 2852 22
549 2796 746 2851 τοΰτων
807 2797 873 2851 25
909 2795 1352 2869 παραμυθούμενοι
1413 2797 1484 2850 30
1518 2797 1670 2850 αὐτὸν
1748 2799 1894 2863 145,1
1942 2794 2002 2850 δι’
2043 2797 2198 2867 αὐτῆς
2260 2798 2291 2850 2
2328 2796 2530 2869 ἔχοντες
2591 2798 2622 2851 6
2659 2795 2691 2868 ἢ
2732 2797 2774 2850 εἰ
2812 2797 2881 2868 μὴ
2944 2796 2975 2848 9
3014 2795 3161 2848 ἔλατ-

445 2905 532 2940 τον
579 2886 788 2956 αἰσχρὰν
833 2885 904 2943 ὡς
949 2885 1091 2937 οὒδὲν
1141 2885 1349 2937 ἕκαστον
1391 2883 1418 2956 Η
1467 2884 1659 2956 αἱρετὸν
1728 2885 1790 2938 10
1832 2885 1959 2955 αὐτὴ
2003 2883 2027 2955 Η
2081 2885 2458 2957 παρασκευάζον
2525 2886 2583 2938 11
2624 2885 2747 2937 εἶναι
2782 2886 2814 2955 ή
2883 2883 2945 2937 13
2983 2883 3015 2954 ἡ
3055 2897 3159 2935 om.

452 2975 512 3028 16
547 2973 607 3026 τὸ
671 2974 740 3026 20
775 2972 824 3024 αἱ
872 2989 972 3026 om.
1020 2971 1045 3042 Η
1099 2972 1149 3024 αἱ
1195 2971 1344 3024 αὗται
1415 2971 1480 3024 26
1517 2971 1774 3031 ἀπιθανῶς
1818 2970 1847 3043 Η
1902 2973 1949 3024 οἱ
1994 2987 2138 3042 συγχ.
2204 2973 2269 3024 27
2306 2971 2770 3042 παρεσκευασμένον
2831 2970 2894 3024 31
2947 2970 3158 3042 τερπνὸν

452 3060 599 3126 146,7
636 3065 818 3113 κακῶν
857 3058 882 3130 Η
924 3059 1140 3132 λυπηραὶ
1205 3061 1266 3113 15
1303 3060 1493 3132 αἱρεταὶ
1554 3059 1622 3113 20
1657 3060 1749 3130 τὴν
1787 3075 1890 3113 om.
1916 3077 1959 3112 ο.
1989 3075 2030 3112 s,
2072 3058 2097 3130 Η
2139 3060 2219 3113 διὰ
2280 3060 2346 3112 24
2383 3077 2436 3128 φ.
2475 3077 2602 3112 κοιν.
2666 3059 2731 3112 26
2768 3059 2940 3131 αἱρετὰ
3002 3059 3069 3112 28
3108 3058 3160 3110 ἐν

447 3148 619 3207 αὐταῖς
679 3149 746 3202 29
771 3144 837 3202 δι’
865 3148 1034 3200 αὐτῶν
1067 3147 1092 3218 Η
1122 3149 1338 3218 ἑκάστης
1397 3147 1466 3200 30
1501 3147 1652 3218 ἀρετή
1681 3145 1706 3218 Η
1735 3146 1864 3218 αὕτη
1942 3149 2087 3212 147,1
2128 3147 2191 3218 ἠν
2253 3148 2287 3200 4
2324 3143 2401 3200 ἐπ’
2428 3146 2571 3216 αὒτῴ
2627 3147 2659 3200 5
2698 3147 2771 3205 ὡς
2806 3146 2940 3200 οἰκία
3002 3147 3064 3199 12
3103 3165 3159 3199 τε

447 3253 546 3290 om.
612 3235 674 3289 13
711 3235 903 3306 αἱρετὸν
965 3237 1032 3289 22
1067 3235 1319 3289 τουτέστιν
1383 3236 1446 3288 27
1487 3235 1538 3288 ἐν
1561 3243 1667 3293 τοῖς
1728 3236 1794 3289 28
1831 3235 2071 3288 κοινωνία
2130 3235 2200 3287 30
2236 3233 2523 3306 ἀνθρώπων
2601 3235 2757 3300 148,1
2798 3250 2873 3303 pr.
2912 3239 3017 3286 τῶν
3057 3248 3157 3287 om.

447 3324 480 3378 3
517 3323 593 3396 εἴη
630 3324 692 3376 ἂν
727 3341 828 3379 om.
868 3323 893 3394 Η
935 3322 1088 3376 αὑτόν
1150 3323 1183 3375 8
1221 3321 1274 3375 δὲ
1309 3321 1368 3374 τὸ
1436 3323 1500 3375 10
1533 3323 1564 3393 ἡ
1603 3338 1702 3375 om.
1765 3324 1826 3376 21
1870 3321 2011 3381 τέλος
2047 3338 2147 3375 om.
2211 3323 2294 3376 24.
2325 3321 2392 3375 25
2428 3323 2515 3374 καὶ
2551 3322 2736 3374 οἰκεῖον
2795 3323 2860 3375 27
2900 3323 3065 3392 ζητεῖν
3102 3339 3161 3374 τε

448 3412 510 3464 31
550 3431 604 3465 τε
642 3429 686 3464 ο.
721 3428 762 3464 s,
803 3409 828 3482 Η
878 3409 1056 3480 τελείῳ
1135 3411 1293 3476 149,4
1330 3409 1382 3462 δέ
1443 3410 1475 3463 5
1512 3408 1825 3482 ἐπιδέχεσθαι
1866 3409 1889 3480 Η
1942 3409 2091 3480 λόγον
2152 3409 2183 3461 9
2224 3409 2489 3479 ὀρεκτικῆς
2524 3409 2663 3462 αἵτε
2731 3409 2791 3462 13
2837 3407 3159 3481 διανοητικῆς

447 3500 690 3570 ἐνεργείας
743 3499 806 3553 15
834 3500 1020 3568 ἑκάστη
1072 3499 1153 3551 21.
1182 3497 1248 3550 22
1273 3515 1327 3550 τε
1353 3497 1438 3550 καὶ
1467 3496 1681 3568 ἔλλειψις
1739 3498 1807 3551 32
1842 3498 2029 3556 ταύτας
2108 3497 2256 3563 150,5
2294 3498 2383 3550 alt.
2409 3496 2463 3549 δὲ
2489 3512 2589 3548 om.
2653 3495 2685 3549 8
2710 3497 2863 3565 μέσου
2925 3496 2956 3549 9
2984 3497 3159 3570 ἔτυχεν

451 3587 516 3641 10
551 3585 625 3659 εἴη
693 3587 752 3638 17
781 3586 832 3638 αἱ
855 3601 955 3642 om.
1020 3586 1085 3638 24
1112 3582 1274 3644 οὕτως
1298 3583 1572 3655 λεγομένης
1596 3584 1802 3657 λογικῆς
1865 3587 1929 3638 27
1957 3584 2162 3656 λογικόν
2187 3604 2241 3638 τε
2300 3584 2369 3638 33
2396 3584 2448 3638 δὲ
2474 3599 2575 3636 om.
2636 3583 2703 3637 35
2730 3600 2876 3654 φασιν
2938 3584 3004 3638 36
3032 3582 3161 3655 αὕτη

452 3673 602 3740 151,2
637 3674 771 3746 ἔχειν
829 3675 860 3726 7
899 3692 948 3726 τι
983 3671 1010 3725 ὃ
1047 3675 1133 3725 καὶ
1204 3673 1237 3726 8
1273 3671 1460 3742 οὕτως]
1500 3672 1660 3732 ὄντως
1732 3675 1764 3726 9
1801 3673 2235 3746 εὕρεσιν-ἀρχῶν
2272 3689 2371 3727 om.
2461 3675 2523 3726 19
2561 3668 2669 3726 ἀλλ’
2708 3673 2741 3742 ἠ
2780 3688 2825 3725 e.
2852 3689 2895 3724 8.
2969 3673 3035 3726 22
3073 3690 3163 3724 κα-

446 3762 535 3816 λοῦ
572 3762 630 3815 τὸ
703 3761 772 3814 24
807 3761 904 3832 χρὴ
945 3776 1044 3813 om.
1118 3759 1183 3812 27
1221 3759 1254 3828 ἢ
1294 3761 1336 3812 εί
1419 3760 1487 3813 28
1525 3759 1642 3829 ὑμῖν
1717 3763 1782 3814 29
1819 3761 1948 3832 αὐτὴ
2034 3761 2104 3815 30
2141 3761 2284 3814 οὐδὲν
2358 3761 2443 3814 30.
2480 3761 2546 3813 31
2586 3760 2753 3828 ἐκείνη
2842 3759 2996 3824 152,1
3037 3758 3166 3828 λέγει

449 3853 480 3904 6
519 3851 568 3904 αἱ
607 3865 708 3902 om.
793 3849 823 3900 9
863 3847 1111 3901 συντελεῖν
1196 3849 1258 3901 12
1306 3844 1412 3900 ἀλλ’
1452 3846 1714 3906 ἀπιθάνως
1789 3848 1852 3900 13
1898 3855 2273 3921 συγχωρουσῶν
2351 3849 2412 3900 19
2460 3845 2545 3905 οὖς
2581 3866 2643 3918 ης
2680 3848 2757 3900 sic
2831 3847 2899 3901 20
2947 3853 3057 3906 πῶς
3104 3845 3163 3899 οὗ

449 3936 656 3992 27-28
703 3939 789 3990 καὶ
836 3935 1427 4007 μηδεμιᾶς-ἐνεργείαις
1472 3951 1573 3989 om.
1669 3935 1861 4002 152,35
1912 3935 2057 4005 αὐτό]
2104 3937 2163 3989 τό
2249 3935 2531 3998 153,4-5
2583 3936 2669 3988 καὶ
2714 3935 3013 3989 ἐπὶ-ἀλλὰ
3063 3950 3165 3988 om.

450 4027 484 4080 8
520 4025 680 4095 ταὺτη
744 4026 775 4078 9
812 4023 982 4093 ὅμοιος
1005 4041 1051 4076 ε.
1078 4039 1120 4076 s.
1186 4023 1251 4077 10
1285 4039 1364 4092 pr.
1398 4024 1478 4076 ἐπὶ
1502 4038 1602 4076 om.
1682 4025 1737 4077 11
1780 4042 1833 4076 τε
1873 4039 1973 4076 om.
2041 4024 2103 4076 14
2138 4022 2412 4076 ἀποδίδωσι
2476 4022 2538 4075 16
2576 4023 2837 4096 δεχομένῳ
2915 4025 2973 4077 17
3014 4042 3163 4094 φευκ-

449 4115 538 4168 τέα
579 4112 604 4185 Η
644 4113 704 4166 τὸ
741 4114 890 4183 μέσον
958 4113 1020 4165 18
1057 4112 1110 4164 ἐν
1132 4112 1210 4181 τῷ
1271 4111 1336 4164 23
1375 4119 1506 4165 ποιεῖ
1541 4127 1641 4164 om.
1681 4109 1708 4181 Η
1748 4111 1875 4180 μέσα
1912 4111 2169 4184 σύμμετρά
2206 4129 2259 4163 τε
2332 4109 2398 4164 25
2436 4111 2524 4164 alt.
2568 4111 2622 4164 δὲ
2660 4126 2760 4164 om.
2836 4112 2902 4165 28
2939 4111 3003 4163 τὰ
3038 4110 3166 4163 αὐτὰ

455 4201 600 4266 154,1
641 4206 745 4259 τοῖς
815 4199 848 4252 3
885 4199 1336 4272 προχειριζομένοις
1407 4201 1457 4253 4.
1485 4201 1517 4252 5
1555 4198 1934 4270 φυλασσομένης
2006 4200 2038 4253 5
2077 4200 2364 4272 ἐντυγχάνει
2433 4199 2465 4252 8
2504 4198 2819 4269 φυλάττομεν
2864 4199 2897 4269 ή
2969 4198 2999 4250 9
3039 4194 3161 4251 κατ’

449 4288 576 4342 αὐτὰ
659 4289 720 4341 12
770 4305 847 4357 pr.
896 4288 984 4340 καὶ
1029 4303 1126 4340 om.
1215 4288 1278 4341 16
1324 4305 1374 4340 τι
1451 4288 1510 4340 21
1562 4286 1757 4346 τοΰτοις
1848 4289 1916 4340 24
1963 4285 2151 4340 δεῖσθαι
2230 4286 2312 4339 27.
2353 4287 2420 4339 28
2467 4286 2708 4358 ἑκατέρας
2780 4287 2847 4339 28
2884 4283 3168 4357 ὁρισθέντος

455 4375 612 4438 155,8
649 4382 754 4428 τῶν
799 4375 972 4446 ἄκρων
1049 4377 1111 4429 12
1157 4373 1286 4446 αὕτη
1334 4376 1484 4446 ἀρετὴ
1572 4377 1632 4430 15
1680 4377 1732 4429 ἐν
1780 4391 1881 4428 om.
1958 4375 2021 4428 18
2067 4374 2281 4428 ἐναντίαι
2363 4374 2424 4426 19
2474 4373 2636 4444 δεήσει
2717 4374 2785 4427 20
2831 4370 2938 4427 ἀλλ’
3020 4373 3087 4426 23
3132 4374 3165 4426 ἃ

453 4464 620 4532 μέσως
692 4464 758 4516 24
796 4480 873 4532 pr.
901 4463 1057 4534 ἄκρον
1095 4462 1122 4535 Η
1167 4465 1254 4517 alt.
1293 4463 1470 4535 ἄκρων
1539 4465 1603 4517 26
1641 4462 1826 4516 ταυτὸν
1863 4463 1987 4516 εἶναι
2022 4462 2129 4530 ἅμα
2159 4461 2181 4534 Η
2214 4463 2302 4515 alt.
2327 4463 2451 4515 εἶναι
2488 4477 2589 4515 om.
2652 4461 2715 4514 31
2756 4470 2861 4519 τοῖς
2920 4461 2989 4514 34
3024 4461 3166 4514 οὐδὲν

457 4551 600 4617 156,1
641 4552 810 4620 μέσοις
851 4566 950 4603 om.
996 4549 1020 4621 Η
1068 4553 1199 4604 κατὰ
1235 4553 1418 4623 τέχνην
1496 4551 1529 4604 3
1567 4549 1642 4620 ἐν]
1688 4552 1768 4604 ἐπὶ
1847 4551 1879 4604 6
1914 4549 2036 4603 ἀλλ’
2078 4549 2191 4603 οὐδὲ
2238 4548 2263 4620 Η
2305 4549 2357 4601 δὲ
2398 4564 2498 4602 om.
2580 4549 2611 4600 9
2650 4549 2805 4619 φήσαι
2886 4549 2949 4601 13
2986 4549 3019 4617 ἡ
3063 4563 3164 4600 om.

457 4638 518 4690 16
556 4637 608 4692 δὲ
645 4654 744 4692 om.
813 4638 874 4692 19
913 4639 1102 4713 αἱρεταὶ
1164 4641 1224 4693 21
1265 4639 1690 4708 καταλειπόμενον
1752 4639 1818 4692 25
1856 4637 2101 4709 λεγόμενα
2162 4639 2228 4692 28
2264 4637 2647 4710 ἐπιχαιρεκακία
2716 4636 2783 4690 32
2821 4637 3095 4708 ἁμαρτάνει
3135 4635 3159 4706 Η

451 4743 506 4778 τε
551 4727 614 4780 τὰ
683 4727 751 4780 33
789 4727 979 4796 ὁτιοῦν]
1027 4727 1077 4780 τί
1112 4727 1200 4780 οὖν
1269 4727 1336 4781 35
1373 4730 1460 4780 καὶ
1506 4728 1566 4780 τὸ
1613 4726 1731 4780 δειλ.
1771 4725 1798 4798 Η
1841 4728 2122 4798 μεσότητας
2195 4726 2363 4790 157,2.
2400 4725 2432 4777 3
2470 4723 3027 4794 ἐλλείψεως-ἔλλειψις
3064 4739 3164 4778 om.

455 4814 486 4864 4
523 4812 580 4866 τὸ
617 4815 770 4868 semel
799 4812 825 4885 Η
856 4813 978 4867 εἶναί
1013 4831 1122 4872 πως
1159 4833 1211 4883 μ.
1291 4814 1355 4867 10
1395 4816 1534 4884 γένος
1559 4813 1672 4868 ὅλον
1748 4816 1812 4867 14
1849 4813 1982 4885 ἔχειν
2019 4815 2142 4885 πρὸς
2219 4815 2281 4867 15
2319 4813 2484 4866 εἵπετο
2521 4811 2610 4864 τὸν
2646 4812 2739 4880 μὲν
2812 4812 2881 4866 20
2916 4812 2979 4882 ἠν
3018 4810 3043 4882 Η
3087 4829 3165 4865 τε·
